4222 6374
203 2037 205 2041 .
299 1985 392 2048 tuam
403 1981 575 2044 dioecesim
586 1978 741 2055 exigendi
754 1977 878 2041 habeas
891 1977 1094 2040 facultatem.

303 279 343 344 aa
930 271 1106 334 noncnn
1128 219 1343 334 irrorans.
1376 316 1379 327 .

302 429 1181 530 mmmmmffismmwmm-,
1465 433 1628 523 OEWH

301 529 425 608 tenda,
458 531 589 611 quando
628 529 731 590 multa
774 529 852 588 sunt
890 525 1095 588 senescentis

302 633 411 694 atatis
430 647 472 692 ex
486 627 618 690 defectu
637 623 787 702 corporis
803 623 1011 685 incommoda
1028 636 1094 684 va-

301 729 354 790 ria
375 728 500 803 nuque,
524 739 563 786 ac
583 724 727 785 diversa.
752 719 857 793 Unde,
883 733 983 798 quum
1009 719 1096 782 sicut

302 839 346 886 ex
367 824 462 901 parte
482 823 540 884 tna
564 820 627 882 fuit
640 819 846 897 propositum
865 830 977 879 coram
999 815 1095 878 nobis
1409 815 1444 872 ¹8
1458 813 1593 872 februarii
1608 813 1686 872 liti.

301 921 437 1000 propter
459 911 719 982 invaletudinem
742 915 791 977 tui
816 913 967 991 corporis
986 913 1020 973 in
1041 928 1097 974 se·
1320 937 1492 1003 [Spteiiegium
1507 937 1601 996 then,
1614 936 1668 996 rat,
1682 950 1709 987 ῃ,
1723 934 1775 1001 ω]

302 1019 395 1080 nium
412 1019 483 1095 jam
508 1015 696 1091 Vergffltis’
724 1012 821 1090 pr⁰¹¹t
849 1009 949 1072 d⁹b⁰⁸
975 1025 1095 1119 p⁹r⁸⁰,'
1151 1053 1763 1129 dtepiscopohlaninosinedifdcultatees
1778 1051 1942 1120 exhibeant,

301 1115 424 1176 naliter
448 1113 587 1176 visitare
614 1126 681 1172 non
709 1108 818 1187 possis
848 1110 914 1169 tuae
943 1107 1096 1168 dioecesis
1185 1159 1249 1216 (ΨΒ
1270 1149 1481 1202 consueverunt
1503 1141 1565 1215 eju„
1586 1140 1845 1215 praedgoessoflpu„
1863 1141 1943 1200 exhi.

300 1211 462 1274 ecclesias
486 1210 674 1276 universas,
697 1221 759 1266 nec
789 1205 995 1283 episcopales
1019 1202 1098 1266 red·
1184 1231 1264 1289 berg

247 1305 250 1312 '
302 1309 390 1371 ditus
422 1306 483 1370 tibi
510 1306 553 1367 ad
586 1318 767 1380 congruam
799 1301 868 1374 tui,
901 1301 934 1363 et
964 1303 1096 1363 tuorum

299 1403 577 1466 sustentationem
597 1401 752 1462 sufficere
768 1399 1018 1475 dignoscantur,
1036 1413 1096 1458 nos

301 1501 484 1564 senectutis
495 1501 528 1562 et
538 1497 743 1560 infirmitatis
757 1497 823 1558 tuae
838 1490 991 1573 precibus
1004 1495 1098 1556 incli-

301 1599 385 1669 nati,
414 1597 627 1676 praesentium
657 1593 718 1658 tibi
748 1592 947 1656 anctoritate
972 1607 1096 1653 conce·

301 1695 423 1762 minus,
438 1697 473 1757 ut
493 1692 728 1771 peridoneum
747 1704 908 1752 exercens
929 1688 1094 1751 vicarium

271 1799 273 1805 ’
300 1790 503 1855 visitationis
517 1787 674 1859 officium,
687 1787 774 1864 qnod
789 1802 856 1847 non
871 1787 964 1863 potes
977 1801 1095 1861 gerere

300 1903 361 1966 per
373 1891 407 1950 te
426 1886 548 1962 ipsum,
561 1883 750 1946 moderatas
770 1882 1022 1960 procurationes
1038 1897 1098 1959 per

1241 590 1294 650 Ad
1311 587 1651 663 archipresbyterum
1666 584 1700 646 ct
1718 588 1849 646 clerum

1442 683 1660 746 Varccnotcs.

1190 1348 1358 1411 Honorius
1368 1348 1680 1426 episcopusservus
1692 1363 1864 1410 servorum
1873 1347 1945 1426 Dei,

1152 1444 1281 1507 dilectis
1296 1445 1375 1507 filiis
1388 1445 1676 1524 archipresbytero
1696 1445 1730 1507 et
1751 1445 1840 1507 clero
1855 1448 1946 1506 Var-

1151 1543 1273 1617 cenati,
1300 1543 1440 1606 salutem
1473 1544 1506 1605 et
1541 1542 1758 1620 apostolicam
1790 1541 1949 1604 benedic-

1151 1638 1287 1702 tionem.

1191 1736 1412 1799 Praesentium
1427 1736 1522 1799 robis
1536 1737 1736 1802 anctoritate
1750 1735 1947 1798 mandamus

1151 1834 1325 1912 quatenus,
1340 1834 1413 1896 sine
1425 1834 1620 1898 difficultate
1630 1833 1789 1912 qualibet,
1804 1849 1845 1895 ea
1855 1834 1949 1896 exhi·

1150 1930 1256 1993 beatis
1268 1931 1453 1994 venerabili
1465 1930 1562 1993 fratri
1575 1940 1689 1993 nostro
1702 1931 1858 2008 episcopo
1873 1931 1949 1994 Ala-

1151 2027 1249 2100 trino,
1275 2043 1349 2104 quae
1376 2029 1596 2090 consuevistis
1620 2031 1692 2105 ejus
1720 2027 1949 2105 praedecesso-

1151 2123 1243 2184 ribus
1262 2124 1431 2198 exhibere,
1456 2125 1541 2202 quod
1561 2126 1696 2203 propter
1716 2124 1780 2186 hoc
1802 2125 1947 2202 amplius

1084 2215 1093 2246 '
1151 2219 1297 2282 scribere
1323 2237 1390 2282 non
1423 2237 1593 2298 cogamur.
1630 2221 1749 2283 Datum
1776 2222 1946 2294 Laterani,

1150 2320 1212 2378 Xll
1250 2317 1411 2381 kalendas
1442 2319 1566 2392 martii,
1594 2317 1806 2396 pontificatus
1836 2317 1945 2380 nostri

1152 2430 1240 2476 anno
1254 2415 1360 2478 sexto.

300 2081 394 2144 Nulli
404 2095 495 2156 ergo,
509 2079 584 2150 etc,
600 2078 724 2138 nostrae
734 2074 960 2136 concessionis
974 2074 1097 2135 infrin-

300 2191 393 2254 gere.
416 2177 451 2238 Si
471 2175 544 2252 quis
560 2174 682 2246 autem,
698 2173 761 2235 etc.
782 2173 902 2233 Datum
925 2172 1082 2235 Laterani

300 2275 378 2336 xiil
393 2272 554 2334 kalendas
568 2269 691 2344 martii,
708 2285 797 2332 anno
812 2269 919 2333 sexto.

577 2657 582 2668 ι
630 2599 772 2688 CXVII

302 2749 994 2908 AdHuacncmchtcrttatcccnorttcum
1005 2749 1097 2809 Cor·
1488 2759 1610 2847 CXIX

600 2861 645 2909 rec
662 2861 791 2908 ensem.

559 2979 593 3036 te
608 2976 741 3035 februarii
757 2975 838 3035 tata.

310 3093 444 3182 ᾗωοςωι,
455 3099 556 3161 tmvt
569 3099 644 3165 epar.
656 3099 713 3148 aer.
731 3099 836 3150 ussus
847 3099 921 3149 rorte
932 3095 967 3148 du
980 3097 1073 3160 vnum

1151 2909 1203 2968 Ad
1217 2911 1412 2984 episcopum
1423 2909 1457 2972 ct
1468 2911 1679 2986 magistrum
1689 2913 1732 2970 B.
1743 2913 1950 2974 canonicum

1418 3009 1676 3068 Ambiancnsce.

1410 3135 1444 3193 19
1459 3135 1592 3194 februarii
1607 3137 1687 3194 lita.

304 3222 437 3296 Indulget
450 3229 491 3292 nt,
503 3236 561 3279 non
573 3221 704 3279 obstante
720 3220 868 3278 electionis
886 3219 915 3277 ln
930 3219 1097 3293 episcopum
1193 3255 1315 3324 [Rem
1327 3258 1373 3310 hb.
1385 3259 1508 3324 vtepist.
1519 3259 1764 3312 subtraherem
1774 3259 1911 3328 dum]

339 3312 542 3370 carnotensem
556 3309 727 3376 cassatione,
739 3307 775 3365 ad
787 3307 998 3366 ecclesiasticas
1007 3306 1098 3380 digni·
1265 3327 1267 3332 v

338 3403 413 3458 tates
426 3397 495 3472 eligi
507 3397 611 3456 valeat.
1169 3385 1205 3444 Ut
1218 3399 1321 3442 causas
1335 3379 1449 3440 divortii
1468 3384 1540 3440 inter
1555 3382 1720 3442 llatblldem
1735 3385 1884 3444 mulierem
1901 3393 1930 3446 ct

1267 3469 1441 3540 hibericum,
1457 3471 1549 3528 virum
1560 3471 1634 3544 ejus,
1650 3473 1826 3530 examinent.

343 3522 522 3594 Honorius,
549 3521 626 3594 etc,
651 3519 772 3583 dilecto
804 3519 873 3583 lilio
900 3519 1032 3598 Hugoni
1055 3519 1097 3583 de

303 3619 450 3683 Feritate
465 3618 626 3680 canonico
641 3618 818 3681 carnoten.
1190 3612 1368 3684 Honorius,
1386 3614 1461 3683 etc„
1477 3612 1663 3674 venerabili
1678 3611 1774 3674 fratri
1788 3613 1949 3692 episcopo

342 3716 392 3778 ad
405 3715 511 3777 instar
524 3730 611 3777 arcae
625 3714 761 3776 foederis
776 3715 812 3775 in
825 3713 958 3792 pectore
975 3714 1096 3777 summi
1151 3712 1185 3774 et
1204 3711 1325 3773 dilecto
1350 3708 1420 3771 filio
1439 3709 1599 3785 magistro
1622 3711 1660 3772 B.
1686 3711 1848 3773 canonico
1866 3715 1950 3773 hm-

302 3810 470 3892 pontiiicis
483 3812 671 3874 continetur
682 3811 778 3887 virga
789 3811 1018 3883 correctionis,
1031 3827 1096 3891 qua
1150 3808 1284 3870 bianen.

302 3908 403 3972 feriat
424 3909 583 3986 reprobos
606 3908 639 3970 et
664 3923 787 3970 manna
814 3907 1011 3977 dulcedinis,
1031 3924 1096 3985 qua
1190 3905 1324 3967 Littera
1349 3903 1470 3966 vestrae
1489 3902 1585 3965 nobis
1607 3904 1766 3968 exhibita
1789 3905 1944 3968 contine-

301 4006 493 4068 mansuetos
521 4005 649 4066 reficiat
681 4005 714 4067 et
746 3997 894 4067 devotos.
921 4005 1007 4066 Hinc
1033 4006 1093 4078 est,
1150 4001 1241 4074 bant,
1267 4000 1353 4078 quod
1378 4017 1479 4078 quum
1501 4017 1603 4064 cansa
1626 4003 1843 4076 matrimonii,
1871 4019 1947 4081 quae

303 4102 390 4180 quod
400 4101 609 4164 considerata
621 4101 805 4176 devotione,
819 4117 919 4179 quam
931 4101 973 4163 ad
988 4118 1097 4164 sacro·
1150 4099 1238 4161 inter
1264 4097 1460 4160 Mathildam
1482 4098 1656 4162 mullerem
1683 4101 1716 4162 et
1742 4100 1945 4174 albericum,

302 4200 453 4261 sanctam
477 4200 660 4261 Romanam
683 4199 867 4260 Ecclesiam
894 4197 1018 4260 habere
1042 4199 1097 4259 di-
1150 4195 1259 4258 virum
1283 4197 1367 4272 ejus,
1394 4195 1586 4258 atrebaten.
1609 4197 1774 4271 dioecesis,
1792 4198 1946 4271 vertitur,

301 4295 485 4372 gnosceris,
504 4309 632 4356 necnon
648 4294 681 4356 et
699 4293 899 4367 humilitate,
917 4310 957 4358 ac
971 4295 1097 4372 patien-
1150 4292 1246 4354 nobis
1273 4291 1392 4354 fuisset
1420 4307 1440 4354 a
1467 4292 1563 4356 bonae
1590 4296 1759 4356 memoriae
1763 4337 1823 4356 .....
1854 4298 1946 4371 Papa

301 4391 361 4465 tia,
385 4406 483 4468 qnam
503 4390 626 4452 habere
646 4392 680 4453 te
700 4391 852 4455 novimus
872 4391 907 4452 in
931 4391 1093 4466 adversis,
1150 4387 1397 4467 praedecessore
1419 4389 1533 4452 nostro
1565 4390 1753 4464 commissa,
1780 4391 1869 4454 dicta
1898 4393 1944 4452 ld.

301 4487 383 4550 licet
400 4489 643 4550 cassaverimus
657 4487 853 4552 electionem
871 4488 911 4550 de
925 4488 958 4551 te
973 4488 1096 4552 factam
1149 4487 1444 4564 proposuitcoram
1457 4486 1564 4559 nobis,
1579 4487 1666 4563 quod
1676 4503 1778 4565 quum
1788 4491 1859 4566 jam
1870 4489 1945 4550 octo

301 4585 339 4647 in
367 4586 557 4662 episcopum
585 4587 832 4657 carnotensem,
863 4586 996 4662 justitia
1023 4586 1096 4647 exi·
1150 4584 1248 4646 annis
1265 4584 1388 4661 elapsis
1406 4583 1493 4645 dicto
1515 4585 1553 4644 h.
1573 4582 1692 4647 fuisset
1710 4585 1945 4646 matrimonia·

260 4667 264 4676 ’
301 4683 411 4759 gente,
447 4683 524 4760 quia
556 4683 667 4744 tamen
704 4682 913 4760 postmodum
938 4683 1095 4746 continuo
1150 4682 1227 4743 liter
1249 4681 1416 4758 copulata,
1438 4681 1472 4742 et
1497 4680 1554 4741 diu
1578 4680 1804 4744 cohabitasset
1824 4682 1944 4756 eidem,

300 4764 498 4854 theologicis
507 4777 692 4856 disciplinis
700 4779 860 4842 insistens
869 4778 1093 4854 landabiliter,
1150 4794 1320 4857 nunquam
1339 4779 1462 4849 tamen,
1485 4777 1565 4841 licet
1587 4781 1677 4842 esset
1690 4779 1885 4856 viripotens,
1902 4781 1945 4842 ab

302 4877 389 4939 sicut
407 4871 606 4954 accepimus
630 4875 795 4954 profuisti,
816 4877 1014 4939 auctoritate
1034 4877 1095 4938 tibi
1150 4893 1189 4938 eo
1209 4876 1342 4952 cognita
1363 4875 1483 4946 fuerat,
1508 4876 1565 4937 sed
1588 4875 1697 4938 adhuc
1715 4877 1846 4954 integra
1867 4894 1948 4954 per-

302 4974 515 5050 praesentium
540 4967 774 5048 indulgemus,
788 4973 824 5035 ut
847 4988 914 5034 non
942 4971 1094 5036 obstante
1149 4972 1316 5044 manebat,
1338 4987 1378 5033 eo
1398 4971 1485 5048 quod
1508 4972 1687 5050 praedictus
1709 4973 1762 5035 vir
1783 4977 1857 5052 eJus
1877 4990 1946 5038 non

302 5069 489 5130 cassatione
503 5068 653 5145 praefata,
663 5068 704 5130 ad
725 5068 903 5146 dignitates
918 5070 1096 5132 ecclesias-
1149 5068 1292 5132 habebat
1311 5069 1497 5146 potentiam
1519 5069 1678 5146 coeundi;
1695 5085 1798 5148 quare
1813 5071 1946 5148 petebat

300 5163 385 5227 ticas
405 5164 484 5240 eligi
498 5163 613 5226 valcas
632 5163 748 5239 libere,
770 5181 809 5226 ac
832 5165 981 5227 licenter.
1003 5167 1095 5228 Nulli
1149 5168 1237 5230 inter
1263 5183 1321 5229 eos
1348 5167 1527 5228 divortium
1556 5167 1730 5229 celebrari.
1761 5169 1946 5232 Praedictus

301 5276 392 5337 ergo,
409 5261 471 5323 etc.
493 5262 528 5322 Si
543 5262 618 5339 quis
633 5266 755 5335 autem,
772 5262 835 5324 etc.
858 5262 977 5324 Datum
996 5263 1097 5326 Late-
1149 5281 1229 5326 vero
1244 5267 1282 5326 Α.
1304 5263 1522 5325 nihilominus
1544 5262 1720 5337 fatebatur,
1741 5265 1827 5342 qnod
1852 5265 1945 5328 illam

303 5358 389 5432 rani,
402 5357 466 5420 ΧΠ
480 5357 641 5420 kalendas
652 5359 776 5434 martii,
794 5374 882 5422 anno
898 5359 1005 5424 sexto.
1149 5375 1320 5438 nunquam
1345 5360 1556 5436 cognoverat,
1583 5361 1662 5422 licet
1685 5361 1727 5424 ad
1751 5365 1824 5439 ejus
1847 5361 1948 5424 obse-

1150 5459 1264 5536 quium
1283 5473 1318 5520 se
1343 5456 1475 5518 facilem
1497 5456 1698 5531 exhibuerit,
1724 5459 1758 5521 et
1778 5459 1943 5536 paratum,

1151 5553 1209 5617 sed
1220 5554 1332 5616 tamen
1344 5568 1380 5616 se
1390 5551 1515 5616 habere
1525 5551 1707 5631 potentiam
1719 5553 1945 5630 cognoscendi
