4258 6394
150 277 224 340 533

149 437 332 508 mandam,
347 435 420 512 ipse
433 437 544 496 autem
554 435 829 512 archiepiscopus
841 451 959 512 reprae·

147 534 329 595 sentatum
344 533 416 594 sine
449 533 621 610 dispendio
646 549 685 594 ac
700 533 860 594 dilatione
880 549 959 610 pre-

148 629 232 691 cise
254 630 437 702 confirmet,
462 631 527 691 nisi
549 629 661 692 forsan
691 630 879 699 haereticus,
905 631 957 692 vel

148 726 249 787 alias
265 726 441 788 manifeste
451 727 558 787 malus
574 729 661 788 esset
684 727 821 789 electus.
842 729 956 790 itata-

147 840 237 885 men
263 825 348 902 qued
374 824 500 884 nullum
530 824 701 886 fidelitatis
725 828 953 902 juramentum

147 922 276 998 exigat
288 922 329 982 ab
343 922 469 984 eedem.
497 922 589 994 Quod
616 923 645 982 si
665 923 805 984 vacante
820 926 955 985 Raven-

146 1019 956 1098 natensiecclesia,velejusarchiepiscopoextra

145 1133 255 1178 suam
271 1117 476 1194 provinciam
488 1119 665 1186 existente,
678 1119 855 1194 contigerit
867 1119 956 1180 elec·

144 1215 283 1276 tionem
294 1215 334 1275 de
348 1231 413 1275 uno
426 1214 497 1275 tleri
510 1215 681 1286 canonice,
697 1232 736 1278 ac
747 1217 956 1278 concorditer

143 1312 186 1372 11
212 1312 364 1373 00010οἰ00
380 1313 565 1389 saepedicta
580 1313 736 1389 priorem,
745 1313 786 1386 10,
801 1314 855 1390 qui
867 1314 956 1376 elec-

143 1411 208 1471 tus
227 1409 328 1472 luerit
347 1411 383 1470 in
403 1411 653 1488 temporalibus,
672 1427 712 1472 00
727 1412 955 1487 spiritualibus

143 1507 263 1568 libere
278 1508 488 1569 administret
500 1525 604 1584 usque
617 1508 658 1568 ad
670 1509 954 1571 confirmationem

143 1604 262 1677 illiue,
279 1605 335 1682 qui
351 1604 475 1666 electus
497 1605 598 1666 luerit
616 1605 651 1664 in
667 1605 954 1682 archiepiscopum

141 1703 203 1763 vel
220 1703 369 1763 absentis
384 1701 609 1764 reversionem
626 1703 661 1762 in
677 1702 811 1764 civitate
826 1706 955 1765 Raven-

141 1800 303 1873 natensi;
321 1813 360 1859 00
376 1801 485 1860 autem
502 1799 707 1872 confirmate,
725 1800 778 1861 vel
789 1801 829 1861 ad
847 1801 953 1877 ipsam

142 1896 326 1958 civitatem
355 1912 510 1971 regresso
536 1897 799 1973 archiepiscope,
829 1899 953 1959 electus

142 1995 248 2070 prior
275 1995 534 2069 repraesentetur
559 1995 677 2066 eidem,
704 1995 832 2071 etipse
858 1995 952 2056 illum

143 2087 339 2158 confirmet,
352 2092 438 2152 sicut
451 2091 603 2168 superius
614 2095 663 2152 est
674 2107 880 2168 expressum,
892 2108 952 2154 nec

142 2188 258 2249 ullum
274 2190 338 2266 ipsi
352 2189 456 2250 electe
470 2205 512 2250 ex
527 2205 565 2250 ee
582 2190 667 2266 qued
687 2191 763 2251 ante
780 2189 953 2251 confirma·

140 2287 278 2347 tionem
302 2287 587 2349 administraverit
603 2288 833 2364 praejudicium
849 2304 952 2364 gene-

141 2385 257 2445 retur.
273 2385 441 2446 Correctie
456 2385 567 2446 autem
579 2385 713 2461 prieris,
729 2387 784 2462 qui
802 2403 888 2446 nunc
901 2386 952 2448 est

142 2483 182 2541 in
198 2482 275 2558 ipsa
290 2482 442 2554 ecclesia,
459 2483 514 2544 vel
527 2499 587 2558 pro
603 2485 749 2560 tempere
762 2483 873 2556 110111,
890 2499 951 2560 per

142 2579 441 2656 archiepiscopum
462 2579 529 2652 fiat,
541 2581 628 2656 jnris
643 2580 853 2642 solemnitate
873 2597 949 2642 ser-

140 2679 241 2749 vata,
252 2676 324 2737 sine
335 2677 519 2754 dispendio,
532 2677 639 2754 quoad
652 2677 759 2754 ipsum
770 2679 950 2756 archiepis·

141 2790 283 2850 copum,
300 2774 451 2834 eeclesiae
463 2773 667 2834 Portuensis.
686 2776 853 2837 Correctie
869 2791 948 2837 vero

139 2871 399 2942 canonicorum,
417 2871 450 2932 et
473 2871 614 2932 fratrum
640 2872 697 2933 1101
726 2888 785 2948 per
802 2873 948 2949 priorem

140 2968 256 3044 ipsius
272 2968 422 3030 ecclesiae
436 2969 616 3029 secundum
633 2985 702 3030 suae
713 2970 840 3044 regnlae
855 2971 949 3032 insti·

139 3067 218 3127 tuta
229 3081 302 3142 quae
314 3065 694 3142 superheecapituloita
705 3067 786 3130 dicit
802 3089 809 3128 :
825 3069 949 3144 postre-

142 3180 202 3224 mo
224 3161 367 3223 fraterni
391 3163 553 3224 consortii
576 3163 811 3226 communione
827 3165 945 3241 privat'

136 3261 285 3339 jeJuniis
295 3261 516 3332 macerentur,
528 3261 560 3322 et
571 3260 946 3335 verberenturetiam,si

142 3359 294 3436 qualitas
304 3359 428 3435 patitur
439 3373 673 3434 personarum;
692 3359 720 3419 si
736 3376 827 3433 vero,
843 3376 904 3421 nec
918 3361 946 3421 si

140 3457 250 3518 etiam
261 3456 491 3526 emendantur,
503 3456 719 3517 retrudantur
729 3458 765 3517 in
778 3473 946 3518 carcerem

140 3554 258 3630 longis
269 3551 407 3628 jeJuniis
420 3553 619 3628 castigandi,
631 3554 684 3614 vel
696 3554 831 3629 majoris
843 3555 947 3615 eccle·

140 3653 203 3712 siae
235 3651 307 3711 sive
333 3650 481 3726 episcopi
506 3650 632 3728 jndicio
662 3651 880 3713 dimittantur.
910 3652 945 3713 Si

140 3751 240 3827 prior
256 3748 311 3824 qui
331 3763 390 3824 pre
412 3749 559 3824 tempore
580 3747 681 3809 luerit
699 3748 843 3810 veluerit
859 3750 944 3810 resi-

139 3861 265 3921 gnare,
280 3845 428 3921 resignet
452 3861 565 3906 eoram
589 3845 852 3922 archiepiscopo,
869 3848 944 3908 etsi

139 3942 419 4018 archiepiscopus
432 3942 577 4002 noluerit
589 3942 851 4017 resignationem
873 3947 944 4020 ejus

138 4041 305 4117 recipere,
321 4039 447 4100 licitum
458 4039 501 4100 sit
509 4039 574 4114 ipsi
586 4039 690 4114 priori
702 4055 815 4100 coram
829 4040 945 4101 fratri-

140 4137 203 4198 bus
215 4137 288 4198 suis
299 4137 333 4196 in
342 4135 487 4212 capitulo
500 4135 685 4211 resignare.
695 4137 744 4198 nd
753 4137 824 4196 haec
837 4137 943 4214 ipsius

141 4234 298 4296 ecclesiae
311 4233 414 4310 prior,
432 4233 465 4294 et
475 4233 597 4295 iratres
611 4248 711 4293 unam
732 4237 945 4310 procuratio·

139 4349 218 4392 nem
247 4347 306 4407 pro
322 4329 601 4406 vigintiquinque
625 4332 789 4406 persenis,
806 4333 839 4394 01
860 4333 943 4394 1011-

139 4430 216 4490 dem
234 4429 329 4505 equis
346 4428 597 4504 archiepiscopo
613 4428 794 4490 exhibeant
808 4446 939 4491 annua-

140 4528 214 4599 tim,
225 4528 274 4586 110
283 4525 368 4603 quod
376 4541 414 4586 ea
424 4541 497 4602 quae
509 4525 663 4601 adipsam
675 4528 942 4600 procurationem

142 4624 273 4686 suerint
298 4623 487 4684 necessaria
517 4637 577 4698 per
598 4623 781 4695 ministros,
808 4624 941 4686 010111-

142 4721 249 4782 010100
264 4721 370 4797 ipsius
386 4720 536 4781 ecclesiae
551 4719 718 4793 decenter,
745 4723 778 4782 et
802 4721 942 4784 honeste

142 4817 392 4894 archiepiscopi
407 4817 532 4878 nuntiis
543 4818 759 4894 assignentur
766 4819 799 4880 et
809 4819 939 4881 dentur.

143 4917 312 4977 Praeterea
337 4915 430 4991 prior
455 4913 603 4990 eJasdem
637 4915 787 4977 ecclesiae
803 4917 855 4978 vel
884 4917 940 4994 qui

143 5015 218 5087 pest
233 5029 308 5075 eum
331 5013 438 5090 major
452 5010 552 5072 tuerit
568 5011 604 5072 in
620 5013 735 5074 eadem
750 5013 791 5074 ad
806 5011 941 5091 proees-

143 5111 271 5172 sionem
288 5113 320 5170 S.
334 5109 465 5180 Vitatis,
483 5111 515 5170 et
537 5111 570 5169 S.
591 5109 816 5185 Appollinaris
828 5111 941 5173 veniat

144 5209 327 5279 annuatim,
338 5208 388 5269 'ita
410 5206 495 5283 quod
509 5206 538 5266 si
551 5205 592 5266 ad
608 5222 709 5266 unam
720 5209 861 5280 venerit,
874 5225 939 5269 nen

144 5303 296 5366 teneatur
317 5304 432 5364 venire
456 5303 497 5364 ad
523 5303 664 5364 alteram
690 5303 749 5364 ille
772 5320 870 5366 anno.
890 5307 937 5366 Ad

144 5402 323 5477 capitulum
350 5401 403 5462 vel
423 5399 585 5476 synodum
604 5402 868 5462 Ravennatensis
883 5419 939 5464 ee-

144 5497 265 5571 clesiae,
282 5515 356 5560 cum
378 5498 493 5559 eadem
516 5498 674 5574 praelatos
695 5497 758 5559 sihi
773 5499 937 5576 subjectos

142 5599 312 5666 convocat,
339 5595 446 5657 dictus
462 5595 553 5671 prior
573 5597 675 5658 simili
692 5596 788 5658 mode
805 5598 865 5670 ire,
884 5599 935 5661 vel

766 277 1207 344 EPISTOLAE.LIB.V111.
1307 361 1310 366 ἱ

1752 275 1810 338 aa
1841 225 1847 232 .

1014 435 1146 498 mittere
1155 436 1319 508 teneatur,
1338 437 1370 498 01
1389 436 1424 496 11
1449 437 1559 498 001010
1571 435 1637 498 sub
1655 435 1809 498 examine

1012 534 1120 612 ipsius
1134 533 1378 612 archiepiscopi
1392 534 1604 612 respondere.

1053 632 1205 696 Proeliis
1219 635 1329 692 autem
1345 631 1644 708 procurationibus,
1668 632 1805 694 senten-

1012 731 1079 802 tiis,
1094 727 1319 806 petitionibus,
1337 728 1496 800 collectis,
1507 728 1738 790 exactionibus
1751 727 1806 790 101

1012 828 1212 905 quibuslibet
1235 827 1324 898 aliis,
1341 843 1414 904 quae
1427 826 1498 887 sive
1518 826 1646 904 dejure
1667 825 1802 902 scripto,

1012 925 1082 986 sive
1103 925 1256 1001 positivo,
1284 923 1336 984 vel
1361 922 1653 985 consuetudinario
1676 923 1806 984 ratione

1010 1022 1216 1084 visitationis
1227 1021 1365 1082 alterius
1375 1019 1691 1098 procurationis,vel
1700 1021 1808 1097 cujus·

1011 1135 1151 1195 cumque
1167 1117 1355 1180 occasionis
1373 1118 1500 1194 abipsa
1514 1116 1683 1195 petiebant
1697 1115 1806 1178 eccle-

1012 1217 1062 1278 sia
1078 1216 1360 1293 archiepiscopus,
1378 1217 1411 1277 et
1423 1215 1603 1296 capitulum
1623 1212 1806 1292 supradicti

1010 1315 1063 1375 vel
1076 1314 1214 1391 possunt
1225 1315 1339 1392 petere
1358 1313 1392 1374 in
1407 1313 1565 1385 futurum,
1583 1311 1806 1388 1111011000.-

1010 1412 1121 1473 clesiae
1129 1412 1233 1487 prier,
1244 1413 1277 1472 01
1289 1411 1408 1472 1101100
1418 1410 1558 1486 singulis
1571 1410 1804 1482 0111011110-

1010 1509 1151 1570 mierum
1173 1511 1331 1584 tempore,
1346 1524 1446 1570 unam
1470 1507 1619 1584 vegetem
1632 1507 1710 1570 boni
1730 1506 1801 1568 vini

1010 1603 1803 1683 sinevase,apudRavenamdarearchiepiscopo

1009 1703 1203 1776 teneantur;
1216 1705 1248 1766 et
1262 1703 1429 1780 praedictis
1446 1704 1518 1780 ipse
1534 1702 1803 1778 archiepiscopus

1009 1801 1053 1862 sit
1066 1801 1113 1862 ita
1128 1802 1314 1872 contentus,
1327 1801 1412 1877 quod
1424 1799 1509 1860 nihil
1523 1800 1609 1861 ultra
1621 1800 1804 1876 10101010-

1008 1897 1075 1959 leat
1089 1898 1130 1958 ab
1148 1899 1208 1970 eis,
1221 1899 1274 1960 vel
1286 1898 1436 1959 eeclesiis
1450 1897 1659 1972 eorumdem3
1677 1896 1706 1956 si
1723 1909 1803 1957 1010

1008 1995 1166 2071 praedicta
1191 1996 1303 2056 emnia
1327 1995 1381 2056 vel
1400 2011 1514 2056 eorum
1540 1995 1652 2070 aliqua
1679 1993 1803 2054 luerint

1007 2092 1259 2169 archiepiscope
1288 2092 1472 2168 denegata,
1511 2092 1597 2154 idem
1632 2090 1737 2170 possit
1763 2091 1799 2149 in

1007 2191 1271 2254 contradictores
1286 2190 1474 2266 universos,
1486 2191 1518 2252 et
1535 2189 1696 2266 singulos,
1717 2203 1800 2249 001-

1007 2303 1118 2348 suram
1142 2288 1416 2360 ecclesiasticam,
1428 2287 1611 2358 monitione
1628 2285 1801 2364 praemissa

1006 2387 1178 2457 canonica,
1191 2402 1362 2448 exercere.
1376 2387 1468 2446 Alias
1483 2385 1593 2446 autem
1608 2383 1800 2448 nullatenus

1004 2485 1110 2546 ineos
1126 2485 1233 2560 pessit
1243 2484 1433 2561 hujsrsmodi
1442 2499 1599 2547 exercere
1613 2496 1800 2548 censuram,

1005 2581 1071 2642 nisi
1085 2597 1146 2658 pro
1158 2582 1268 2643 causis
1283 2581 1422 2658 agendis
1447 2597 1559 2642 eoram
1587 2581 1660 2656 ipso
1687 2577 1801 2640 archi-

1005 2679 1171 2756 episcope,
1188 2680 1241 2740 vel
1254 2678 1487 2740 exactionibus
1509 2678 1720 2752 eorumdem
1735 2689 1800 2752 quo
1887 2749 1891 2755 .

1004 2792 1083 2836 casu
1110 2777 1232 2837 1001110
1253 2792 1463 2837 servaremus
1484 2775 1701 2852 providentiae
1725 2774 1799 2836 dis-

1004 2873 1202 2949 ponendum,
1219 2889 1315 2949 quem
1328 2872 1460 2934 modum
1478 2872 1596 2934 debeat
1608 2872 1798 2948 archiepis-

1003 2987 1105 3047 copus
1131 2971 1337 3032 executionis
1372 2970 1507 3031 habere.
1532 2972 1619 3050 Haec
1639 2969 1799 3030 nimirum

1003 3067 1197 3143 compositio
1214 3069 1330 3144 sponte
1347 3067 1410 3128 tuit
1424 3067 1465 3128 ab
1481 3072 1620 3144 utraque
1630 3068 1724 3144 parte
1736 3082 1797 3128 re·
1872 3097 1876 3102 ·

1003 3167 1108 3242 cepta,
1130 3165 1232 3226 salvis
1252 3165 1437 3241 privilegiis
1458 3167 1490 3226 et
1505 3164 1721 3241 indulgentiis
1735 3167 1798 3226 Ra·

1001 3261 1796 3340 vennatisarchiepiscopoetpraelateePortuensi

1001 3360 1153 3421 ecclesiae
1168 3359 1412 3437 abhpostelica
1423 3361 1507 3421 Sede
1520 3361 1699 3432 001000010,
1713 3361 1747 3422 01
1758 3359 1799 3420 de

1001 3459 1121 3519 caetero
1135 3458 1366 3530 concedendis,
1378 3457 1444 3519 nisi
1458 3460 1621 3534 quatenus
1632 3456 1798 3534 composi·

999 3556 1083 3616 tioni
1108 3555 1299 3633 hujusmodi
1319 3555 1530 3618 obviaverint
1555 3557 1670 3618 001110
1698 3571 1796 3631 quam

1000 3654 1128 3713 nullum
1141 3653 1249 3716 lecum
1265 3652 1410 3715 habeant
1431 3653 1501 3714 sive
1525 3653 1637 3714 robur.
1652 3655 1721 3714 Nee
1737 3667 1796 3729 per
1896 3737 1897 3742 ἵ

999 3750 1086 3810 hane
1107 3751 1378 3828 compositionem
1403 3749 1619 3826 pensionibus
1641 3752 1673 3811 01
1696 3765 1796 3810 reno-

999 3847 1188 3910 vationihus
1204 3864 1285 3925 quas
1302 3848 1452 3909 ecclesiae
1463 3848 1544 3924 ipsae
1560 3846 1624 3906 sibi
1634 3847 1794 3908 alterutro

998 3945 1154 4007 tenentur
1169 3946 1261 4016 dare,
1277 3943 1449 4006 101100010
1463 3960 1523 4021 pre
1536 3945 1646 4016 terris,
1667 3944 1699 4004 et
1716 3943 1792 4004 aliis

999 4042 1278 4119 possessionibus,
1296 4057 1377 4119 quas
1402 4058 1469 4102 uua
1496 4042 1587 4103 tenet
1612 4041 1654 4102 ab
1673 4042 1791 4114 altera,

999 4140 1229 4217 praejudicium
1240 4138 1375 4215 aliquod
1390 4140 1579 4215 generetur.

1016 4239 1107 4321 ,Nos
1136 4253 1216 4312 ergo
1249 4236 1521 4313 compositionem
1550 4235 1658 4312 ipsam
1681 4237 1789 4298 ratam

998 4335 1169 4406 habentes,
1200 4335 1232 4394 et
1256 4337 1400 4409 gratam,
1432 4349 1572 4410 eamque
1596 4335 1793 4398 auctoritate

997 4432 1186 4509 Apostoliea
1198 4431 1446 4502 confirmantes,
1465 4431 1792 4509 prepterpraenotato

997 4529 1209 4590 coercitionis
1236 4529 1387 4602 articulo,
1416 4531 1466 4590 sic
1490 4529 1644 4590 duximus
1673 4530 1790 4606 previ-

997 4628 1149 4698 dendam‚
1176 4630 1212 4688 ut
1244 4627 1414 4699 videlicet,
1444 4643 1543 4704 quum
1576 4627 1799 4698 Portuensem

996 4725 1171 4785 ecclesiam
1189 4740 1301 4785 eoram
1318 4724 1568 4800 archiepiscopo
1588 4723 1791 4785 Ravennatis

996 4822 1172 4897 contigerit
1192 4822 1376 4888 conveniri,
1389 4821 1418 4881 si
1432 4820 1640 4881 contumacia
1657 4819 1793 4881 labora-

996 4919 1091 4991 verit,
1109 4919 1166 4979 ubi
1177 4919 1225 4980 sic
1240 4919 1351 4994 agitur
1360 4917 1446 4994 qued
1458 4919 1550 4978 actor
1563 4917 1675 4977 induci
1686 4917 1791 4993 pessit

994 5017 1030 5077 in
1060 5017 1307 5094 possessionem
1331 5015 1381 5077 rei
1406 5016 1527 5092 petitae,
1553 5015 1607 5077 vel
1628 5014 1790 5088 bonorum

995 5113 1101 5190 ipsius
1117 5115 1267 5176 ecclesiae
1280 5113 1462 5174 secundum
1475 5127 1665 5173 mensuram
1687 5113 1789 5175 debiti

994 5211 1165 5282 declarati,
1202 5211 1472 5287 archiepiscopus
1500 5225 1560 5286 per
1592 5211 1788 5272 missionem

994 5309 1116 5370 actoris
1134 5310 1168 5369 in
1178 5309 1421 5385 possessionem
1443 5307 1644 5384 hujusmodi,
1666 5311 1788 5371 centu-

993 5421 1104 5467 maces
1126 5406 1195 5483 juri
1220 5406 1309 5466 stare
1337 5405 1524 5480 compellat,
1552 5406 1593 5466 ad
1622 5406 1790 5468 interdicti

993 5503 1220 5579 suspensionis
1232 5501 1283 5562 vel
1292 5503 1647 5578 excommunicationis
1661 5503 1789 5564 senten·

992 5601 1071 5662 tiam
1086 5600 1275 5662 nullatenus
1294 5615 1510 5675 processurus
1533 5599 1600 5660 nisi
1620 5615 1680 5678 per
1701 5603 1788 5662 Por-
