4222 6374
286 270 346 336 119
900 276 1077 339 HONORII
1098 277 1145 338 111
1165 278 1313 342 OPERA.
1868 277 1928 338 120

287 433 440 496 obstante
455 432 588 496 frivolae
606 431 838 510 appellationis
853 433 995 514 objectu,
1012 435 1082 498 ido
1134 437 1369 502 imminuentes
1391 437 1534 516 gratiam
1554 453 1654 516 quem
1677 451 1840 501 exercere·
1858 453 1928 500 cos-

288 531 362 594 neis
375 529 539 600 ,conferre
556 531 719 606 personis,
743 531 1003 595 contradictores
1022 548 1082 610 per
1135 537 1244 611 pimus
1258 550 1338 612 erga
1358 536 1476 612 ipsum,
1492 535 1550 598 sed
1571 551 1646 598 eam
1663 534 1704 596 de
1723 534 1927 612 benignitate

288 643 464 690 censuram
483 627 756 696 ecclesiasticam,
778 627 1003 705 appellatione
1026 645 1082 690 re-
1135 632 1233 696 solita
1252 632 1363 710 potius
1389 633 1597 710 ampliantes,
1624 633 1811 710 promptum
1836 632 1928 693 circa

289 724 391 796 mota,
412 739 635 800 compescens.
652 725 744 786 Nulli
759 741 849 801 ergo,
867 727 942 798 etc,
958 727 1080 788 nostres
1135 730 1358 806 receptionem
1370 729 1476 807 ipsius
1496 730 1632 807 majoris
1646 729 1679 790 et
1691 729 1833 790 sanioris
1849 744 1929 806 par-

289 821 516 882 concessionis
528 820 721 896 infringere.
738 821 774 882 Si
790 821 863 900 quis
878 825 1000 895 autem,
1017 825 1079 886 etc.
1135 825 1178 887 tis
1193 825 1398 902 propositum
1414 825 1528 887 favore
1541 824 1731 902 Apostolicc
1746 839 1930 902 prosequa-

288 918 410 978 Datum
419 918 671 994 Anagnia,le
679 916 841 980 kalendas
855 919 984 998 aprilis,
993 936 1081 983 anno
1136 937 1221 982 mur.
1245 922 1407 995 Quocirca
1426 923 1619 985 discretioni
1631 923 1698 984 tuse
1713 935 1773 998 per
1786 921 1929 998 Aposto-

287 1013 427 1076 sexto«
1137 1017 1202 1088 lica
1217 1019 1562 1095 scriptamandamus,
1580 1018 1840 1096 quatenusquod
1856 1032 1930 1078 ma·
1979 1091 1984 1099 ¹

429 1133 432 1140 ·
1133 1117 1189 1192 jor
1203 1117 1237 1178 et
1251 1117 1366 1178 sanior
1374 1131 1452 1193 pars
1468 1115 1588 1178 Meton.
1601 1115 1739 1194 capituli
1753 1116 1824 1176 sive
1839 1114 1930 1176 circa

1137 1210 1360 1286 receptionem
1375 1211 1493 1288 ipsius,
1512 1226 1572 1272 seu
1593 1209 1817 1287 provisionem
1837 1223 1930 1273 eam-

614 1263 767 1352 GXLIV
1137 1305 1210 1366 dem
1226 1309 1399 1383 acceptare
1416 1323 1452 1370 sa
1468 1307 1600 1380 dixerit,
1619 1306 1655 1369 tu
1674 1305 1757 1367 illud
1779 1305 1929 1366 auctori·

289 1415 344 1476 Aa
363 1415 572 1490 magstrum
592 1417 893 1489 panhormum,
916 1418 1083 1478 decanum
1136 1401 1408 1480 tate-Apostolica
1423 1404 1497 1466 fleri
1511 1403 1615 1466 facias
1630 1404 1663 1466 et
1677 1403 1817 1466 servari.
1836 1401 1927 1474 Quod

594 1514 778 1576 carnoten,
1137 1499 1166 1559 si
1179 1499 1299 1561 Meten.
1314 1500 1507 1578 capitulum,
1528 1499 1581 1562 vel
1595 1503 1704 1577 major
1718 1515 1796 1576 pars
1808 1502 1882 1576 ejus
1896 1498 1930 1560 et

1138 1596 1253 1658 sanior
1262 1597 1296 1657 in
1310 1613 1456 1658 annuam
1469 1596 1618 1674 ejusdem
1633 1597 1747 1658 clerici
1762 1596 1929 1673 provisio-

1137 1708 1213 1754 nem
1228 1693 1361 1756 duxerit
1373 1693 1615 1766 declinandum,
1628 1692 1815 1771 quindecim
1826 1692 1929 1754 libras

1282 1793 1422 1852 monetae
1437 1789 1542 1852 facias
1556 1790 1662 1852 eidem
1676 1790 1773 1851 annis
1788 1789 1929 1865 singulis

292 1888 330 1946 ut
339 1886 413 1958 quod
424 1887 577 1960 capitulum
586 1889 767 1961 neumaga
775 1890 928 1950 vivianum
938 1889 1082 1958 clericum,
1138 1886 1306 1961 exhibere,
1323 1889 1401 1965 quia
1417 1904 1490 1950 cum
1510 1887 1551 1950 de
1569 1885 1781 1964 proveniensi
1796 1887 1930 1948 moneta

328 1988 380 2031 ⁸0¹¹
408 1982 522 2047 propter
546 1975 739 2047 lesselttfflem
767 1975 796 2032 in
824 1976 1009 2043 wssossieuffl·
1033 1991 1084 2034 seu
1138 1984 1346 2061 scripsimus,
1372 2001 1445 2048 eam
1473 1983 1620 2061 regionis
1641 1984 1805 2046 credimus
1826 1998 1930 2044 usua-

327 2069 442 2162 110111
465 2061 657 2135 11101ῑῦ1119Πὶ
686 2062 843 2120 ‘temleri‘
866 2063 937 2134 fletis
954 2061 1039 2121 sitiit
1056 2069 1085 2122 θῑ
1138 2080 1214 2152 1010,
1231 2079 1518 2144 nonobstantibus
1539 2080 1659 2142 litteris
1676 2081 1753 2142 ad...
1776 2078 1928 2142 abbatem

326 2163 446 2206 ’ΨΜ
1139 2177 1251 2240 Sancti
1270 2179 1436 2240 Vincentli
1459 2180 1580 2240 Meton.
1599 2178 1631 2240 et
1654 2177 1799 2254 collegas
1822 2177 1928 2254 ipsius

332 2276 512 2348 Honorius,
527 2276 734 2349 etc.,dilect0
747 2277 816 2340 illio
831 2277 989 2353 magistro
1002 2280 1085 2338 Bar-
1139 2290 1240 2352 super
1264 2277 1371 2337 bcca
1401 2276 1485 2338 sede
1509 2275 1699 2353 apostolica
1731 2275 1926 2352 impetratis.

291 2371 481 2445 tholomaeo,
497 2375 622 2436 decano
637 2375 813 2436 carnoten.
1139 2372 1405 2434 contradictores
1435 2388 1495 2450 per
1523 2361 1703 2434 censuram
1725 2371 1930 2434 ecclesiasti-

334 2470 440 2539 Quium
458 2470 537 2534 olim
552 2485 612 2547 pro
631 2470 751 2532 dilecto
773 2471 843 2532 filio
857 2470 998 2534 viviano
1011 2471 1083 2532 cle·
1139 2469 1455 2548 cam,appellatione
1468 2469 1661 2548 postposita,
1678 2468 1926 2548 compescendo

291 2563 374 2638 rico,
396 2565 515 2628 Meton.
535 2568 680 2645 capitulo
702 2567 961 2644 scripsissemus,
974 2570 1010 2629 ut
1030 2568 1084 2645 ip·
1138 2567 1213 2628 Non
1235 2567 1385 2628 obstante
1406 2567 1639 2628 constitutione
1663 2565 1802 2628 concilii
1825 2581 1929 2642 gene·

286 2678 366 2724 ‚sum
391 2663 578 2739 reciperent
600 2665 636 2726 in
660 2665 869 2737 canonicum,
891 2666 925 2726 et
949 2665 984 2726 in
1010 2665 1083 2726 fra·
1138 2664 1231 2736 ralis,
1248 2679 1314 2741 qua
1338 2665 1484 2732 cavetur,
1500 2679 1543 2726 ne
1562 2665 1636 2740 quis
1651 2663 1739 2726 ultra
1753 2661 1835 2722 duas
1848 2661 1931 2722 diae-

292 2758 427 2832 trem...,
444 2759 562 2824 abbate
576 2763 688 2824 Sancti
705 2761 879 2825 Michaelis
894 2762 927 2825 et
945 2761 1083 2837 collegis
1138 2763 1190 2826 tas
1207 2762 1302 2824 extra
1323 2777 1418 2822 suam
1442 2760 1611 2824 dioecesim
1633 2759 1673 2822 ad
1692 2758 1855 2838 judicium
1869 2774 1930 2834 per

289 2855 363 2916 suis
389 2856 454 2920 sibi
478 2873 577 2935 super
601 2859 665 2922 boc
688 2875 709 2920 a
732 2857 828 2920 nobis
849 2858 1084 2921 executoribus
1139 2859 1269 2921 litteras
1295 2857 1503 2936 apostolicas
1536 2857 1625 2919 trabi
1655 2855 1771 2934 possit.
1810 2857 1928 2917 Datum

292 2951 469 3029 deputatis,
486 2970 599 3016 coram
619 2955 702 3032 ipsis
721 2956 855 3017 nomine
873 2955 979 3032 ipsius
993 2955 1086 3032 capi,-
1138 2955 1310 3033 Anagniae,
1326 2957 1385 3016 XV
1401 2954 1560 3018 kalendas
1575 2953 1703 3034 aprilis
1720 2968 1808 3016 anno
1823 2953 1928 3014 sexti.

292 3047 355 3110 tuli
369 3051 501 3112 servilis
516 3053 716 3114 conditionis
734 3054 885 3128 exceptio
899 3052 963 3116 fuit
977 3069 1084 3130 oppo-

291 3145 359 3206 sita
378 3148 493 3208 contra
508 3147 631 3224 ipsum,
647 3149 683 3209 in
699 3165 763 3226 qua
779 3149 857 3212 licet
872 3149 981 3226 ipsum
992 3150 1086 3227 capi-

292 3242 398 3304 tulum
408 3245 540 3320 penitus
556 3244 725 3319 defuisset,
742 3246 782 3307 ad
799 3247 992 3308 instantiam
1004 3249 1082 3310 tan-

292 3339 367 3400 dem
379 3339 492 3401 dilecti
507 3341 750 3404 1111111.Μο100.
768 3343 968 3418 primicerii,
976 3343 1034 3419 qui
1049 3359 1084 3406 se
1470 3364 1603 3452 CXLV

291 3451 352 3514 pro
378 3437 500 3499 Meten.
521 3437 671 3500 ecclesias
697 3440 913 3516 procuratore
936 3439 1082 3515 gerebat,

292 3532 340 3594 ita
367 3531 522 3595 duximus
552 3533 803 3611 providendum,
831 3537 867 3598 ut
902 3535 1084 3612 capitulum
1278 3517 1330 3577 Ad
1357 3515 1551 3590 filiifflfmm
1576 3513 1785 3578 XanOlOMfl·

292 3630 400 3706 ipsum
417 3631 573 3707 praedicto
595 3631 717 3694 clerico
736 3648 796 3710 pro
817 3649 879 3694 sua
893 3632 1085 3710 provisione
1410 3645 1445 3704 19
1464 3643 1558 3703 martii
1577 3645 1668 3704 1111..

292 3727 480 3804 quindecim
511 3728 614 3791 libras
640 3730 910 3807 proveniensium
934 3731 1084 3792 Francius
1171 3767 1393 3834 [Rogmqm
1405 3766 1542 3832 Opim
1555 3767 1613 3818 „a
1626 3767 1664 3818 L,
1675 3765 1898 3830 remansisti]

292 3825 452 3888 solverint
479 3827 668 3899 annuatim,
695 3827 800 3890 donec
827 3829 934 3904 maJus
961 3827 1003 3901 ei,
1030 3827 1085 3889 vel

291 3922 493 3999 aequivalens
515 3923 712 3986 beneficium
727 3924 949 4001 assignarent,
967 3924 1000 3987 et
1016 3925 1084 3985 bu·

286 4019 434 4096 jusmodi
448 4019 547 4082 fuerit
557 4021 643 4083 idem
655 4022 796 4084 clericus
804 4022 995 4100 provisione
1004 4037 1088 4083 con-

290 4117 413 4177 tentus.
429 4117 544 4194 Nuper
555 4118 666 4180 autem
682 4116 861 4180 multorum
877 4119 917 4180 de
937 4118 1083 4197 capitulo
1178 4117 1356 4188 Honorius,
1372 4115 1448 4189 etc„
1462 4114 1644 4178 venerabili
1665 4113 1760 4176 fratri
1775 4113 1930 4190 episcopo

290 4211 477 4290 recepimus
493 4214 608 4276 ecdem
624 4214 753 4276 litteras
769 4215 987 4288 continentes,
997 4215 1083 4293 quod
1117 4267 1120 4274 .
1138 4215 1344 4276 xanctonen.

290 4309 468 4386 'praedictus
483 4310 704 4388 primicerius,
720 4327 784 4389 quo
798 4311 941 4373 instante
954 4311 1089 4392 adpro-
1178 4311 1248 4372 Etsi
1268 4309 1310 4371 ad
1328 4309 1544 4386 corrigendos
1570 4307 1775 4370 subditorum
1795 4309 1929 4369 tuorum

290 4407 454 4468 visionem
491 4408 713 4484 processimus
746 4408 984 4486 supradictam,
1016 4425 1084 4470 non
1139 4423 1306 4478 excessua,
1321 4407 1403 4468 satis
1425 4403 1485 4469 tibi
1509 4405 1652 4468 sufficiat
1672 4405 1931 4470 auctoritasor-

291 4504 400 4566 fuerat
414 4506 535 4566 Meton.
552 4505 703 4566 ecclesiae
718 4509 924 4583 procurator,
939 4509 1084 4568 010010-
1140 4505 1435 4576 dinaria,attamen
1446 4501 1933 4582 utadjectsapotestatisvigore

292 4601 365 4662 dem
379 4602 603 4680 provisionem
615 4603 680 4678 ipsi
691 4602 841 4664 ecclesiae
854 4603 998 4666 existere
1010 4619 1086 4665 cne-
1139 4601 1293 4664 suffultus
1309 4599 1527 4662 confidentius
1542 4600 1582 4660 ad
1599 4599 1838 4661 correctionem
1854 4612 1932 4674 pro-

290 4715 413 4769 rcsam,
429 4699 463 4762 et
476 4700 657 4761 maximum
672 4699 750 4762 inde
769 4715 867 4778 posse
890 4699 1084 4762 scandalum
1139 4700 1258 4761 cedere
1272 4698 1395 4770 valeas,
1417 4698 1449 4758 et
1469 4711 1643 4773 processus
1667 4696 1743 4757 tutus
1769 4708 1930 4756 reveren-

291 4799 455 4875 generari,
473 4799 506 4859 et
523 4797 608 4875 quod
625 4797 712 4860 sicut
726 4797 873 4875 ipsarum
897 4797 1083 4860 litterarum
1138 4796 1422 4866 tiuscbssrvetur,
1433 4793 1630 4854 auctoritate
1641 4790 1703 4854 tibi
1718 4792 1932 4869 praeentiam

291 4895 395 4958 series
434 4894 651 4973 exprimebat,
689 4895 784 4956 bonas
818 4895 1084 4958 conversationis
1139 4893 1360 4969 indulgemus,
1377 4891 1493 4952 utnon
1509 4889 1660 4951 obstante
1674 4889 1802 4951 frivclae
1818 4887 1933 4966 appel-

290 4991 378 5054 idem
396 4993 549 5066 clericus,
566 4992 599 5055 et
613 4991 775 5068 sanguine
794 5007 975 5069 generosus
988 4992 1083 5052 exis·
1137 4991 1281 5053 lationis·
1296 4989 1427 5066 objectu
1446 4985 1549 5049 libere
1569 4987 1751 5062 corrigere,
1765 5001 1805 5046 ac
1820 4985 1931 5046 refor-

290 5089 345 5161 tit;
360 5090 591 5169 propterquod
607 5091 643 5150 in
656 5089 780 5150 eisdem
793 5089 913 5151 litteris
927 5089 1084 5150 attentius
1139 5103 1232 5164 mare
1246 5087 1359 5148 valeas
1375 5101 1448 5163 qum
1463 5085 1531 5146 tam
1546 5083 1635 5145 circa
1651 5083 1817 5159 praelatos,
1832 5095 1931 5158 quam

290 5186 505 5262 rogabamur,
547 5189 582 5248 ut
621 5187 846 5263 provisionem
888 5188 1084 5248 revocantes
1139 5184 1301 5255 subditos,
1323 5198 1384 5244 nec
1410 5198 1477 5243 non
1501 5181 1676 5256 religiosos
1705 5181 1738 5240 st
1763 5179 1858 5246 alios,
1876 5176 1932 5255 qui

290 5283 450 5356 eamdem,
473 5283 521 5344 eis
537 5284 569 5346 et
591 5299 706 5344 eorum
732 5283 882 5346 ecclesiae
907 5283 1084 5360 supradic-
1139 5280 1199 5344 tibi
1224 5285 1301 5341 sunt
1326 5278 1399 5355 lege
1422 5279 1610 5340 dioecesana
1632 5275 1783 5355 subjecti,
1800 5290 1934 5337 correc-

289 5382 358 5443 tum
380 5381 537 5441 clericum
555 5379 738 5442 concedere
762 5381 797 5441 in
817 5382 1013 5443 canonicum
1033 5381 1086 5441 dl·
1140 5375 1242 5441 tionis
1261 5394 1301 5439 ac
1319 5376 1568 5439 reformationis
1587 5373 1697 5436 0111010
1720 5373 1854 5436 noveris
1877 5373 1934 5433 in·

289 5493 481 5556 gnaremur.
503 5476 593 5538 Idem
608 5493 737 5555 quoque
756 5479 898 5540 clericus
917 5479 983 5540 tam
1002 5495 1084 5556 sup·
1140 5477 1264 5552 digere.
1295 5473 1576 5543 contradictores,
1599 5474 1661 5533 etc.
1691 5472 1810 5532 Datum
1838 5473 1931 5532 Ana-

289 5577 421 5655 plicitor
440 5591 538 5655 quam
557 5575 731 5636 humiliter
750 5574 939 5653 postulavit,
956 5578 1002 5649 ul,
1018 5590 1084 5637 non
1139 5574 1238 5651 gnlae,
1253 5573 1328 5633 11111
1343 5569 1504 5633 kalendas
1519 5569 1647 5647 aprilis,
1663 5583 1749 5630 anno
1766 5567 1877 5630 sexto.

534 1713 537 1720 Ι
568 1641 602 1699 18
616 1643 709 1700 martii
726 1641 804 1700 1111.

323 1761 445 1826 [liegest.,
456 1761 553 1825 libii,
564 1764 637 1829 epist.
645 1763 700 1814 331.
712 1767 769 1817 llas.
781 1766 818 1816 La
827 1763 902 1816 Pcrts
913 1763 947 1816 du
955 1763 1049 1828 rhein]
1139 1790 1264 1852 usualis

1139 3895 1176 3953 Ut
1201 3908 1263 3966 quae
1290 3890 1500 3950 reformationis
1529 3889 1623 3950 0111010
1651 3891 1763 3948 noverit
1789 3889 1929 3964 indigere,

1294 3981 1439 4054 corrigere
1454 3994 1488 4038 ac
1503 3979 1657 4037 reformare
1671 3978 1774 4037 valeat.
