4258 6394
294 255 355 318 343
913 259 1090 323 nouonn
1111 257 1157 320 111
1178 257 1327 354 ornus.
1879 252 1940 314 991

618 425 739 514 (XXXI
1144 417 1232 490 dam,
1259 415 1409 494 cognatis
1437 415 1471 478 et
1493 413 1582 476 99119
1605 429 1646 476 ac
1671 411 1939 491 possessionibus

297 575 348 636 Aa
362 575 570 651 episcopum,
586 579 866 640 archidiaconum
886 579 1088 653 amorem
1143 513 1311 586 derelictis
1334 511 1548 623 landabiliter
1571 511 1779 586 accingimur
1802 505 1941 586 (accin-

1143 609 1517 688 guntur),nob111tatem
1543 609 1689 670 vestram
1718 621 1874 684 rogamus
1904 607 1939 668 et

335 673 473 736 samm
494 676 620 734 Mam
639 675 803 749 desupra
820 677 923 750 Wm
943 680 1090 740 eren'
1143 707 1361 770 exhortamur
1379 707 1414 768 in
1438 707 1591 773 Domino,
1607 705 1770 781 quatenus
1790 703 1940 766 crucesi-

337 767 423 832 tma·
597 845 698 904 mu
711 847 781 905 ¹²23
1143 805 1264 882 gnatis,
1276 805 1312 866 in
1324 807 1435 866 Terrae
1453 802 1583 864 Sanctae
1605 801 1790 864 subsidium
1807 799 1940 878 proiec-

784 890 791 905 ’
1142 903 1228 965 19119
1256 903 1327 964 9199
1341 901 1383 963 ab
1406 901 1488 973 11119,
1503 900 1560 978 991
1586 897 1777 962 necessaria
1788 896 1939 961 delerent

1143 999 1345 1070 eorumdem,
1362 999 1398 1059 19
1412 998 1566 1060 districtu
1578 995 1851 1072 vestropedagia
1875 1011 1939 1059 nec

296 1087 413 1150 llandat
426 1097 458 1148 ut
483 1105 601 1150 causam
624 1092 699 1150 inter
714 1095 837 1167 priorem
863 1102 894 1153 91
915 1105 1088 1156 conventum
1143 1096 1368 1172 extorqueatis
1379 1111 1439 1157 neo
1450 1094 1640 1171 extorqueri
1653 1091 1694 1154 ab
1709 1092 1785 1162 aliis
1805 1093 1940 1170 permit-

332 1177 591 1277 Camaldulensium
605 1186 689 1254 etque
702 1181 882 1256 plebanosde
908 1185 1036 1253 Bibiena,
1053 1185 1089 1242 de
1142 1194 1232 1266 tatis,
1260 1193 1302 1255 ab
1323 1193 1515 1255 extorsione
1542 1190 1731 1269 hujusmodi
1754 1205 1939 1268 praesump-

331 1267 483 1368 1311911911
509 1266 545 1368 d?
569 1269 693 1340 Plinii,
714 1277 781 1342 elsse
807 1286 893 1346 ⁸⁰90?
918 1272 1088 1346 quibusdam
1142 1291 1232 1353 tores
1250 1291 1415 1368 potestate
1431 1289 1525 1353 vobis
1545 1289 1668 1351 tradita
1686 1287 1935 1364 compescendo.

330 1351 451 1412 ⁶⁰⁰¹¹¹¹¹⁸
465 1354 592 1416 ΨΜ·
1143 1387 1304 1450 Caeterum
1320 1389 1398 1467 9919
1413 1387 1571 1464 generali
1600 1384 1739 1448 Domino
1767 1384 1936 1460 generalis

335 1481 1086 1562 Ηο991199991999999,991199991191999θὶ,
1144 1485 1239 1548 debet
1271 1485 1422 1547 exbiberi
1445 1484 1631 1556 subventio,
1657 1499 1697 1544 eo
1721 1483 1818 1560 quod,
1849 1483 1936 1546 sicut

295 1577 480 1640 venerabili
494 1578 591 1642 tratri
606 1581 760 1658 episcopo
775 1582 808 1644 91
822 1583 953 1646 dilectis
969 1585 1087 1647 liliis...
1143 1584 1255 1644 nullus
1276 1582 1473 1644 beneficium
1498 1583 1570 1658 ejus
1597 1582 1647 1642 est
1674 1595 1807 1656 expers,
1833 1580 1882 1642 sic
1900 1581 1935 1643 91

296 1673 546 1745 archidiacono,
562 1677 630 1738 et...
654 1678 759 1754 priori
775 1679 905 1742 Sanctae
919 1681 1036 1743 Mariae
1047 1682 1089 1744 de
1143 1681 1255 1742 nullus
1270 1696 1306 1741 se
1321 1680 1429 1758 potest
1442 1678 1484 1740 ab
1493 1682 1565 1756 ejus
1576 1678 1744 1754 exsequiis
1759 1693 1933 1748 excusare,

298 1785 400 1848 supra
415 1774 509 1849 porta
525 1773 731 1848 Florentina,
745 1775 887 1839 salutem
902 1779 1090 1856 91199919-
1142 1778 1231 1838 inter
1244 1777 1328 1838 alios
1350 1775 1577 1838 subventionis
1594 1774 1708 1836 modos
1723 1774 1757 1834 in
1783 1774 1936 1836 districtu

296 1865 396 1930 licam
411 1868 686 1932 benedictionem.
1143 1875 1253 1936 vestro
1278 1889 1337 1950 pro
1360 1874 1469 1934 crucis
1494 1872 1682 1934 reverentia
1712 1871 1876 1944 statuatis,
1901 1871 1936 1934 91

337 1965 456 2028 Dilecti
469 1965 530 2026 tilii
554 1968 646 2043 prior
658 1969 692 2030 91
717 1972 900 2033 conventus
912 1973 1089 2034 (199191119-
1144 1968 1298 2047 quaelibet
1312 1971 1428 2032 domus
1444 1969 1585 2045 singulis
1598 1969 1767 2030 mensibus
1780 1969 1935 2046 usquead

297 2061 408 2123 lensas
422 2077 483 2122 sua
494 2062 590 2124 nobis
601 2068 837 2143 conquestione
849 2071 1086 2143 monstrarunt,
1142 2067 1324 2128 triennium
1347 2067 1464 2129 9911919
1489 2083 1592 2128 unum
1622 2069 1848 2128 Turonensem
1882 2066 1937 2128 vel

297 2156 421 2235 quod...
445 2158 485 2219 de
516 2161 690 2224 Bibiena...
717 2162 757 2224 de
785 2165 924 2242 Bujano,
952 2167 1022 2229 91...
1048 2167 1089 2228 de
1143 2165 1395 2241 aequivalentem
1418 2165 1585 2226 monetam
1607 2157 1767 2237 exsolvat,
1780 2163 1937 2241 quoniam

297 2255 434 2316 Pectine
456 2256 601 2332 plebani,
615 2273 655 2320 ac
668 2261 801 2339 quidam
832 2263 891 2324 alii
917 2263 1031 2325 clerici
1056 2267 1089 2328 et
1143 2277 1185 2324 ex
1206 2262 1343 2328 collecta
1367 2261 1610 2323 contributione
1639 2261 1839 2340 hujusmodi,
1864 2260 1936 2322 sine

296 2349 376 2413 laici
389 2353 535 2416 Aretinae
547 2354 700 2418 dioecesis
715 2375 815 2436 super
828 2359 1024 2436 quibusdam
1035 2362 1090 2424 de·
1143 2364 1303 2438 cujusquo
1331 2361 1524 2438 gravamine
1549 2359 1691 2420 fideliter
1718 2359 1935 2434 congregata,

297 2449 392 2510 cimis
422 2450 456 2511 91
482 2451 581 2514 rebus
608 2454 684 2515 aliis
713 2457 916 2534 injuriantur
944 2459 1086 2536 eisdem;
1143 2457 1311 2534 provideri
1330 2457 1451 2534 poterit
1464 2459 1577 2518 Terrae
1602 2457 1732 2518 Sanctae
1751 2456 1937 2516 subsidium

296 2545 437 2622 ideoque
460 2547 652 2612 discreiioni
671 2555 790 2614 vestrae
817 2569 877 2631 per
897 2556 1088 2632 Apostolica
1144 2557 1375 2632 opportunum.
1392 2557 1470 2614 Haec
1489 2553 1589 2614 etiarn
1604 2569 1624 2613 a
1641 2553 1776 2628 regibus
1791 2553 1823 2614 et
1836 2553 1936 2630 prin-

298 2643 421 2719 scripta
436 2645 642 2720 mandamus,
660 2650 834 2726 quotenne,
849 2653 998 2730 partibus
1014 2668 1090 2714 con·
1144 2651 1271 2729 cipibus
1287 2650 1408 2712 9191119
1422 2649 1590 2710 nobilibus
1603 2649 1797 2710 christianis
1811 2665 1939 2724 expos-

297 2736 437 2812 voca'tis,
463 2742 607 2804 audiatis
633 2759 781 2819 causam,
808 2749 841 2811 91
865 2749 1089 2826 appellatione
1144 2751 1249 2811 cimus
1261 2763 1328 2808 non
1349 2746 1592 2818 erubescentes,
1611 2761 1670 2823 pro
1683 2745 1741 2804 illo
1752 2746 1837 2821 apud
1852 2746 1938 2807 alios

298 2839 425 2900 remota
434 2837 499 2899 1199
510 2839 991 2913 debitoterminetisiacientes
1002 2846 1088 2924 quod
1145 2845 1217 2907 fleri
1246 2845 1416 2922 petitores,
1442 2845 1498 2920 qui
1521 2843 1630 2920 parati
1653 2857 1767 2903 sumus
1791 2842 1833 2902 de
1857 2841 1935 2914 biis,

299 2933 514 2996 decreveritis
543 2953 801 3012 percensuram
829 2943 1088 3005 ecclesiasticam
1144 2959 1217 3021 quaa
1232 2941 1332 3004 habet
1359 2941 1518 3012 Ecclesia,
1544 2939 1685 3011 9191119,
1713 2939 1940 3016 9919911999-

298 3029 438 3092 tirmiter
451 3031 631 3095 observari.
659 3039 772 3100 Testes
799 3041 920 3112 autem,
944 3040 1005 3102 919.
1023 3041 1091 3101 Da·
1145 3055 1277 3103 cursum
1291 3041 1389 3102 terrae
1409 3037 1576 3116 praecsotae
1591 3036 1814 3115 provenerint,
1836 3035 1940 3097 liben-

298 3127 367 3189 tum
382 3129 548 3203 Laterani,
568 3134 612 3192 iv
638 3149 743 3196 nonas
769 3136 860 3210 maii,
879 3137 1089 3214 pontificatus
1143 3139 1246 3201 19191
1271 3136 1456 3199 liberaliter
1481 3135 1670 3198 subvenire.
1696 3137 1815 3196 Datum
1839 3135 1939 3195 Lata-

298 3223 404 3286 nostri
419 3239 507 3288 9999
519 3229 669 3306 septimo.
1143 3236 1229 3307 rani,
1266 3238 1441 3296 ivnonas
1475 3233 1568 3301 maii,
1596 3231 1806 3311 pontificatus
1832 3229 1937 3292 nostri

1145 3347 1232 3394 anno
1248 3332 1398 3409 septimo.

405 965 558 1030 [1111199111
568 969 660 1019 119991.
672 969 826 1030 camaldul,
837 984 896 1036 app.
911 970 980 1038 m]

621 3541 763 3632 CXXII

299 3699 352 3760 Ad
379 3701 562 3763 urttoersos
587 3705 740 3777 comites,
778 3707 923 3767 barorces
947 3707 980 3767 ct
1004 3709 1089 3770 altos

337 3799 462 3858 nobttcs
499 3814 564 3874 per
592 3802 835 3878 masculinam
871 3807 1090 3879 procinctam
1170 3803 1386 3865 ,4191191991
1401 3803 1650 3864 919999991991
1663 3803 1705 3864 dc
1718 3805 1901 3878 19999199.

336 3895 550 3958 constitutos.
1445 3931 1544 3989 insti
1556 3931 1635 3989 1223.

596 4011 614 4068 l
629 4011 697 4070 maii
709 4013 788 4072 ista.

397 4138 563 4205 [Sudandori,
573 4143 725 4207 Registrum,
737 4150 758 4195 t.
769 4145 788 4204 l,
804 4160 829 4210 p.
840 4145 881 4206 811,
891 4160 917 4200 n.
929 4146 980 4213 31]

1461 3625 1623 3714 cxxiii

1336 4053 1662 4120 [119999991911919911.
1680 4053 1748 4120 101]

1179 4179 1546 4240 Α11191991919999991991
1565 4178 1762 4253 1919991999
1782 4179 1904 4239 tuendos

297 4263 348 4322 Eis
368 4266 484 4325 mandat
510 4275 541 4326 ut
564 4283 579 4326 a
599 4271 805 4343 crucesignatis
819 4271 848 4328 in
863 4273 957 4330 ’19119
978 4274 1090 4332 Sancta
1476 4267 1605 4342 suscipit.

332 4345 674 4429 991911191991919919119
699 4359 727 4414 in
741 4358 870 4417 districtu
892 4376 944 4420 suo
966 4361 1088 4436 pedagia
1184 4384 1851 4462 Honoriusepisoopus‚servusseworum
1866 4385 1937 4459 Dei,

333 4455 392 4498 ¹¹⁰⁰
407 4451 638 4517 ⁰¹²⁰¹l¹¹⁰³¹¹‘⁰'·
1144 4484 1273 4547 dilectis
1297 4483 1376 4543 9199
1404 4481 1517 4544 annau
1549 4482 1582 4542 et
1610 4482 1787 4545 conventui
1807 4483 1848 4544 ae
1872 4486 1937 4544 re-

337 4579 1007 4659 Houoriusepiscopus,servusservorum
1017 4586 1087 4658 Dei,
1143 4597 1274 4657 gernse,
1293 4580 1434 4642 salutern
1460 4579 1494 4642 et
1520 4579 1745 4655 apostolicam
1776 4579 1938 4642 benedic-

298 4673 427 4737 dilectis
441 4678 607 4740 nobilibus
617 4679 711 4753 viris,
724 4681 891 4743 universis
900 4683 1087 4756 comitibus,
1144 4681 1279 4742 tionem.

296 4769 476 4835 baronibus
500 4777 533 4837 et
554 4775 630 4838 aliis
655 4777 821 4838 nobilibus
842 4793 901 4854 per
922 4779 1090 4854 Maganti-
1183 4779 1288 4849 Quum
1304 4790 1324 4836 a
1339 4773 1434 4835 nobis
1461 4773 1585 4850 petitur
1605 4773 1692 4850 quod
1705 4775 1833 4851 justum
1847 4775 1940 4838 99191

297 4883 374 4932 nam
407 4874 615 4950 provinciam
647 4875 855 4947 constitutis,
884 4875 1026 4938 salutem
1057 4879 1090 4938 91
1144 4873 1331 4943 honestum,
1354 4874 1422 4933 iam
1442 4871 1538 4946 vigor
1561 4871 1727 4948 aequitatis
1745 4888 1843 4947 quam
1858 4873 1939 4935 ordo

296 4969 520 5043 apostoticam
535 4972 809 5034 benedictionem.
1144 4971 1248 5046 exigit
1261 4969 1415 5040 rationis,
1428 4969 1463 5030 ut
1478 4968 1510 5030 id
1533 4984 1593 5044 per
1612 4968 1868 5032 sollicitudinem
1884 4970 1939 5032 os-

337 5065 443 5134 Quum
456 5069 501 5130 sit
519 5085 587 5130 non
601 5070 708 5130 solum
733 5067 884 5145 impium,
906 5070 964 5131 sed
988 5069 1088 5132 etiam
1144 5069 1212 5130 11911
1223 5067 1330 5130 999111
1343 5065 1384 5127 ad
1400 5065 1545 5129 debitum
1555 5067 1756 5144 perducatur
1773 5067 1938 5130 effectum.

297 5160 482 5236 abusivum,
499 5165 567 5226 illis
585 5167 710 5228 auferri
723 5165 874 5242 pedagia,
900 5168 955 5244 991
970 5167 1089 5240 91,99-
1144 5167 1336 5243 Eapropter,
1365 5164 1476 5227 dilecti
1503 5163 1538 5224 in
1561 5164 1701 5226 Domino
1728 5164 1801 5236 iiiii,
1818 5167 1939 5228 vestris

293 5259 499 5336 juspedibus
519 5263 631 5324 omnia
655 5265 732 5325 sunt
760 5263 919 5340 subjecta,
948 5264 1090 5326 fideliter
1140 5264 1240 5341 justis
1265 5261 1542 5338 postulationibus
1577 5261 1672 5337 grato
1703 5263 1939 5324 concurrentes

297 5356 434 5435 obsequi
458 5357 663 5432 affectantes,
690 5361 732 5422 ad
746 5359 981 5422 vindicandam
999 5362 1091 5439 inju-
1145 5377 1293 5432 assensu,
1312 5375 1472 5436 personas
1487 5359 1614 5421 vestras
1636 5358 1939 5448 91119999919999

266 5523 267 5528 1
295 5455 381 5518 riam
396 5456 505 5520 crucis
529 5459 602 5533 ejus
617 5459 651 5518 et
672 5457 808 5528 terram,
824 5475 897 5537 9999
921 5459 1089 5522 funiculus
1145 5459 1257 5520 divino
1268 5458 1348 5520 estis
1361 5457 1519 5534 obsequio
1534 5455 1726 5534 mancipati,
1740 5473 1815 5518 cum
1831 5459 1940 5520 omni-

296 5555 346 5616 est
356 5554 560 5618 haereditatis
572 5553 689 5633 ipsius,
702 5555 743 5616 ab
754 5555 905 5620 hostibus
916 5556 1090 5620 11911999-
1143 5557 1204 5618 bus
1217 5555 1313 5617 bonis
1328 5571 1402 5640 999
1414 5555 1449 5616 19
1462 5554 1716 5632 praesentiarum
1729 5555 1940 5616 rationabili-
