4274 6388
306 235 368 300 235

306 393 433 456 tendes.
459 397 577 457 Datum
605 394 758 470 Lahreni,
780 399 822 459 1v
844 397 918 459 idus
942 395 1097 472 octobris,

307 505 395 553 anno
410 491 560 568 septimo.

655 731 753 818 XIII

324 881 377 942 Ad
390 880 558 942 Perticae.
574 883 783 954 apocopum,
804 887 844 944 Α.
860 885 895 944 s.
916 883 1077 959 epotam.

579 1011 722 1070 naccon.
740 1011 819 1070 rnen.
854 991 857 998 '
1010 1073 1025 1093 ,λ

331 1133 451 1197 [liegest.,
464 1133 511 1186 lib.
523 1135 577 1193 Vll,
591 1134 664 1200 epist.
675 1135 714 1185 2⁵.
729 1136 787 1186 ldss.
798 1136 834 1186 La
846 1137 922 1186 Porta
932 1136 966 1187 dn
979 1135 1074 1202 Thali]

331 1257 447 1316 llandat
462 1267 494 1316 nt
508 1259 632 1332 inquimt
647 1258 683 1317 de
701 1261 770 1328 sita,
789 1259 867 1318 obitu
884 1267 912 1318 et
926 1261 1072 1320 miraculis

430 1346 567 1418 Stephani
582 1347 725 1420 quondam
741 1349 823 1406 Dien.
837 1349 974 1422 episcopi.

344 1471 524 1544 Honorius,
546 1473 622 1542 etc,
645 1473 831 1535 venerabili
853 1475 986 1537 tratri...
1010 1474 1101 1552 epis-

306 1583 388 1644 copo
404 1569 574 1642 Portuen,
591 1571 789 1647 apostolice
804 1570 899 1633 Sedis
914 1573 1035 1648 legato,
1050 1587 1101 1633 sa-

304 1664 406 1728 lutem
420 1666 453 1727 et
464 1667 688 1743 apostolicam
701 1659 977 1731 benedictionem.

346 1765 385 1824 st
404 1763 433 1823 si
454 1780 519 1824 non
544 1765 708 1827 immerito
728 1766 931 1840 gaudeamus
948 1767 1099 1843 quotiens

305 1860 466 1921 Dominus
489 1861 671 1930 mirificans
696 1865 829 1925 sanctos
854 1879 933 1924 suos
958 1865 1101 1926 ostendit

304 1971 365 2034 per
386 1973 443 2018 eos
463 1958 557 2033 signa
581 1958 753 2032 virtutum,
778 1976 877 2036 quum
899 1961 1021 2021 exinde
1038 1963 1098 2037 ju-

305 2055 424 2116 ventus
443 2057 601 2142 Ecclesiae
621 2056 709 2118 sicut
730 2057 842 2134 aquila
866 2059 1046 2119 renovetur
1067 2059 1100 2118 et

305 2151 680 2230 consonetur,requisui
691 2155 857 2228 tamen,ut
868 2154 997 2232 aliquos
1007 2169 1099 2216 sanc·

305 2248 415 2310 torum
443 2250 594 2326 catalogo
628 2249 867 2325 adscribamus,
892 2252 935 2313 ad
961 2252 995 2315 id
1027 2252 1100 2312 sine

305 2347 497 2408 maturitate
518 2347 626 2410 debita
641 2348 821 2425 procedere
841 2365 908 2411 non
925 2351 1097 2412 audemus.

306 2445 412 2516 Quum
439 2444 550 2522 itaque
584 2445 786 2508 venerahilis
818 2445 922 2509 frater
946 2445 1096 2510 noster...

304 2539 425 2604 Dion...
459 2542 633 2620 episcopus
667 2543 762 2604 nobis
795 2544 992 2622 supplicarit
1021 2545 1098 2606 ins-

303 2637 424 2708 tanter,
439 2640 476 2701 nt
485 2639 592 2702 felicis
605 2641 774 2703 memoriae
788 2642 989 2718 Stephanum
1006 2658 1097 2718 prae-

305 2735 514 2798 decessorem
535 2753 642 2810 suum,
659 2739 716 2816 qui
732 2738 772 2799 ah
788 2741 861 2802 octo
881 2740 979 2801 annis
997 2741 1047 2802 tot
1067 2741 1100 2802 et

303 2833 406 2896 tantm
421 2838 592 2898 corruscat
610 2836 793 2911 miraculis,
815 2836 902 2914 quod
922 2837 962 2898 ad
985 2839 1098 2901 tumu-

266 2944 270 2952 ·
303 2933 373 2994 lum
387 2935 460 3010 ejus
479 2934 659 2995 occurrunt
678 2932 718 2994 de
733 2934 874 2995 diversis
888 2935 1002 2996 mundi
1016 2951 1097 3011 par-

304 3029 394 3091 tibus
418 3031 597 3107 peregrini,
620 3031 809 3092 sanctorum
839 3032 989 3108 catalogo
1009 3033 1101 3095 lace-

304 3142 417 3189 remus
446 3127 606 3200 adscribi,
638 3144 699 3188 nos
723 3128 873 3190 nolentes
903 3129 938 3191 in
964 3129 1099 3192 boculi
1129 3183 1130 3188 ,

305 3224 419 3302 aliqua
434 3225 580 3298 levitate,
595 3225 844 3303 inquisitionem
860 3225 959 3303 hujus
974 3228 1098 3304 negotii

306 3321 499 3383 discretioni
514 3325 592 3394 tuae,
609 3322 649 3383 de
671 3337 735 3400 qua
755 3324 887 3399 plenam
903 3324 938 3384 in
960 3325 1098 3386 Domino

306 3419 462 3480 fiduciam
485 3420 684 3488 obtinemus,
710 3420 865 3481 duximus
890 3421 1100 3482 committen-

306 3515 394 3589 dam,
409 3516 610 3579 fraternitati
625 3518 689 3579 tuae
703 3533 762 3593 per
775 3517 964 3595 apostolica
978 3517 1099 3596 scripta

305 3612 512 3686 mandantes,
534 3616 696 3692 quatenus
719 3615 760 3676 de
782 3615 887 3691 ipsius
906 3615 986 3688 vita,
1008 3616 1100 3678 obitu

306 3713 341 3773 et
361 3711 531 3773 miraculis
551 3711 627 3773 ante
649 3713 788 3774 mortem
808 3715 840 3774 et
861 3713 945 3794 post,
969 3729 1099 3776 necnon

306 3807 383 3870 aliis
412 3809 669 3872 circumstantiis
707 3809 878 3886 inquirens
914 3809 1101 3886 diligentis·

307 3905 390 3966 sime
414 3907 598 3978 veritatem,
619 3922 693 3983 quae
714 3907 883 3967 inveneris
901 3907 996 3968 nobis
1018 3907 1101 3970 ilde·

306 4001 385 4063 liter
416 4002 449 4063 et
476 4002 572 4078 plene
603 4001 780 4072 rescribas,
815 4004 851 4065 ut
883 4004 1100 4080 procedamus

307 4098 442 4171 exinde,
466 4102 565 4175 prout
586 4099 766 4159 secundum
789 4102 894 4161 Deum
916 4101 1100 4163 viderimus

306 4194 561 4273 procedendum.
583 4195 700 4257 Datum
716 4197 883 4270 Laterani,
904 4199 949 4259 IX
964 4197 1098 4259 kalend.
1118 4251 1121 4256 .

305 4292 506 4365 novembris,
515 4293 724 4370 pontificatus
733 4295 839 4358 nostri
850 4311 937 4358 anno
947 4296 1098 4373 septimo.

330 4741 384 4803 Ad
400 4738 570 4803 Portuen.
585 4742 791 4814 episcopum,
806 4743 847 4802 A.
858 4743 892 4802 S.
909 4705 1069 4817 aaaron.

580 4877 615 4937 28
630 4877 723 4936 octob.
741 4877 819 4936 ΜΞ.

325 5003 447 5068 [Regest.‚
458 5001 504 5056 lih.
514 4993 571 5064 vll,
580 5001 657 5068 epist.
674 5001 713 5054 27.
731 5003 790 5054 blas.
802 5003 839 5054 La
850 5003 924 5054 Porta
935 5003 970 5054 dn
982 5003 1074 5082 llicit]

305 5126 466 5187 llandatut
479 5142 549 5201 erga
571 5127 705 5186 comimm
725 5127 909 5200 Tolosanum,
926 5135 1009 5202 prout
1026 5128 1100 5202 juris

540 5213 673 5274 suadebit
684 5217 756 5276 ratio
768 5215 865 5275 lactat.

344 5340 524 5411 Honorius,
547 5342 622 5415 etc,
645 5345 830 5406 venerabili
852 5344 986 5406 fratri...
1009 5345 1100 5421 epis-

303 5455 387 5517 copo
402 5439 571 5513 portuen,
588 5443 788 5520 spostolicae
804 5443 899 5505 Sedis
912 5441 1032 5520 legato,
1049 5457 1100 5503 sa·

303 5539 417 5611 lutam,
433 5539 496 5600 etc.

922 239 1100 302 HONORII
1121 239 1166 300 111
1187 241 1334 302 OPERA.

1886 241 1948 304 286

1193 400 1300 472 Quum
1319 399 1433 462 dilecti
1454 399 1553 462 tilii...
1578 399 1800 463 cancellarius
1819 399 1947 462 ‘nohllis

1154 495 1218 556 viri
1234 497 1403 570 amalrici,
1420 496 1549 564 comitis
1561 497 1728 569 Tolosani,
1744 498 1814 560 et..
1828 498 1946 560 archia

1153 592 1315 656 diaconus
1342 593 1533 656 Narbonem.
1565 595 1762 671 procurator
1792 595 1869 656 tuus
1904 592 1947 656 ad

1155 690 1273 752 sedem
1283 691 1508 768 apostolicam
1518 691 1701 763 venientes,
1715 691 1783 754 tam
1796 706 1840 752 ex
1851 693 1948 768 parte

1153 788 1223 858 tua,
1246 803 1345 865 quam
1367 803 1410 850 ex
1432 789 1527 864 parte
1551 788 1632 850 dicti
1654 787 1784 851 comitis
1808 786 1948 850 anobis

1154 884 1298 960 plurima
1329 885 1541 961 postularint,
1578 901 1639 946 nos
1669 884 1806 961 provide
1838 885 1949 946 attan-

1154 982 1280 1054 dentes,
1295 983 1382 1060 quod
1398 982 1439 1044 ad
1452 983 1515 1044 hoc
1528 983 1673 1044 maxime
1683 981 1860 1058 legationis
1873 981 1949 1044 old-

1154 1079 1241 1142 cium
1266 1079 1327 1142 tihi
1359 1079 1586 1142 commisimus
1620 1079 1789 1156 generale,
1819 1081 1856 1142 ut
1878 1079 1949 1142 sta-

1153 1178 1248 1239 tuere
1261 1177 1387 1250 valeas,
1404 1193 1477 1254 quae
1494 1177 1627 1254 negotio
1641 1177 1734 1254 pacis
1754 1178 1787 1239 et
1805 1176 1882 1238 fidei
1896 1177 1949 1239 vi-

1153 1274 1244 1336 deris
1272 1275 1440 1352 expedire,
1475 1274 1675 1338 fraternitati
1699 1276 1779 1346 tuae,
1815 1273 1856 1335 de
1883 1289 1948 1352 qua

1154 1371 1285 1449 plenam
1299 1372 1336 1434 in
1350 1373 1490 1434 Domino
1505 1372 1659 1436 fiduciam
1675 1371 1871 1444 obtinemus,
1889 1387 1949 1448 per

1154 1469 1344 1546 Apostolica
1361 1471 1484 1546 scripta
1504 1470 1712 1542 mandamus,
1728 1470 1891 1546 quatenus
1906 1469 1948 1532 ds

1155 1567 1220 1638 his,
1245 1582 1319 1644 quar
1341 1568 1507 1644 postulata
1528 1567 1673 1639 inerunt,
1699 1567 1804 1628 facias
1832 1582 1892 1643 per
1913 1568 1948 1628 te

1154 1664 1275 1742 ipsum,
1291 1666 1391 1740 prout
1406 1664 1495 1741 juris
1508 1665 1561 1726 vel
1580 1665 1746 1742 aequitatis
1764 1665 1851 1726 ratio
1868 1679 1949 1725 sua-

1154 1761 1253 1833 debit,
1271 1761 1356 1822 alias
1371 1761 1465 1822 adea
1480 1778 1554 1839 qnae
1567 1762 1610 1823 ad
1626 1761 1795 1837 negotium
1811 1762 1902 1837 pacis
1915 1762 1948 1824 el

1154 1857 1231 1920 fidei
1250 1859 1428 1934 pertinent,
1448 1859 1624 1921 intendens
1648 1859 1792 1920 fideliter
1810 1858 1844 1919 et
1866 1873 1948 1934 pru-

1154 1954 1280 2026 denter,
1294 1956 1328 2017 et
1339 1955 1450 2016 comiti
1462 1955 1652 2032 supradicto
1664 1955 1859 2032 impendens
1871 1969 1948 2016 cen·

1153 2051 1266 2112 silium
1281 2053 1314 2112 et
1328 2051 1491 2112 auxilium
1506 2053 1739 2128 opportunum.
1754 2052 1873 2113 Datum
1888 2053 1949 2112 La-

1152 2148 1273 2219 terani,
1295 2149 1339 2209 IV
1360 2147 1492 2208 kalend.
1514 2147 1714 2218 novembris,
1734 2148 1948 2225 pontificatus

1153 2245 1260 2308 nostri
1273 2259 1361 2308 anno
1376 2244 1527 2322 septimo.

1513 2562 1585 2654 XV

1152 2716 1945 2780 Aeaooatemetconventumrcmtntcoensem.

1425 2848 1442 2906 3
1461 2847 1593 2906 novemb.
1614 2849 1693 2908 lm.

1273 2973 1408 3038 themana,
1422 2972 1567 3022 Thesaurus
1579 2972 1679 3030 anecd„
1691 2971 1734 3030 lll,
1747 2970 1829 3036 lala]

1154 3099 1289 3157 Annuum
1308 3097 1449 3156 redditum
1471 3097 1678 3170 quinquaginta
1701 3111 1861 3155 marcarum
1884 3096 1944 3155 aS.

1189 3187 1404 3260 archiepiscopo
1430 3187 1627 3245 cantuariensi
1653 3186 1786 3245 collatum
1807 3185 1850 3244 eis
1875 3199 1945 3244 con·

1188 3276 1293 3334 llrmat.
1588 3289 1591 3296 ·

1193 3399 1945 3478 HonoriusepiscopusservusservorumDei,

1154 3501 1285 3563 dilectis
1300 3499 1378 3560 liliis
1397 3498 1507 3560 abbati
1525 3498 1558 3559 et
1576 3497 1754 3558 conventui
1772 3498 1949 3558 Pontinia-

1154 3599 1257 3670 censi‚
1289 3597 1429 3658 salutem
1464 3595 1497 3657 et
1530 3594 1754 3672 apostolicam
1786 3593 1947 3656 benedic-

1153 3697 1288 3758 tionem.

1193 3791 1297 3856 Justis
1325 3791 1506 3867 petentium
1530 3789 1706 3852 desideriis
1734 3789 1871 3865 dignum
1896 3789 1948 3852 est

1155 3905 1216 3950 nos
1238 3887 1370 3950 facilem
1396 3886 1546 3964 praehere
1570 3901 1777 3960 consensum,
1801 3888 1835 3949 et
1856 3887 1945 3959 rota,

1155 4002 1228 4063 quae
1241 4001 1261 4048 a
1275 3986 1418 4047 rationis
1432 3986 1566 4047 tramite
1587 4000 1653 4045 non
1674 3983 1874 4056 discordant,
1892 3983 1946 4045 el-

1155 4083 1241 4145 lectu
1257 4084 1475 4160 prosequente
1491 4082 1666 4159 complere.
1682 4083 1875 4158 Eapropter,
1889 4081 1945 4142 di-

1154 4180 1231 4242 lecti
1246 4181 1281 4242 in
1296 4179 1436 4241 Domino
1451 4179 1523 4252 lilii,
1542 4179 1663 4240 vestris
1674 4179 1776 4255 justis
1797 4178 1948 4255 postula-

1154 4277 1300 4340 tionihus
1321 4277 1416 4353 grato
1440 4279 1676 4338 concurrentes
1697 4291 1848 4348 assensu,
1879 4290 1956 4336 an-‚

1154 4389 1257 4436 nuum
1285 4374 1449 4436 redditum
1483 4374 1724 4451 quinquaginta
1758 4387 1946 4434 marcarum

1155 4473 1390 4548 sterlingorum
1410 4487 1430 4534 a
1448 4471 1632 4533 venerabili
1648 4471 1751 4534 tratre
1772 4471 1886 4532 nostro
1911 4471 1944 4532 S.

1155 4569 1404 4647 archiepiscopo
1420 4567 1662 4641 cantuariensi,
1677 4567 1815 4644 capituli
1830 4567 1882 4628 sui
1895 4581 1949 4627 ac-

1155 4665 1291 4728 cedente
1306 4679 1484 4736 censensu‚
1498 4663 1552 4739 pia
1562 4663 1656 4724 vohis
1667 4662 1866 4725 liberalitate
1876 4661 1948 4724 col-

1155 4764 1269 4835 latum,
1284 4761 1370 4823 sicut
1384 4777 1458 4821 eum
1470 4761 1562 4836 juste
1573 4761 1609 4821 et
1623 4759 1783 4822 canonice
1797 4773 1838 4822 ae
1852 4759 1947 4836 paci·

1154 4861 1217 4922 tice
1242 4857 1429 4937 possidetis,
1460 4858 1494 4919 et
1515 4855 1552 4918 in
1583 4858 1774 4919 authentico
1797 4856 1947 4935 ejusdem

1154 4955 1396 5033 archiepiscopi
1418 4953 1569 5018 conlecto
1584 4955 1706 5016 exinde
1718 4953 1851 5032 plenius
1866 4969 1948 5016 con·-

1153 5055 1288 5126 tinetur,
1303 5053 1399 5114 vobis
1419 5053 1451 5114 et
1467 5067 1527 5129 per
1540 5067 1599 5114 vos
1615 5052 1818 5115 monasterio
1834 5054 1947 5115 vestro

1154 5149 1550 5226 auctoritateAposiolica
1561 5149 1806 5221 confirmamus,
1822 5152 1855 5213 et
1865 5165 1948 5228 prae-

1154 5247 1257 5310 sentis
1279 5245 1392 5323 scripti
1412 5246 1599 5322 patrocinio
1620 5247 1873 5308 communimus.
1897 5246 1947 5308 Ad

1154 5348 1313 5422 majorem
1339 5344 1449 5405 autem
1483 5343 1532 5404 rei
1558 5343 1772 5416 evidentiam,
1797 5345 1947 5406 tenorem

1153 5441 1455 5519 ipsiusauthentici
1470 5441 1511 5502 de
1525 5441 1626 5502 verbo
1639 5440 1680 5502 ad
1695 5441 1832 5502 verbum
1847 5440 1948 5502 duxi-

1154 5557 1227 5601 mus
1239 5537 1459 5616 praesentihus
1472 5539 1697 5610 inserendum,
1713 5538 1768 5617 qui
1782 5541 1833 5602 est
1847 5538 1924 5610 talis
1936 5559 1945 5599 a
