4274 6388
317 287 378 349 303

361 451 405 510 Ia
423 451 582 511 eunedem
601 452 742 512 modum
765 451 936 525 scriplum
961 451 1014 513 eet
1039 465 1114 512 om-

321 545 420 607 nibus
434 545 581 623 regibus,
596 547 856 620 marchionibus,
876 546 1027 616 ducibus,
1050 561 1111 608 co-

320 643 467 719 mitibus,
491 643 674 706 baronibus
698 645 731 706 et
757 644 833 705 allis
857 643 1026 708 nobilibus
1053 659 1113 721 per

322 740 473 818 singulas
487 741 679 819 provincias
694 741 895 804 constitutis.

616 1043 817 1131 LXXXIII

382 1198 434 1256 Ad
447 1199 635 1257 Btoucltonc
647 1200 866 1257 Francorum
881 1197 1053 1271 reginone.

604 1325 640 1383 lb
650 1326 744 1384 martii
755 1326 835 1384 1223.

449 1450 600 1516 [Maurique
616 1451 708 1502 Annal.
723 1450 836 1508 Cirterc„
851 1449 894 1508 lv,
911 1448 979 1513 tlh]

321 1575 354 1634 m
369 1575 500 1634 concedit
524 1573 685 1634 facultatem
709 1574 833 1633 intrandi
858 1587 924 1632 curn
943 1574 1042 1632 decem
1057 1573 1109 1629 ho·

354 1667 444 1722 uestis
462 1665 627 1722 mulieribus
641 1664 729 1722 semel
743 1665 771 1720 in
787 1665 843 1720 vite
859 1677 910 1720 sue
926 1662 1112 1721 cisterciense

355 1753 558 1810 monesterium
574 1760 602 1810 et
621 1751 738 1811 videndi
757 1755 929 1809 conventum
944 1750 1112 1808 monachos·

355 1857 411 1915 que
424 1841 530 1899 ibidem
545 1849 748 1914 congregatos.

360 1968 528 2029 Honorius
561 1968 748 2044 episeopus,
788 1982 904 2027 servus
939 1981 1111 2026 servorum

321 2064 393 2138 Dei,
410 2065 567 2126 Blanchee
579 2064 704 2127 illustri
724 2063 852 2138 reginae
872 2062 1035 2134 Franciae,
1052 2078 1111 2123 sa-

320 2161 423 2224 lutem
437 2164 472 2225 et
484 2163 707 2238 spostoneam
721 2160 995 2222 benedictionem.

360 2260 456 2332 Vota,
473 2276 546 2336 quae
558 2260 713 2336 pietatem
729 2257 923 2334 respiciunt,
940 2259 973 2318 et
996 2257 1036 2318 ad
1053 2273 1110 2318 sa-

320 2357 424 2420 lutem
439 2357 607 2434 pertinent
630 2356 829 2426 animarum,
851 2355 992 2431 quadam
1009 2369 1110 2414 manu

322 2454 557 2516 sollicitudinis
578 2456 698 2530 juvare
712 2453 876 2521 tenemur,
892 2453 925 2514 et
938 2466 998 2529 pro
1013 2465 1111 2527 posse

320 2553 434 2614 nostro
445 2550 598 2628 diligenti
607 2550 715 2612 studio
724 2549 902 2610 efficaciter
911 2548 1108 2625 promoveri.

320 2649 512 2726 Eapropter,
534 2647 708 2710 carissima
730 2647 765 2708 in
790 2647 920 2708 Christo
940 2646 1020 2717 lilia,
1044 2646 1110 2707 tuis

318 2747 468 2808 honestis
494 2744 791 2823 supplicationibus
821 2743 985 2814 inclinati,
1012 2758 1110 2819 quam

317 2843 461 2905 libenter
476 2843 576 2914 lideli,
592 2843 776 2921 devotoque
795 2841 830 2902 in
845 2841 1015 2918 proposito
1029 2855 1111 2903 oon-

318 2942 479 3012 l'ovemus,
514 2939 661 3002 intrandi
695 2955 770 3000 cum
811 2939 925 3001 decem
961 2937 1110 3000 honestis

318 3037 526 3108 mulieribus,
543 3037 645 3098 semel
669 3037 704 3096 in
718 3037 788 3098 vita
803 3035 871 3107 tua,
888 3037 1037 3111 tempore
1052 3051 1111 3096 ca-

317 3136 415 3214 pituli
430 3133 607 3210 generalis,
625 3133 845 3194 Cisterciense
857 3133 1108 3206 monasterium,

317 3235 351 3295 et
364 3231 498 3294 ridendi
517 3230 728 3301 conventum,
746 3231 779 3291 et
790 3229 875 3290 alios
890 3231 1109 3305 congregatos

318 3330 451 3402 ibidem,
469 3328 555 3405 quod
582 3325 766 3389 devotionis
781 3341 882 3388 causa
906 3327 1020 3388 tenen
1039 3342 1112 3388 mo-

318 3427 430 3489 dicum
449 3425 573 3487 asseris
592 3423 762 3495 affectare,
779 3422 918 3484 liberam
935 3423 997 3485 tibi
1023 3437 1108 3484 auc·

288 3591 293 3598 ,
317 3524 451 3587 toritate
461 3521 674 3599 praesentium
687 3519 899 3582 concedimus
906 3519 1109 3581 facultatem.

316 3620 410 3684 Nulli
424 3635 503 3697 ergo
519 3619 643 3680 nostrae
656 3615 892 3689 concessionis,
909 3616 971 3678 etc.
985 3615 1109 3694 Siquis

318 3721 440 3792 auum,
457 3719 519 3780 etc.
541 3717 659 3778 batum
675 3713 842 3787 Laterani,
857 3714 917 3777 vn
932 3711 1000 3775 hal.
1017 3713 1110 3791 apri-

317 3815 373 3890 lis,
390 3829 479 3878 anno
492 3813 606 3893 quinto
623 3809 801 3893 [septimo].

616 4115 810 4204 LXXXIII

317 4273 369 4334 Ad
390 4270 545 4332 abbatem
572 4267 928 4338 anauahentemo
954 4267 1111 4341 Ltpertnc

355 4368 389 4430 ct
400 4369 559 4442 priorem
578 4367 765 4434 Vosttnen„
785 4364 975 4424 Bituricae.
991 4362 1025 4423 et
1039 4365 1112 4422 Au-

355 4467 512 4527 relianae
525 4464 673 4533 dioeces„
682 4460 715 4521 et
727 4461 1111 4536 [incommemoratum

358 4564 580 4624 Aurelianae.

591 4653 626 4714 29
643 4651 737 4710 martii
753 4651 832 4709 1223.

334 4781 454 4848 [liegest.,
470 4779 517 4831 lib.
532 4777 588 4839 vll,
600 4776 675 4842 epist.
687 4775 741 4826 lod.
754 4773 1094 4841 desinhonorantia]

317 4907 434 4968 blendat
447 4913 478 4964 ut
494 4905 574 4978 Juxta
599 4901 719 4960 formam
747 4901 790 4960 eis
812 4896 944 4958 traditam
965 4899 995 4956 in
1023 4913 1109 4957 eausa

353 4997 426 5054 inter
447 4995 588 5053 decanum
610 4992 760 5051 carnoten.
776 4998 804 5047 et
824 4987 955 5046 abbatem
982 5002 1107 5046 conven-

352 5093 472 5156 tumque
487 5083 515 5141 s.
531 5082 607 5140 Petri
621 5081 772 5140 carnoten.
789 5076 953 5151 procedant.

358 5207 536 5279 Honorius,
570 5207 645 5280 ete,
681 5205 812 5267 dilectis
848 5202 966 5264 filiis...
998 5201 1110 5266 abbati

319 5305 433 5369 Sancti
448 5303 618 5366 Benedicti
632 5318 732 5380 super
744 5301 889 5378 Ligerim
905 5302 938 5363 et
952 5306 990 5363 Α.
1005 5301 1110 5378 priori

316 5404 490 5468 vastinen.
506 5401 675 5462 Bituricen
690 5401 724 5461 et
747 5397 961 5461 aurelianen.
986 5399 1111 5461 dioece·

318 5520 392 5566 sum
408 5502 441 5564 et
455 5501 540 5576 Hug.
558 5497 794 5560 archidiacono
809 5497 1036 5570 aurelianen„
1054 5513 1112 5560 sa·

318 5603 432 5673 lutem,
447 5600 510 5661 etc.

938 291 1114 353 lloNoh-ll
1135 291 1180 352 111
1199 291 1347 366 OPERA.
1440 385 1444 391 Ι

1899 287 1958 348 aul

1206 452 1255 512 Ex
1277 451 1371 528 parte
1383 448 1496 513 dilecti
1511 447 1609 512 tilii...
1638 449 1756 511 decani
1779 446 1955 511 carnoten.

1165 546 1228 609 luit
1253 549 1458 627 propositum
1488 564 1599 611 coram
1624 547 1731 620 nobis,
1755 545 1958 624 quodquam

1166 643 1201 704 in
1214 659 1326 718 causa,
1340 661 1413 722 quae
1428 646 1515 707 inter
1529 660 1604 707 eum
1626 661 1670 706 ex
1684 645 1779 720 parte
1790 657 1868 715 una,
1885 645 1956 704 et...

1166 740 1318 802 abbatem
1334 743 1367 804 et
1379 745 1577 804 conventum
1595 742 1708 804 Sancti
1722 740 1813 802 Petri
1831 741 1959 801 Carno-

1165 838 1233 899 ten.
1248 853 1290 900 ex
1315 838 1431 912 altera,
1458 855 1560 916 super
1580 842 1658 916 jnre
1680 836 1956 909 archidiaconali,

1168 935 1254 1012 quod
1268 951 1304 996 se
1316 935 1440 998 babere
1455 938 1619 1016 proponit,
1637 936 1783 997 acrebus
1796 935 1873 996 aliis
1886 947 1958 995 rer·

1166 1032 1258 1105 titur,
1276 1033 1425 1110 pluribus
1440 1035 1537 1094 annis
1561 1035 1728 1111 protracte
1750 1047 1834 1110 pene
1853 1033 1888 1092 iu
1902 1047 1959 1094 va·

1168 1144 1266 1190 cuum
1288 1129 1485 1202 laborasset,
1509 1131 1541 1192 et
1567 1131 1676 1192 adhuc
1699 1146 1773 1191 eam
1795 1127 1959 1192 metueret

1167 1225 1223 1287 diu
1256 1227 1291 1287 in
1319 1244 1415 1288 suum
1439 1228 1669 1306 praejudieIum
1694 1227 1880 1305 prorogari,
1915 1227 1957 1288 ad

1167 1323 1316 1399 ejusdem
1342 1324 1459 1385 decani
1483 1324 1759 1402 supplicationem
1786 1325 1825 1386 R.
1854 1323 1957 1385 Balbo

1166 1419 1957 1498 archidiaconohothomagen.,eteollegisipsius

1162 1516 1336 1593 judicibus
1350 1517 1384 1578 in
1395 1519 1511 1584 eadem
1526 1534 1626 1580 causa
1639 1519 1800 1594 delegatis
1813 1533 1832 1579 a
1847 1517 1954 1590 nobls,

1166 1613 1350 1676 direximus
1365 1617 1489 1692 scripta
1502 1618 1627 1690 nostra,
1644 1617 1681 1678 ut
1701 1614 1863 1693 usquead
1879 1631 1958 1692 qua·

1166 1709 1243 1772 tuor
1256 1727 1387 1773 menses
1411 1714 1486 1791 post
1507 1714 1748 1790 susceptionem
1769 1714 1955 1775 litterarum

1166 1808 1367 1880 nostrarum,
1375 1810 1543 1886 negotium
1552 1811 1593 1871 ad
1604 1828 1664 1873 nos
1672 1811 1878 1872 remitterent
1886 1807 1956 1870 sul-

1166 1903 1319 1968 licienter
1341 1907 1550 1968 instructum.
1577 1911 1716 1985 Insuper
1733 1908 1827 1970 vobis
1842 1907 1956 1984 injun-

1165 2002 1286 2074 ximus,
1315 2003 1352 2064 ut
1372 2004 1541 2080 praedictis
1569 2005 1737 2081 judicibus
1763 2004 1955 2066 mandatum

1166 2101 1315 2160 nostrum
1331 2098 1575 2175 negligentibus
1594 2102 1787 2178 adimplere,
1812 2117 1872 2163 vos
1890 2116 1955 2162 ex-

1166 2197 1243 2258 tunc
1252 2195 1336 2256 illud
1348 2196 1435 2256 inira
1448 2197 1584 2258 totidem
1597 2211 1728 2258 menses
1740 2199 1878 2274 exsequi
1892 2215 1955 2260 cu·

1164 2294 1297 2356 raretis.
1327 2293 1432 2364 Quum
1457 2294 1567 2357 autem
1591 2294 1632 2355 ad
1658 2311 1717 2356 vos
1748 2295 1791 2357 sit
1810 2295 1956 2372 potestas

1164 2390 1351 2453 instruendi
1372 2392 1553 2467 negotium,
1571 2392 1762 2454 memoratis
1783 2391 1955 2469 judicibus

1165 2503 1282 2563 parum
1297 2487 1384 2550 inlra
1397 2489 1570 2566 praefixum
1588 2490 1637 2551 eis
1651 2491 1780 2566 ternpus
1803 2488 1958 2552 iacienti-

1165 2585 1236 2658 bus,
1253 2585 1419 2657 devoluta,
1430 2587 1576 2648 decanus
1589 2588 1671 2663 ipse,
1682 2587 1804 2648 timens
1818 2602 1861 2647 ne
1876 2585 1956 2663 quid

1165 2682 1206 2742 ad
1229 2682 1481 2745 instructionem
1506 2699 1616 2745 causae
1640 2683 1783 2756 deliciet,
1807 2684 1956 2758 fugiente

1165 2779 1309 2840 maxime
1323 2781 1418 2857 parte
1443 2779 1596 2852 adversa,
1613 2796 1654 2840 ne
1672 2780 1838 2841 malitiose
1858 2781 1955 2842 dica-

1164 2892 1238 2936 mus
1260 2878 1390 2952 agente,
1416 2878 1590 2954 prorogari
1613 2878 1742 2954 tempus
1766 2876 1957 2954 huiusmodi

1164 2973 1243 3034 tunc
1261 2973 1432 3036 humiliter
1453 2973 1643 3050 postularit.
1659 2976 1728 3035 Nos
1743 2989 1822 3048 ergo
1838 2987 1957 3049 super-

1164 3070 1322 3132 addentes
1333 3071 1472 3132 duorum
1481 3071 1645 3133 mensium
1656 3071 1798 3148 spatium
1813 3070 1957 3132 termino

1165 3169 1366 3244 supradicte,
1389 3168 1582 3231 discretioni
1597 3169 1716 3230 vestrae
1731 3183 1790 3245 per
1808 3169 1956 3244 Aposto-

1164 3265 1228 3326 lica
1244 3266 1366 3342 scripta
1379 3267 1584 3337 mandamus,
1597 3265 1759 3342 quatenus
1774 3265 1809 3326 iu
1824 3264 1957 3340 negotio

1164 3362 1238 3438 ipso
1248 3364 1344 3439 iuxta
1358 3361 1497 3424 formam
1513 3363 1606 3425 robis
1626 3363 1792 3436 traditam,
1807 3361 1957 3439 appella·

1164 3459 1254 3520 tione
1278 3459 1472 3535 postposita,
1491 3460 1621 3521 ratione
1646 3460 1772 3536 praevia
1796 3457 1957 3536 proceda-

1164 3555 1218 3616 tis.
1247 3555 1391 3626 Quodsi
1419 3571 1487 3618 non
1509 3571 1635 3630 omnes,
1661 3557 1723 3620 etc.
1744 3558 1863 3619 Datum
1887 3557 1955 3616 La-

1165 3652 1285 3724 terani,
1293 3654 1336 3714 lv
1347 3651 1480 3715 kalend.
1492 3655 1620 3732 aprilis,
1629 3655 1839 3732 pontificatus
1850 3652 1955 3716 nostri

1165 3764 1253 3812 anno
1268 3751 1419 3827 septimo.

1476 4065 1649 4153 LXXXV

1184 4215 1236 4276 Ad
1257 4215 1411 4276 abbatem
1439 4217 1473 4278 et
1493 4217 1698 4280 conventu-m
1717 4219 1759 4280 de
1776 4219 1933 4280 bambae.

1437 4347 1473 4405 29
1489 4348 1584 4404 martii
1602 4349 1681 4408 lna.

1293 4463 1512 4534 [Urlrunde'nhuch
1526 4471 1558 4522 ob
1571 4471 1701 4530 deridens,
1710 4471 1740 4530 ll,
1749 4469 1816 4536 tlt]

1165 4585 1375 4656 Possessiones,
1396 4585 1528 4644 homiues
1554 4593 1583 4644 et
1608 4601 1655 4646 res
1681 4587 1752 4644 alles
1775 4587 1804 4644 ei
1827 4601 1842 4645 a
1867 4590 1900 4645 Ι).
1920 4586 1956 4644 de

1182 4675 1271 4732 Puhel
1287 4692 1338 4750 pro
1352 4675 1444 4734 salute
1454 4675 1558 4733 animae
1574 4691 1634 4733 suae
1648 4675 1766 4734 collatas
1777 4677 1937 4734 cenllrmet.

1204 4812 1567 4889 Honoriusepiscopus,
1575 4827 1691 4872 servus
1704 4827 1877 4874 servorum
1884 4813 1955 4884 Dei,

1164 4909 1294 4971 dilectis
1306 4909 1384 4969 liliis
1397 4907 1509 4971 abbati
1520 4910 1552 4971 et
1564 4909 1791 4972 conventuide
1802 4909 1956 4982 Lambac,

1165 5008 1303 5082 salutem
1319 5007 1351 5068 et
1363 5006 1587 5082 apostolicam
1600 5006 1876 5068 benedictionem.

1204 5106 1342 5176 Quuma
1371 5103 1466 5165 nobis
1483 5105 1604 5181 petitur
1618 5103 1704 5181 quod
1723 5105 1850 5182 justum
1864 5105 1958 5165 estet
2005 5145 2008 5152 -

1163 5202 1350 5272 honestum,
1367 5201 1434 5262 tam
1449 5202 1546 5276 vigor
1570 5200 1736 5277 aequitatis
1752 5215 1850 5277 quam
1876 5200 1957 5262 ordo

1164 5299 1269 5374 exigit
1283 5297 1435 5369 rationis,
1453 5299 1489 5358 ut
1500 5296 1531 5357 id
1553 5313 1613 5375 per
1628 5297 1885 5360 sollicitudinem
1902 5297 1956 5358 ol-

1164 5397 1232 5458 llcii
1260 5396 1366 5458 nostri
1388 5395 1429 5456 ad
1453 5394 1598 5455 debitum
1625 5396 1828 5472 perducatur
1856 5395 1959 5457 effec-

1164 5496 1244 5558 tum.
1261 5495 1445 5569 Eapropter
1458 5491 1571 5552 dilecti
1586 5491 1621 5552 in
1645 5492 1786 5554 Domino
1800 5491 1862 5554 filii
1877 5509 1957 5556 res-

1164 5588 1958 5669 trisjustispostulationibusgratoconcurrentes
