4244 6374
158 219 218 280 549

158 379 281 438 terram
294 374 526 439 nobilisviri...
537 375 791 449 ducisnustriae‚
802 395 837 439 se
848 379 953 439 trans-

157 471 256 544 ferre,
274 472 515 535 iraternitatein
538 474 630 534 tuam
652 488 807 548 rogamus
824 476 856 536 et
868 475 951 536 hor·

156 568 268 630 tamur
290 571 430 641 attente,
454 576 618 646 quatenus
643 569 736 632 tuum
757 571 866 632 adhuc
889 570 952 632 sibi

157 665 334 726 consilium
355 667 387 728 et
404 665 567 728 auxilium
586 668 743 744 tanquam
751 667 787 726 in
800 667 951 728 adversi-

156 759 224 822 tate
235 762 423 838 huJusmodi
437 763 662 824 necessarium
675 762 859 824 liberaliter
869 765 901 824 et
914 763 952 823 li-

155 856 273 918 benter
300 859 510 934 impendens,
526 859 573 920 ita
593 859 678 937 quod
694 859 759 935 ipsi
773 861 904 920 consilii
919 862 952 920 et

156 953 276 1014 auxilii
298 955 348 1014 tui
371 970 432 1031 ope
457 955 603 1026 suffulto,
627 955 702 1032 post
723 956 950 1032 tempestatem

156 1049 373 1127 tranquillum
392 1051 426 1112 et
444 1050 598 1115 serenum
614 1053 688 1128 post
702 1052 851 1112 nubilum
864 1053 952 1112 tam-

156 1145 231 1206 dem
246 1147 336 1208 dant.
354 1148 472 1209 Datum
488 1147 656 1220 Laterani,
674 1148 841 1209 v111Xal.
860 1164 951 1209 mar-

156 1243 207 1315 tii,
222 1244 433 1322 pontificatus
447 1246 554 1307 nostri
568 1261 658 1309 anno
672 1246 800 1308 octavo.

450 1519 662 1606 CXXXVII

315 1671 369 1731 Ad
387 1671 582 1744 episcopum
602 1671 783 1745 Reptnum.

447 1797 482 1857 23
502 1796 558 1855 leb.
579 1798 657 1857 1211.

250 1919 380 1986 [Theman
398 1921 459 1973 cod.
473 1920 535 1986 dipl.
551 1921 659 1971 dominii
671 1925 762 1985 temp„
774 1920 793 1976 l,
805 1920 856 1984 ta]

156 2043 190 2102 nt
204 2044 336 2102 concedit
350 2044 569 2191 liunderziumAdzal
586 2045 722 2144 ituncillis
738 2050 769 2101 et
782 2041 951 2102 Bundenum

476 2147 492 2188 e
537 2146 649 2194 turno.

195 2249 275 2308 Gum
285 2247 949 2311 BundennmdeBuncillisetBundenum

155 2343 196 2405 de
210 2343 370 2414 Arduino,
399 2361 473 2422 quae
498 2361 542 2406 ex
568 2345 748 2418 donatione
771 2345 949 2406 comitissas

155 2441 329 2502 Mathildis
342 2441 382 2504 ad
404 2444 588 2504 itomanam
603 2442 753 2518 spectant
767 2440 949 2503 Ecclesiam

153 2535 191 2599 in
208 2539 264 2600 tna
276 2540 343 2601 siut
357 2539 492 2602 dioeoesi
504 2539 705 2613 constituta;
720 2553 781 2599 nos
797 2539 838 2599 de
853 2553 948 2599 com-

153 2635 247 2695 muni
272 2635 412 2697 fratrum
435 2635 625 2698 nostrorum
642 2649 795 2706 assensu,
812 2649 851 2696 ea
874 2650 949 2696 oum

153 2731 363 2808 pertinentiis
375 2731 448 2804 tibi,
461 2731 950 2808 etsuccessoribustuisusque
979 2763 980 2792 2

154 2827 195 2888 ad
212 2828 349 2904 triginta
364 2844 469 2891 annos
484 2829 628 2890 tenenda
644 2825 867 2899 concedimus,
887 2827 949 2888 suh

153 2925 290 3000 triginta
306 2925 468 2986 librarum
483 2924 753 3002 proveniensium
769 2939 872 2984 censu
886 2927 949 2985 Ro

152 3037 252 3083 mano
267 3021 432 3091 Pontifici,
447 3022 503 3098 qui
518 3036 579 3096 pro
587 3023 736 3096 tempore
751 3018 862 3092 tuerit,
877 3035 949 3096 per

153 3117 311 3180 solvendo
326 3134 386 3196 pro
399 3119 596 3179 investitura
609 3116 757 3178 locorum
772 3117 948 3192 ipsoruma

152 3215 186 3277 te
201 3215 307 3288 nobist
324 3215 358 3276 et
372 3215 496 3276 eisdem
507 3213 666 3274 iratribus
678 3214 801 3274 nostris
814 3214 948 3275 trecen-

151 3313 196 3373 tis
205 3312 300 3372 libris
309 3311 586 3389 proveniensihus
595 3308 783 3387 persolutis.
792 3311 946 3372 Termino

152 3410 263 3471 autem
277 3410 433 3470 veniente
447 3407 604 3484 piaedioto
619 3407 705 3484 qnod
717 3406 804 3468 inter
818 3410 944 3470 Roma-

150 3521 229 3566 nam
242 3505 425 3567 Ecclesiam
436 3517 537 3582 super
548 3503 622 3575 ltoc,
637 3505 670 3566 et
679 3505 710 3567 te
726 3505 759 3566 et
772 3520 947 3566 successo-

151 3617 208 3664 res
224 3604 298 3664 tuos
310 3603 514 3672 convenerit,
529 3601 723 3664 observetur
741 3602 827 3678 quod
843 3602 872 3662 si
887 3603 943 3662 ni-

150 3698 200 3760 hil
214 3699 418 3770 convenerit,
440 3699 513 3760 loca
541 3698 668 3770 eadem,
694 3698 812 3760 solutis
838 3699 944 3774 primo

151 3796 303 3858 ecclesias
311 3797 510 3872 Baginensis
519 3795 831 3872 expensisntilibns,
843 3785 876 3857 et
884 3811 946 3855 ne-

151 3895 318 3965 cessariis,
334 3893 438 3954 libere
453 3892 494 3954 ad
510 3893 628 3955 Sedem
643 3893 866 3969 apostoticam
884 3909 943 3954 re-

149 3991 335 4052 vertantur.
358 3991 450 4051 Nulli
464 4005 555 4065 ergo,
572 3991 634 4050 etc.
648 3990 767 4051 Datum
788 3990 944 4051 Laterani

150 4087 290 4162 septimo
305 4085 466 4147 kalendas
481 4086 592 4147 martii
612 4085 821 4162 pontificatus
837 4083 943 4148 nostri

150 4197 240 4244 anno
252 4185 381 4246 octavo.

432 4458 664 4546 CXXXVIII

149 4610 201 4670 Ant
218 4611 375 4682 priorem
389 4608 425 4667 et
445 4609 651 4669 conventum
664 4610 698 4669 S.
715 4611 882 4669 tonnano
904 4613 941 4669 tn

372 4705 487 4766 monte
499 4708 719 4767 Bononiensi.

405 4833 440 4890 at
462 4832 593 4890 februarii
609 4834 687 4892 litt.

161 4956 279 5021 [1115111.
287 4956 332 5008 lib.
344 4956 409 5015 lllll,
420 4955 493 5020 epist.
506 4954 561 5006 288.
578 4957 636 5008 ldss.
652 4958 771 5010 LaPorte
782 4957 818 5009 du
830 4957 923 5021 insit]

149 5080 264 5138 llandat
281 5088 313 5138 ut
325 5080 478 5153 quomdam
493 5081 621 5153 peonniae
635 5095 787 5148 summam,
806 5081 848 5138 eis
862 5096 939 5138 com·

196 5169 324 5238 missam,
341 5168 505 5226 marchione
517 5167 718 5226 Montisterreti
730 5170 889 5242 assignent.

187 5303 365 5375 Honorius,
393 5307 468 5376 etc,
489 5303 620 5366 dilectis
636 5303 751 5366 tiliis...
778 5305 882 5380 priori
908 5305 941 5366 et

148 5402 324 5464 conventui
338 5402 451 5464 Sancti
464 5401 627 5465 iohannis
645 5387 684 5465 in
699 5401 810 5463 monte
826 5404 939 5464 Bono-

148 5498 267 5566 niensi,
285 5499 435 5568 salutem,
453 5500 516 5560 etc.

767 205 994 284 aristeum.
1019 222 1096 281 nte.
1120 222 1207 281 viu.

1737 223 1797 284 550

1047 380 1172 441 Vestrae
1188 378 1373 440 devotionis
1389 379 1547 440 habemus
1562 380 1690 442 litteras
1715 397 1806 466 con-x

1006 474 1162 547 timentes,
1186 475 1271 551 quod
1295 475 1496 535 venerahilis
1518 476 1621 538 irater
1644 479 1793 542 noster...

1006 571 1797 651 Norvicensisepiscopus,tuncelectusetcame-

1006 668 1116 728 rarius
1136 671 1259 739 noster,
1277 669 1390 745 quinta
1406 668 1488 731 teria
1508 672 1581 756 ppst
1600 671 1718 731 testum
1735 674 1797 733 Re*

1006 765 1222 826 surrectionis
1231 765 1409 826 Dominicae
1425 766 1623 843 quingentas
1636 768 1754 842 viginti
1764 769 1797 828 et

1005 875 1104 920 unam
1116 876 1261 921 marcam
1283 863 1406 938 septem
1421 861 1555 932 salidos,
1568 864 1601 923 et
1613 863 1724 923 decem
1738 863 1797 922 de·

1005 957 1117 1018 narios
1144 956 1379 1034 sterlingorum
1404 974 1564 1019 novorum
1592 959 1626 1018 in
1652 959 1796 1036 quinque

1005 1053 1147 1114 sacculis
1176 1057 1309 1116 nomine
1347 1058 1460 1116 nostro
1491 1056 1649 1116 custodiae
1675 1060 1795 1118 vestrae

1005 1151 1178 1214 commisit.
1207 1152 1367 1223 Quocirca
1382 1151 1575 1213 discretioni
1599 1154 1718 1214 vestrae
1737 1155 1797 1229 pei

1003 1247 1194 1322 Apostolioa
1235 1249 1358 1327 scripta
1393 1249 1599 1322 mandamus,
1633 1250 1795 1327 qnatenus

1004 1357 1064 1420 per
1078 1359 1196 1404 manns
1210 1345 1411 1407 venerahilis
1425 1346 1537 1408 fratris
1557 1347 1699 1407 nostri.‚.
1716 1349 1795 1406 Mu-

1005 1439 1118 1500 nensis
1134 1441 1281 1517 episcopi
1293 1441 1484 1518 praedictam
1499 1443 1647 1519 pecuntae
1664 1445 1798 1520 quanti-

1004 1534 1106 1596 tatem
1121 1536 1224 1597 nobili
1239 1539 1349 1599 viro...
1364 1538 1797 1601 marchioniMontislerrati

1005 1632 1178 1708 assignare
1197 1635 1333 1695 minime
1359 1634 1533 1698 differatIs.
1554 1638 1672 1698 Datum
1695 1637 1795 1698 Late-

1005 1730 1092 1799 rani,
1108 1733 1202 1792 sexto
1221 1731 1383 1793 kalendas
1409 1733 1531 1804 martii,
1555 1748 1642 1796 anno
1667 1735 1793 1794 octavo.

1309 2017 1500 2118 CXXXIX

1169 2183 1221 2241 Ad
1232 2181 1388 2242 aetatem
1400 2185 1442 2243 de
1456 2179 1625 2244 Gotnntod.

1264 2309 1300 2367 11
1314 2309 1448 2368 februarii
1461 2310 1540 2369 itti.

1019 2414 1139 2495 magen,
1152 2431 1196 2482 nn.
1213 2433 1277 2489 vin.
1294 2433 1369 2497 epist.
1382 2430 1437 2483 no.
1449 2435 1507 2484 ua.
1520 2434 1641 2485 aaroni
1653 2427 1688 2483 aa
1701 2434 1781 2484 rnen

1038 2556 1118 2615 Idem
1131 2565 1332 2630 argumentum
1347 2572 1434 2631 quam
1448 2559 1603 2631 superioris
1621 2559 1759 2632 epistole.

1041 2689 1221 2763 HonorIuS,
1246 2693 1322 2763 etc,
1339 2693 1460 2754 dilecto
1484 2692 1591 2753 tilio...
1623 2691 1733 2755 abbati
1757 2693 1797 2754 de

979 2825 980 2834 ,
1003 2788 1172 2860 Columba,
1191 2790 1379 2851 salutemet
1399 2790 1621 2866 Apostolioam
1634 2789 1795 2852 bananica

979 2929 981 2937 ,
1002 2886 1140 2946 tionem.

1041 2984 1119 3043 Tuae
1144 2981 1329 3044 devotionis
1347 2982 1507 3044 habemus
1531 2983 1660 3046 litteras
1684 2985 1796 3047 conti-

1001 3079 1131 3150 nentes,
1147 3079 1233 3157 quod
1248 3079 1413 3142 solutione
1437 3080 1534 3156 plene
1560 3079 1646 3142 tacta
1669 3082 1796 3143 nuntiis

1001 3174 1122 3236 nobilis
1137 3176 1238 3237 viri...
1255 3177 1459 3238 marchionis
1468 3176 1719 3250 Montisterrati,
1736 3194 1794 3240 se-

1001 3274 1144 3334 eundum
1159 3274 1437 3351 computationem
1452 3275 1611 3350 ipsorum,
1626 3276 1795 3350 octoginta

1000 3386 1121 3432 marcae
1142 3369 1218 3431 auri
1245 3371 1286 3432 de
1310 3370 1451 3433 Palliola
1480 3369 1512 3433 et
1537 3371 1674 3434 dimidia
1693 3388 1796 3449 penes

999 3469 1790 3545 monasteriumtuumindepositoremanserunt.

1000 3565 1160 3636 Quocirca
1175 3566 1389 3642 praesentium
1401 3566 1462 3627 tihi
1477 3566 1675 3628 auctoritate
1692 3581 1792 3628 man-

999 3661 1127 3733 damus,
1141 3663 1304 3739 quatenus
1326 3663 1502 3740 praedictas
1515 3662 1682 3737 octoginta
1697 3644 1792 3724 mar-³

999 3773 1055 3820 cas
1070 3761 1263 3836 parmenus
1278 3758 1479 3821 venerabilis
1494 3759 1608 3820 fratris
1631 3759 1788 3820 nostri....

998 3854 1196 3916 Mutinensis
1216 3855 1364 3932 episcopi
1378 3853 1699 3921 eidem'marchione
1723 3871 1790 3916 non

998 3951 1134 4014 differas
1149 3952 1332 4027 assignare.
1348 3951 1468 4012 Datum
1482 3952 1649 4038 Laterani,
1665 3954 1707 4014 Vl
1722 3952 1789 4014 lta*

998 4048 1114 4110 leudes
1129 4047 1252 4122 martii,
1269 4062 1357 4109 anno
1372 4047 1499 4108 octavo.

1015 4504 1067 4563 Ad
1081 4501 1234 4563 abbatem
1258 4500 1292 4560 et
1307 4501 1512 4562 concentum
1536 4503 1577 4562 tte
1590 4503 1765 4562 Leucedtoz
1782 4543 1784 4547 -

1255 4629 1290 4688 11
1302 4627 1434 4690 februarii
1449 4629 1528 4688 11111

1011 4755 1130 4820 11113111,
1142 4755 1187 4804 111).
1207 4753 1273 4811 vill,
1282 4753 1355 4818 epist.
1366 4751 1422 4802 nst.
1434 4753 1493 4806 tiss.
1503 4753 1539 4802 La
1551 4752 1626 4804 Poste
1635 4751 1669 4802 tiu
1678 4751 1772 4818 then]
1827 4783 1831 4790 ·

1027 4879 1108 4937 idem
1124 4885 1324 4952 argumentum
1342 4892 1427 4950 quam
1446 4877 1602 4949 superioris
1613 4877 1750 4948 epistolae.

1034 5012 1213 5078 Honorius,
1236 5011 1311 5082 etc,
1337 5009 1468 5072 dilectis
1490 5009 1605 5078 tiliis...
1627 5009 1738 5074 abbati
1755 5013 1788 5072 et

995 5111 1171 5173 conventui
1187 5109 1227 5170 de
1242 5108 1417 5179 Leucadio,
1435 5106 1586 5178 salutem,
1603 5108 1665 5170 etc.

1033 5209 1160 5270 Vestrae
1184 5205 1369 5270 devotionis
1382 5204 1541 5266 hahemus
1557 5204 1685 5266 litteras
1700 5221 1784 5268 con-

993 5305 1148 5373 tinentes,
1165 5303 1249 5380 quod
1273 5317 1332 5364 vos
1359 5318 1378 5362 a
1405 5301 1525 5363 dilecto
1554 5301 1625 5364 illio
1649 5303 1786 5380 AEgidio

995 5402 1196 5464 subdiacono
1209 5401 1242 5461 et
1256 5398 1428 5476 capellano
1452 5401 1565 5460 nostro
1592 5399 1653 5460 sub
1674 5401 1785 5461 vestra

971 5481 974 5492 ’
995 5501 1026 5560 11
1039 5499 1189 5560 ecclesiae
1210 5497 1330 5557 vestrae
1346 5496 1495 5557 custodia
1510 5496 1682 5570 recepistis
1698 5512 1784 5572 qua-
