4244 6374
144 288 201 347 601

143 447 247 508 tionis
260 447 293 508 et
303 445 593 520 inhibitioniseto.
605 447 640 508 Si
653 448 727 524 quis
738 446 860 521 autem,
873 449 934 510 eto.

183 545 302 605 Datum
325 545 492 616 Laterani,
520 546 549 604 ΙΙ
571 560 676 606 nonas
699 545 828 622 aprilis,
849 561 936 607 anno

144 642 272 704 octavo.

428 871 651 958 CLXXXVI

157 1015 209 1073 Act
224 1014 396 1074 rectorem
413 1015 446 1074 ct
460 1015 592 1087 dairas
611 1016 732 1074 domus
746 1013 923 1086 sospitato

420 1113 458 1170 ira
482 1113 655 1172 Vrtderctu.
763 1137 764 1141 ¹

426 1241 555 1315 dapsilis
572 1242 650 1298 liii.

295 1365 423 1430 [Chronic.
434 1365 463 1416 G.
478 1365 594 1416 Wilisch.
605 1365 736 1424 Xirchen.,
748 1367 782 1431 1.]

142 1484 291 1542 Rectorem
308 1492 337 1542 et
351 1483 453 1542 tratres
467 1483 571 1541 domus
589 1481 737 1556 hospitalis
751 1484 781 1540 in
798 1481 937 1542 Vriberch

194 1588 260 1631 cum
275 1572 409 1630 omnihus
423 1572 505 1630 bonis
520 1571 740 1645 patrocinandos
754 1572 881 1644 suscipit.

181 1699 351 1762 Honorius
362 1696 934 1774 episcopus,servusseruorumDei‚

140 1796 272 1858 dilectis
282 1795 362 1855 tiliis
377 1796 499 1856 rectori
514 1795 548 1856 ct
561 1793 721 1856 fratribus
735 1795 851 1856 domus
863 1793 937 1854 hos·

141 1892 254 1969 pitalis
269 1892 304 1952 in
318 1893 491 1964 Vriherch,
508 1892 660 1962 salutem,
677 1891 738 1952 etc.

183 1989 274 2051 Solet
297 2005 446 2050 annuere
469 1989 572 2051 Sedes
586 1988 776 2066 Apostolica
791 1988 856 2064 piis
871 2003 934 2048 vo·

141 2088 185 2148 tis
211 2089 245 2147 et
269 2087 418 2148 honestis
450 2087 632 2164 petentium
663 2085 817 2163 precihus
836 2084 935 2147 favo-

140 2199 211 2244 rem
226 2183 422 2245 benevolum
433 2183 811 2260 impertiriliapropter,
823 2181 934 2243 dilecti

140 2281 176 2346 in
198 2280 338 2341 Domino
359 2281 430 2353 tilii,
449 2281 568 2350 vestris
584 2281 684 2357 justis
706 2279 860 2357 precibus
877 2279 934 2340 in-

141 2378 267 2449 clinati,
291 2393 452 2455 personas
468 2379 597 2441 vestras
617 2379 650 2440 et
672 2378 792 2449 locum,
812 2378 848 2438 in
871 2392 935 2454 quo

142 2475 255 2537 divino
270 2476 350 2537 estis
363 2475 522 2552 obsequio
534 2475 727 2552 mancipati,
742 2490 816 2536 cum
827 2474 937 2536 omni-

140 2572 201 2632 bus
215 2572 312 2634 benis
328 2588 401 2650 quae
421 2573 457 2633 in
477 2573 730 2649 praesentiarum
745 2571 934 2634 rationabi-

141 2669 219 2730 liter
233 2670 454 2746 possidentur,
472 2670 529 2731 aut
542 2670 576 2730 in
589 2668 736 2732 futurum
748 2669 848 2746 justis
863 2685 936 2730 mo-

142 2767 205 2838 dis,
228 2769 407 2844 praestante
431 2768 581 2838 Domine,
605 2768 760 2843 poterunt
781 2766 932 2842 adipisci,

142 2863 202 2925 suh
217 2864 306 2925 beati
321 2865 412 2926 Petri
427 2866 460 2926 et
475 2865 588 2925 nostra
603 2862 808 2940 protectione
822 2863 934 2924 susci-

142 2961 260 3038 pimus.
278 2961 474 3038 Speoialiter
488 2960 599 3051 autem
611 2961 740 3022 vestras
756 2961 936 3036 possessio·

141 3074 200 3118 nes
212 3059 244 3120 et
253 3057 320 3118 alia
329 3058 417 3118 hona
430 3059 552 3129 vestra,
565 3057 652 3118 sicut
661 3073 700 3118 ea
712 3057 823 3118 omnia
832 3057 933 3134 juste,

141 3155 302 3216 canonice
322 3171 361 3216 ac
376 3155 515 3232 pacifice
530 3154 705 3231 possidetIs
720 3153 814 3215 vobis
829 3156 863 3215 et
876 3169 936 3230 per

140 3269 199 3315 vos
215 3253 322 3314 eidem
333 3252 490 3329 hospitali
503 3254 612 3314 vestro
625 3251 822 3313 auctoritate
834 3253 936 3328 Apos-

140 3351 241 3414 tolioa
276 3350 526 3421 confirmamus,
556 3351 589 3411 et
616 3349 791 3426 praesentis
820 3348 934 3426 scripti

140 3448 316 3525 privilegio
332 3448 585 3509 communimus.
600 3445 691 3508 Nulli
707 3462 787 3522 ergo
800 3446 934 3507 omnino

141 3546 311 3607 hominurn
327 3547 426 3607 liceat
440 3544 527 3606 hano
542 3545 698 3622 peginam
720 3544 841 3605 nostrae
857 3559 936 3620 pro-

140 3643 294 3704 tectionis
321 3643 354 3704 et
377 3643 639 3704 confirmationis
665 3640 859 3730 intringere,
881 3640 934 3702 vel

142 3741 174 3800 ei
188 3755 271 3801 ausu
284 3741 463 3802 temerario
483 3739 661 3802 contraire.
686 3740 721 3800 Si
737 3739 811 3816 quis
824 3739 934 3801 autem

140 3837 204 3899 hcc
216 3838 379 3900 attentare
398 3837 657 3914 praesumpserit,
670 3835 933 3913 indignationem

141 3935 373 4011 omnipotentis
386 3935 446 3995 Dei
456 3934 490 3996 et
503 3933 674 3996 beatorum
687 3935 777 3996 Petri
792 3935 828 4010 et
838 3933 935 3996 Pauli

140 4032 364 4109 apostolorum
390 4034 462 4108 ejus
484 4032 680 4093 sonaverit
707 4033 931 4093 incursurum.

141 4129 259 4190 Datum
276 4127 444 4199 Laterani,
461 4127 559 4189 nonis
572 4127 701 4204 aprilis,
718 4129 931 4205 pontificatus

141 4225 246 4287 nestri
257 4239 346 4285 anno
361 4225 490 4286 octava.

415 4472 660 4558 CLXXXVII

141 4617 193 4674 Ad
212 4614 367 4675 abbatam
390 4615 424 4675 at
442 4615 646 4676 convectum
667 4617 708 4674 de
732 4615 932 4676 camberon.

422 4745 440 4802 tt
454 4745 551 4817 aprilis
572 4747 649 4803 1224.

157 4859 279 4924 [Menum.
295 4873 361 4924 pour
372 4859 474 4909 servire
487 4860 565 4910 l'lrist.
577 4861 621 4910 des
631 4859 763 4925 proriuoes
773 4861 804 4911 dc
816 4861 920 4920 Namur,

388 4934 451 4979 tom.
460 4930 491 4986 11,
506 4943 525 4988 1,
537 4929 577 4989 tt,
592 4944 618 4982 n.
636 4931 685 4996 tt]

177 5049 234 5104 Eos
245 5061 310 5104 oum
321 5043 454 5102 omnihus
468 5045 551 5104 bonis
563 5045 755 5120 protegendos
769 5048 897 5121 suscipit.

183 5175 288 5244 Quum
306 5187 327 5232 a
346 5171 441 5234 nohis
461 5173 586 5249 petitur
598 5173 683 5250 quod
694 5175 822 5250 justum
838 5174 889 5235 est
902 5175 935 5238 et

741 288 969 349 EPISTOLAE.
993 290 1071 350 LIB.
1095 291 1180 350 VIII.

1727 300 1788 360 602

992 448 1181 522 honestum,
1200 449 1268 510 tam
1288 450 1385 527 algor
1407 453 1575 530 aequitatis
1591 469 1689 532 quam
1706 457 1788 519 ordo

992 546 1097 622 exigit
1107 547 1261 619 radonis,
1273 548 1311 609 ut
1321 547 1355 608 id
1366 565 1427 625 per
1437 551 1695 616 sollicitudinem
1707 554 1786 616 otd-

992 643 1035 704 cii
1056 643 1161 704 nostri
1176 644 1217 704 ad
1239 643 1386 706 debitum
1400 647 1600 722 perducatur
1620 651 1785 714 effectum.

991 741 1038 800 Ea
1057 740 1201 817 propter,
1219 741 1331 803 dilecti
1355 743 1390 802 in
1412 744 1551 805 Domino
1571 745 1642 819 filii,
1666 749 1787 811 vestris

987 838 1087 913 JustIs
1111 838 1391 914 postulationihus
1425 841 1519 916 grato
1550 848 1786 908 concurrentes

991 949 1142 1007 assensn,
1164 951 1324 1010 personas
1345 939 1475 1000 vestras
1491 941 1524 1000 et
1541 940 1650 1001 locum
1667 942 1702 1001 in
1722 959 1785 1018 quo

991 1031 1104 1092 divino
1120 1032 1200 1093 estis
1213 1033 1372 1111 obsequio
1385 1037 1576 1114 mancipati,
1592 1055 1666 1100 cum
1677 1043 1787 1101 omni·

990 1127 1052 1188 bus
1072 1127 1167 1189 honis
1180 1146 1253 1210 quae
1272 1131 1306 1191 in
1329 1133 1582 1208 praesentiarum
1597 1135 1785 1198 rationabi-

991 1224 1069 1286 liter
1081 1226 1238 1302 possidet,
1251 1230 1309 1289 aut
1321 1229 1358 1288 in
1379 1229 1528 1291 futurum
1546 1231 1648 1308 justis
1667 1233 1785 1306 modis,

991 1318 1168 1398 praestante
1203 1324 1353 1396 Domino,
1379 1327 1502 1402 peterit
1538 1329 1689 1406 adipisci,
1724 1330 1784 1391 sub

989 1419 1078 1480 beati
1093 1420 1183 1480 Petri
1195 1420 1227 1480 et
1237 1421 1350 1482 nostra
1360 1421 1564 1498 protectione
1573 1426 1785 1502 suscipimus·

992 1515 1189 1592 specialiter
1202 1519 1315 1579 autem
1329 1519 1436 1580 terras
1452 1519 1492 1580 de
1508 1521 1635 1594 Hulste‚
1653 1539 1787 1600 posses-

991 1613 1103 1672 siones
1118 1614 1150 1674 et
1165 1629 1312 1687 nemora,
1327 1631 1346 1676 a
1361 1615 1461 1678 clarae
1480 1619 1649 1680 memoriae
1665 1597 1786 1682 ausui

989 1709 1048 1781 tio,
1059 1708 1191 1782 domino
1205 1711 1245 1771 de
1259 1712 1376 1785 Rodio,
1389 1715 1594 1776 monasterio
1607 1719 1718 1780 vestro
1729 1717 1786 1794 pia

990 1804 1191 1869 liberalitate
1213 1807 1345 1882 collata,
1370 1826 1499 1872 necnon
1515 1812 1583 1873 alia
1603 1812 1690 1874 bona
1709 1829 1787 1875 ves-

990 1904 1053 1976 tra,
1071 1904 1156 1966 sicut
1170 1921 1208 1966 ea
1226 1905 1336 1966 omnia
1347 1908 1450 1984 juste,
1467 1910 1628 1970 canonice
1643 1925 1682 1971 ao
1693 1911 1787 1987 paci-

991 2000 1052 2060 fice
1062 2001 1252 2078 possidetis
1268 2002 1362 2063 vobis
1376 2005 1409 2065 et
1423 2021 1483 2081 per
1503 2021 1562 2068 vos
1582 2007 1786 2068 monasterio

990 2097 1100 2158 vestro
1122 2098 1320 2159 auctoritate
1343 2100 1533 2177 Apostolica
1548 2103 1783 2164 confirmamus

990 2195 1023 2255 et
1044 2195 1216 2270 praesentis
1243 2197 1357 2273 scripti
1381 2199 1567 2273 patrocinio
1593 2200 1782 2261 communi-

990 2308 1074 2352 mus.
1259 2353 1261 2356 .

1030 2388 1122 2450 Nulli
1148 2405 1227 2466 ergo
1246 2391 1379 2452 omnino
1395 2391 1566 2453 hominum
1581 2392 1681 2456 liceat
1695 2394 1784 2456 hano

990 2487 1146 2564 paginam
1187 2488 1311 2549 nostrae
1353 2489 1616 2551 confirmationIs
1656 2491 1783 2554 intrin-

989 2599 1078 2660 gere,
1105 2584 1158 2646 vel
1178 2585 1209 2646 ei
1233 2601 1318 2646 ausu
1343 2584 1522 2648 temerario
1544 2587 1721 2649 contraire.
1749 2589 1785 2652 Si

990 2683 1063 2758 quis
1077 2682 1187 2743 autem
1200 2681 1263 2742 hoc
1275 2682 1439 2743 attentare
1451 2685 1710 2761 praesumpserit,
1726 2685 1782 2744 in-

990 2776 1215 2852 dignationem
1231 2777 1467 2854 omnipotentis
1483 2778 1540 2838 Dei
1555 2794 1594 2838 ao
1611 2778 1783 2841 beatorum

990 2872 1081 2932 Petri
1096 2871 1129 2931 et
1142 2872 1237 2932 Pauli
1252 2873 1485 2948 Apostolorum
1506 2875 1578 2949 eius
1597 2890 1632 2934 se
1652 2875 1784 2936 noverit

989 2969 1213 3029 incursurum.
1232 2971 1351 3031 Datum
1362 2969 1529 3044 Laterani,
1542 2970 1640 3032 nonis
1653 2971 1781 3048 aprilis,

990 3082 1078 3127 anno
1093 3066 1220 3128 octauo.

1252 3396 1518 3483 CLXXXVIII

1009 3559 1061 3617 Ad
1074 3570 1242 3630 personas
1265 3557 1300 3618 et
1317 3561 1433 3618 vittam
1446 3559 1762 3630 Moutispcssutout.

1276 3705 1401 3778 8aprilis
1414 3705 1493 3762 md.

1027 3846 1138 3910 [Tentat
1149 3847 1268 3910 Laysttes
1280 3845 1315 3895 du
1327 3847 1416 3896 Tresor
1427 3845 1471 3895 des
1482 3845 1598 3905 Chattos,
1609 3845 1641 3906 ll,
1653 3860 1680 3910 p.
1688 3845 1744 3906 ddi,

1325 3939 1351 3974 n.
1369 3924 1449 3988 tata]

988 4063 991 4070 ·
1024 4041 1137 4098 Litterae
1155 4041 1272 4098 lionorii
1287 4055 1369 4114 pepe
1385 4043 1426 4099 lll
1446 4039 1558 4113 quibus,
1580 4040 1616 4098 ad
1639 4042 1786 4114 exemplar

989 4136 1079 4196 ielicis
1093 4139 1238 4194 memoria
1248 4138 1407 4195 iunocentii
1423 4137 1642 4210 praedecessoris
1656 4138 1710 4210 sui,
1723 4153 1785 4212 per·

988 4250 1076 4292 sonas
1103 4242 1131 4291 et
1154 4235 1250 4291 villam
1274 4234 1534 4308 montispessulani,
1562 4249 1628 4292 oum
1653 4235 1786 4294 omnibus

989 4348 1052 4405 quae
1062 4333 1308 4404 inpresentiarum
1317 4331 1393 4402 iuste
1405 4331 1551 4405 possident
1561 4339 1610 4389 aut
1622 4329 1786 4390 infuturum

990 4437 1054 4486 sunt
1065 4429 1239 4502 acquisituri,
1253 4429 1306 4486 sub
1317 4428 1392 4486 beati
1407 4429 1483 4488 Petri
1498 4435 1529 4486 et
1541 4444 1592 4486 sua
1610 4431 1787 4502 protectione

989 4527 1118 4598 suscipit,
1139 4524 1330 4583 mediantibus
1351 4524 1462 4582 duabus
1481 4525 1606 4584 marchis
1626 4528 1687 4584 auri
1703 4526 1784 4600 (cen-

989 4630 1050 4680 tum
1077 4623 1291 4680 massamutinis
1317 4637 1368 4695 pro
1390 4637 1486 4680 marca
1509 4622 1732 4696 computandis),
1749 4621 1786 4680 ad

990 4727 1159 4794 perpetuum
1174 4719 1336 4778 devotionis
1357 4719 1504 4788 indicium,
1521 4719 1587 4777 Sedi
1603 4719 1785 4792 apostolica,

990 4817 1115 4890 quolibet
1134 4833 1219 4889 anuo,
1241 4819 1270 4874 in
1290 4817 1361 4876 testo
1384 4816 1609 4875 Resurrecticnis
1628 4816 1785 4874 Dominioaa

989 4915 1195 4988 persolvendis.

1029 5077 1147 5140 Datum
1167 5077 1334 5148 Laterani,
1351 5078 1395 5138 VI
1412 5074 1487 5136 idus
1502 5074 1630 5152 aprilis,
1648 5073 1785 5151 pont'fl-

992 5175 1086 5238 catus
1100 5177 1206 5238 nostri
1219 5190 1307 5237 anno
1319 5175 1446 5236 octavo.
