4244 6374
305 295 363 356 531
501 333 512 373 s

304 469 389 525 mus,
414 450 528 513 contra
555 450 621 511 tam
637 447 728 525 pium
747 447 871 509 iactum
892 449 1017 511 temere
1038 467 1098 512 ve-

304 551 434 612 nientes
462 564 505 610 ex
533 563 572 609 eo
599 547 729 622 sumpta
747 546 922 608 occasione
936 547 1022 624 quod
1038 564 1098 624 per

302 663 427 710 anuum
438 646 567 716 debent,
580 645 617 706 ut
627 644 759 715 dicitur,
771 643 981 719 praebendam
995 645 1096 706 deee-

305 745 413 806 dentis
436 742 588 805 canonici
609 742 826 808 carnotenses
844 741 977 814 habere,
996 742 1096 802 deee-

304 843 401 904 dente
414 841 584 910 canonice,
599 840 652 901 vel
665 839 792 899 vicario
804 838 859 916 qui
871 840 1005 900 tertiam
1016 855 1099 915 prae·

302 940 418 1000 bendae
433 940 555 1000 vestrae
566 937 812 1014 consequuntur
821 937 1017 1013 portionem,
1031 952 1097 997 nen

302 1039 411 1099 selum
426 1035 574 1098 eamdem
587 1035 730 1106 tertiam,
743 1035 801 1094 sed
825 1035 927 1096 tetam
941 1034 1003 1094 sibi
1013 1049 1097 1096 con-

304 1135 444 1197 tendunt
466 1133 657 1210 hujusmodi
678 1132 850 1193 vindicare
872 1131 1095 1208 praebendam,

302 1248 369 1294 nen
378 1230 627 1293 considerantes
640 1230 771 1306 quantae
786 1229 830 1290 sit
842 1229 993 1290 avaritiae
1005 1245 1099 1290 men-

303 1329 489 1392 dicantibus
507 1328 703 1389 subtrahere
720 1327 930 1388 necessitatis
951 1326 1097 1386 subsidia

302 1427 509 1498 mendicatas,
544 1441 607 1486 nee
639 1423 725 1502 qued
761 1424 925 1499 hospitale
951 1424 1097 1484 vestrum

304 1524 419 1585 mertis
444 1523 610 1600 jacturam
630 1539 696 1582 nen
721 1522 857 1598 patitur,
878 1521 1096 1583 attendentes.

304 1621 459 1683 Veientes
478 1621 589 1697 itaque
609 1619 705 1681 vebis
729 1619 763 1679 in
783 1620 898 1680 eadem
921 1618 1098 1695 praebenda

297 1721 354 1796 jus
369 1719 519 1780 vestrum
535 1718 665 1793 integre
681 1716 884 1787 conservari,
901 1717 1098 1778 auctoritate

301 1815 514 1892 praesentium
539 1813 722 1875 districtius
734 1813 937 1883 inhibemus
955 1827 997 1873 ne
1011 1829 1099 1889 prae-

300 1911 359 1972 fati
373 1911 475 1972 abbas
490 1914 524 1972 et
538 1911 719 1972 conventus
735 1926 835 1986 super
850 1909 977 1970 duabus
993 1911 1099 1986 parti-

301 2008 362 2069 bus
396 2009 582 2084 praebendae
620 2009 788 2084 praedictae
828 2007 892 2067 hac
923 2007 1098 2068 occasione

300 2107 447 2182 aliquam
462 2105 556 2167 vebis
577 2105 762 2166 molestiam
782 2103 956 2170 interrant,
978 2105 1031 2164 vel
1048 2103 1099 2164 ia-

301 2203 402 2263 ciant.
414 2202 505 2263 Nulli
516 2217 606 2278 erge,
617 2202 855 2278 etc.‚paginam
866 2201 989 2262 nostrae
1007 2201 1099 2261 inbi-

301 2299 437 2360 bitienis
454 2299 648 2375 infringere,
666 2301 729 2360 ete.
756 2299 878 2375 Siquis
893 2299 1015 2370 autem,
1033 2299 1095 2359 etc.

342 2397 460 2458 Datum
486 2397 653 2469 Laterani,
679 2397 776 2457 nonis
807 2395 978 2470 februarii,
1009 2411 1096 2458 anno

303 2495 432 2556 octavo.

641 2716 760 2802 CXXI

302 2869 355 2928 Ad
376 2867 599 2928 Benedictum
620 2869 816 2940 episcopam
832 2867 1038 2927 scarensem
1063 2866 1097 2925 et

420 2965 569 3025 Petrum
590 2964 733 3025 electum
747 2966 975 3024 Luadeesem.

564 3055 745 3152 lereuruarn
759 3095 837 3152 rara.

383 3219 528 3283 [Liljegrem
544 3217 660 3268 Swenslrt
672 3217 788 3282 diplom,
804 3217 824 3275 1,
837 3215 892 3276 237,
904 3230 930 3266 n.
944 3217 1012 3281 223]

301 3348 337 3404 Ul
347 3343 449 3402 Oleum
471 3344 676 3414 strangensem
695 3341 861 3413 episcopum
874 3341 1027 3413 Upsalensi
1046 3355 1094 3398 ec·

333 3431 429 3490 elesie
446 3431 616 3503 preficiunt,
642 3431 787 3486 solventes
809 3430 901 3501 ipsum
923 3444 939 3486 a
968 3429 1094 3499 vinculo,

333 3537 390 3594 que
405 3520 573 3594 strangensi
583 3519 712 3576 ecclcsiae
725 3525 864 3576 teneatur.

335 3649 514 3719 Honorius,
525 3647 599 3719 ete,
611 3646 768 3723 episcope
781 3645 936 3707 scarensi
945 3644 979 3706 et
989 3645 1095 3706 eleeto

300 3746 478 3808 Lundeusi.

337 3844 564 3906 Intelleximus
578 3841 663 3919 quod
680 3841 856 3918 Upsalensi
867 3839 1009 3902 ecelesia
1033 3839 1097 3900 du-

279 3983 281 3992 ,
299 3943 378 4004 dum
392 3942 528 4003 viduata
544 3941 688 4017 pastore,
701 3939 810 4000 clerus
827 3939 860 3999 et
870 3938 1010 4015 populus
1026 3939 1096 4014 Up-

296 4040 449 4111 salensis,
471 4037 629 4116 praedicta
656 4037 799 4098 eeclesia
821 4034 1003 4112 capitulum
1028 4051 1094 4096 non

296 4133 1092 4208 bahente,sibivenerabilemfratremnestrum...

297 4236 531 4310 strangensem
544 4233 735 4309 episcopum
750 4230 785 4290 in
800 4231 998 4293 executione
1015 4246 1095 4306 pon·

294 4331 427 4393 tiilcalis
438 4330 550 4401 cilicii,
564 4328 738 4398 uidicitun
748 4327 976 4404 approbatum,
989 4329 1042 4389 cui
1054 4327 1094 4388 de

294 4431 364 4491 vita
375 4430 408 4492 et
416 4427 562 4489 moribus
572 4424 739 4486 laudabile
747 4425 972 4486 testimonium
985 4425 1094 4503 perhi-

293 4528 400 4598 betur,
412 4527 448 4586 iu
464 4523 751 4602 archiepiscopum
758 4523 961 4584 unanimiter
969 4525 1002 4584 et
1013 4538 1094 4584 cou-

293 4625 438 4688 corditer
460 4621 681 4700 postularunt.
715 4619 987 4696 Supplicantibus
1012 4636 1092 4696 ergo

295 4717 1095 4786 nobiscarissimeianristolilionestro...illus-

293 4821 338 4884 tri
348 4837 427 4897 rege
444 4819 584 4889 Sueciae,
599 4817 632 4878 et
644 4815 812 4876 universis
826 4815 972 4894 ejusdem
986 4815 1095 4876 eecle-

295 4913 1091 4994 siaesuffraganeis,acclercetiamUpsalensiut,

298 5009 1095 5096 quumUpsalensismetrepolispropterindemi-

297 5117 340 5176 tae
355 5112 567 5176 consistentis
578 5111 613 5170 in
625 5124 664 5170 ea
680 5109 787 5184 gentis
799 5107 1003 5179 induritiam,
1017 5107 1093 5169 talis

295 5205 1095 5284 sollicitudinepastorislndigeat,quirinumin-

293 5307 461 5372 fundendo
472 5300 508 5367 ‘et
518 5306 628 5366 eleum
636 5303 759 5365 mederi
774 5303 906 5365 novarit
920 5303 1091 5375 sauciatis,

295 5407 337 5469 ad
352 5405 438 5484 qued
459 5403 540 5465 satis
562 5401 719 5464 idoneum
746 5402 941 5478 praedictum
964 5401 1095 5477 episce-

294 5519 372 5581 pnm
400 5499 615 5571 asseverant,
653 5499 870 5576 postulationi
905 5499 1093 5575 hujusmodi

294 5617 471 5663 assensum
485 5597 683 5661 benevolum
696 5613 739 5659 ex
763 5613 862 5659 causa
886 5600 952 5658 tam
973 5611 1093 5660 neces-

920 288 1097 352 HONORII
1120 293 1165 352 111
1187 295 1336 356 OPERA.

1858 298 1951 358 -532

1152 453 1241 514 saria
1268 452 1500 530 preberemus.
1521 447 1596 516 ¹Nes
1621 455 1724 532 igitur
1742 456 1829 533 juris
1848 471 1950 534 super

1152 550 1215 612 boo
1230 552 1375 628 rigerem
1394 551 1604 629 previdentia
1627 553 1860 630 temperantes,
1876 555 1950 616 dis-

1152 648 1293 710 cretioni
1304 649 1424 710 vestrae
1435 665 1495 726 per
1508 651 1699 727 apostolica
1708 652 1832 728 scripta
1847 667 1947 714 man-

1153 744 1280 817 damus,
1298 749 1460 823 quatenus
1475 748 1503 807 si
1514 747 1608 810 vebis
1622 749 1948 826 constiteritdeprae-

1152 843 1287 914 missis,
1333 844 1484 905 eumdem
1528 845 1719 922 episcopum
1757 846 1948 922 praeficiatis

1152 940 1350 1002 auctoritate
1377 943 1492 1002 uestra
1526 943 1703 1019 Upsalensi
1730 943 1881 1006 ecclesiae
1910 945 1947 1006 in

1153 1039 1332 1113 pastorem,
1345 1038 1552 1101 absolventes
1566 1040 1673 1116 ipsum
1688 1057 1708 1102 a
1726 1041 1947 1118 vinculoque

1154 1136 1347 1211 Strangensi
1367 1137 1542 1198 tenebatur
1565 1138 1728 1210 ecclesiae,
1749 1139 1947 1200 transeundi

1153 1231 1193 1292 ad
1210 1233 1400 1309 praedictam
1414 1235 1588 1296 ecclesiam
1601 1237 1948 1312 Upsaleusemtrihua-

1152 1327 1195 1390 tis
1218 1328 1436 1410 [lieentiaml.
1472 1335 1590 1394 Datum
1615 1333 1782 1405 Laterani,
1806 1337 1849 1396 IV
1871 1333 1946 1394 idus

1153 1427 1324 1501 februarii,
1341 1445 1430 1490 aune
1446 1429 1573 1491 octavo.

1480 1671 1619 1757 CXXII

1213 1815 1264 1874 Ad
1276 1815 1433 1888 peterem
1447 1814 1481 1874 et
1495 1816 1701 1876 conventam
1711 1817 1745 1876 S.
1760 1818 1887 1877 Martae

1340 1913 1377 1970 te
1392 1911 1505 1971 Portu
1518 1914 1754 1974 Rauennatem

1400 2042 1434 2099 ti
1452 2040 1588 2099 februarii
1608 2043 1686 2102 titi.

1176 2155 1315 2214 [Fentunai
1328 2155 1487 2206 Monumeuti
1501 2158 1652 2217 Ravennati,
1667 2159 1698 2217 ll,
1712 2172 1738 2222 p.
1752 2159 1807 2218 lea,
1820 2174 1845 2210 n.
1857 2159 1924 2225 lue]

1204 2270 1446 2344 Compositienem
1461 2287 1549 2345 super
1568 2273 1744 2346 subjectione
1759 2275 1890 2333 ecelesiae

1346 2361 1749 2420 mmmhfflaemmmm

1191 2477 1358 2538 Honorius
1370 2479 1863 2555 episcopus,servusserverum
1873 2483 1943 2556 Dei,

1152 2573 1271 2637 dilecte
1287 2575 1354 2636 filie
1368 2575 1472 2652 priori
1486 2578 1519 2636 et
1534 2577 1711 2640 conventui
1729 2579 1762 2638 S.
1779 2579 1895 2641 Mariae
1910 2579 1946 2640 in

1152 2672 1255 2733 Portu
1270 2674 1467 2745 Ravennati,
1484 2672 1637 2746 salutem,
1653 2675 1715 2736 ete.

1192 2772 1297 2842 Quum
1308 2771 1396 2832 inter
1410 2787 1469 2832 ves
1485 2787 1527 2832 ex
1538 2772 1631 2848 parte
1641 2788 1706 2832 una
1722 2772 1754 2834 et
1766 2773 1946 2836 venerabi-

1151 2867 1216 2928 lem
1229 2868 1366 2930 tratrem
1381 2870 1532 2930 uestrum
1543 2870 1831 2948 archiepiscopum
1846 2873 1879 2934 et
1893 2888 1946 2934 ca-

1151 2965 1291 3041 pitulum
1306 2967 1551 3028 Ravennateex
1562 2967 1680 3039 altera,
1691 2969 1830 3045 quaestio
1845 2985 1947 3048 super

1152 3063 1355 3141 subjectione
1377 3064 1527 3126 ecclesiae
1542 3069 1664 3128 vestrae
1678 3066 1796 3128 luisset
1817 3067 1945 3130 diutius

1151 3162 1275 3238 agitata
1291 3162 1323 3223 et
1333 3162 1527 3239 quibusdam
1541 3163 1763 3239 processibus,
1778 3165 1834 3242 qui
1846 3181 1946 3243 super

1152 3259 1213 3320 bec
1226 3258 1330 3320 habiti
1342 3259 1486 3331 luerunt,
1497 3260 1645 3335 legitime
1656 3263 1833 3335 revocatis,
1843 3279 1946 3324 causa

1150 3354 1315 3416 initianda
1338 3357 1434 3432 quasi
1458 3371 1500 3416 ex
1521 3357 1651 3433 integro
1667 3359 1848 3434 jndieetur,
1866 3364 1946 3422 tan-

1151 3452 1224 3512 dem
1253 3467 1366 3513 eoram
1393 3451 1515 3513 dilecte
1542 3453 1611 3514 illie
1637 3457 1749 3516 nostro
1784 3459 1827 3530 J„
1856 3457 1947 3519 tituli

1152 3550 1281 3610 Sanctae
1295 3547 1427 3610 Sabinae
1448 3548 1640 3626 presbytero
1654 3552 1828 3624 cardinali,
1846 3569 1948 3630 quem

1151 3646 1345 3708 dederamus
1354 3646 1418 3722 ipsi
1428 3647 1678 3723 archiepiscope
1688 3649 1763 3710 etG.
1774 3651 1856 3711 Rav.
1868 3664 1950 3710 ves-

1061 3779 1065 3789 .
1152 3743 1948 3824 traeecclesiaesyndieisauditorem,talis,quum

1150 3842 1250 3903 iidem
1273 3841 1402 3918 syndici
1424 3841 1617 3902 mandatum
1635 3843 1703 3903 tam
1724 3843 1765 3904 ad
1782 3845 1947 3920 agendum

1150 3955 1248 4016 quam
1266 3939 1307 4000 ad
1321 3938 1583 4015 componendum
1596 3939 1769 4014 haberent,
1786 3943 1947 4019 compesi-

1150 4037 1196 4098 tio
1217 4035 1434 4099 intervenerit
1451 4036 1537 4114 qued
1553 4037 1708 4100 videlieet
1722 4038 1815 4115 prior
1832 4041 1865 4101 et
1881 4039 1947 4101 ira·

1149 4135 1216 4197 tres
1229 4135 1379 4196 ecelesiae
1395 4135 1589 4197 Portuensis
1602 4136 1781 4197 teneantur
1794 4137 1947 4214 recipere

1149 4231 1282 4293 ordines
1297 4247 1317 4292 a
1330 4231 1533 4292 Ravennatis
1547 4231 1811 4309 archiepiscope,
1825 4234 1858 4295 et
1872 4249 1947 4296 con·

1149 4329 1369 4391 secratieuem
1381 4329 1610 4401 ecelesiarum,
1621 4331 1655 4390 et
1670 4330 1825 4391 altarium
1839 4331 1873 4390 in
1885 4333 1948 4393 Ra-

1148 4425 1947 4506 vannetensidloecesipositcrum‚oleumquoque

1149 4525 1298 4586 sanctum
1319 4524 1351 4586 et
1371 4523 1439 4584 alia
1463 4523 1691 4584 ecclesiastica
1715 4527 1944 4599 sacramenta,

1149 4637 1221 4699 quae
1239 4621 1408 4698 abaliquo
1424 4621 1535 4682 essent
1549 4621 1706 4697 episeopo
1719 4621 1897 4699 recepturi,
1913 4624 1945 4683 si

1148 4723 1259 4781 tamen
1270 4719 1341 4796 ipse
1354 4717 1625 4794 archiepiscopus
1635 4717 1817 4780 catholicus
1831 4719 1940 4792 luent,

1148 4818 1229 4879 etea
1244 4817 1348 4892 gratis
1364 4815 1396 4876 et
1411 4815 1535 4891 absque
1551 4815 1620 4875 ulla
1643 4816 1810 4892 pravitate
1826 4818 1945 4879 velue-

1148 4915 1193 4976 rit
1207 4913 1377 4984 exhibere,
1395 4912 1543 4989 alioquin
1565 4912 1750 4989 recipiendi
1765 4929 1804 4974 ea
1827 4930 1847 4975 a
1863 4931 1949 4993 que·

1149 5027 1288 5089 cumque
1314 5010 1494 5072 maluerint
1519 5011 1683 5072 catholice
1713 5010 1867 5089 episeopo
1885 5013 1950 5074 ba·

1148 5110 1249 5172 beant
1276 5109 1482 5186 potestatem.
1508 5107 1695 5169 Decedente
1721 5123 1802 5170 vere
1834 5110 1948 5186 priora

1149 5208 1254 5285 ipsius
1269 5207 1431 5278 eeclesiae,
1447 5206 1500 5266 vel
1520 5223 1620 5283 quum
1636 5205 1722 5268 alias
1734 5221 1808 5268 eam
1826 5223 1949 5270 vacare

1149 5305 1335 5382 contigerit,
1350 5303 1531 5380 capitulum
1555 5303 1617 5363 sibi
1638 5303 1783 5380 priorem
1807 5305 1947 5380 eligant,
1978 5291 1981 5297 ’

1150 5415 1245 5477 quern
1261 5399 1443 5460 secundum
1457 5400 1571 5469 Deum,
1594 5399 1627 5458 et
1645 5399 1826 5459 canonicas
1839 5401 1872 5460 et
1885 5414 1948 5461 re-

1149 5498 1283 5573 gulares
1299 5495 1529 5557 observantias
1540 5494 1685 5557 viderint
1700 5496 1901 5572 eligendum,
1917 5500 1950 5560 et

1148 5595 1291 5657 electum
1309 5593 1549 5670 repraesentent
1557 5593 1810 5670 archiepiscope
1825 5595 1951 5656 contir-
