4274 6388
447 254 451 282 l

144 281 204 346 lea

143 443 185 505 ad
213 457 288 503 eum
315 442 350 503 in
371 442 587 505 tribulatione
605 443 714 521 justos
738 446 932 530 exaudiens,

142 545 209 601 hon
219 540 326 602 solum
338 555 396 600 eos
407 541 667 603 misericorditer
677 542 805 616 liberat,
818 559 934 606 verum

142 637 243 698 etiam
262 638 414 712 potenter
434 638 569 709 exaltat,
597 639 693 699 nohis
712 655 778 700 non
800 641 934 716 indigne

142 732 341 806 blandimur,
368 735 454 811 quod
478 735 563 795 sicut
587 750 674 796 nunc
697 736 932 809 tribulationie,

142 831 189 892 ita
204 831 237 892 et
250 831 366 905 gloriae
378 830 511 892 tandem
526 835 598 908 ejus
615 833 739 893 erimus
755 835 934 910 participes

143 928 176 989 et
189 927 359 988 consortes
372 949 379 986 ε
394 928 451 988 sed
463 923 524 988 tibi
535 929 680 1004 gravius,
698 929 728 990 si
739 932 850 991 mmen
863 931 934 1007 ipse

142 1022 266 1092 doleas,
289 1023 514 1096 condolemus,
535 1026 602 1086 imo
627 1022 777 1087 dolemus
799 1027 933 1102 gravis-

142 1120 236 1191 sime,
260 1121 346 1196 quod
371 1135 438 1182 non
456 1121 548 1182 doles
566 1123 599 1182 te
621 1137 681 1199 pro
703 1123 887 1184 manifestis
902 1124 935 1184 et

141 1215 331 1278 enormibus
348 1218 455 1293 culpis
468 1216 547 1288 tuis,
564 1219 655 1280 Petri
669 1219 781 1295 gladio
796 1220 935 1281 medici-

140 1313 211 1374 nali
225 1329 429 1390 percussum,
446 1315 503 1392 qui
523 1316 610 1378 sicut
623 1315 804 1377 humilibus
820 1316 853 1378 et
873 1317 934 1377 de-

139 1411 226 1472 votis
241 1411 484 1473 revertentibus
498 1412 539 1474 ad
552 1414 793 1488 percutientem
809 1430 856 1485 se,
878 1415 934 1491 qui

141 1508 296 1570 vulnerat
313 1510 347 1569 et
362 1509 523 1582 medetur,
541 1525 642 1570 causa
658 1511 794 1572 evidens
810 1514 860 1573 est
879 1525 935 1572 sa-

140 1603 231 1677 lutis,
245 1605 292 1666 ita
303 1606 482 1681 perversis
498 1605 554 1683 qui
564 1607 716 1682 percussi
730 1623 796 1668 non
810 1607 934 1679 dolent,

143 1701 177 1762 et
209 1701 315 1764 attriti
349 1703 496 1763 renuunt
529 1703 681 1780 accipere
712 1702 933 1780 disciplinam,

141 1798 338 1876 perditionis
360 1799 411 1860 est
431 1800 563 1860 occasio
587 1799 775 1860 manifesta.
802 1799 935 1861 Utinam

141 1897 254 1956 autem
268 1910 311 1955 ne
332 1895 391 1957 fiat
411 1894 608 1956 incurabilis
633 1895 730 1972 plaga
751 1897 820 1966 tua,
842 1897 874 1957 et
895 1911 934 1958 eo

139 1991 352 2063 insanabilis,
369 2008 434 2069 quo
455 1992 660 2053 insensibilis
676 1991 849 2065 habeatur,
866 1990 936 2052 sal-

139 2089 207 2150 tem
221 2087 339 2150 amodo
349 2089 382 2150 te
392 2088 518 2159 dolens,
533 2103 599 2148 non
615 2087 775 2150 hactenus
787 2088 934 2149 doluisse

140 2184 315 2261 inspicias,
338 2193 400 2245 nec
414 2184 579 2261 despicias
594 2200 692 2261 quam
712 2186 860 2260 graviter
877 2189 934 2246 tuo

142 2281 319 2358 displiceas
333 2281 493 2354 Creatori,
510 2281 566 2357 qui
582 2297 656 2342 cum
670 2281 836 2343 interalia
852 2297 934 2358 gra-

140 2378 197 2439 tiae
221 2393 290 2439 suae
317 2379 403 2440 dona
431 2379 475 2442 te,
491 2377 536 2438 ad
558 2379 654 2454 regni
680 2380 802 2438 solium
830 2378 936 2438 subli-

141 2475 255 2546 mavit,
270 2477 307 2537 ut
317 2477 350 2536 te
360 2491 400 2536 ac
415 2475 563 2536 subditos
576 2477 650 2536 tuos
664 2476 704 2536 ad
718 2477 790 2552 eius
801 2491 934 2551 regeres

141 2569 348 2644 famulatum,
365 2573 398 2634 te
413 2572 476 2633 sibi
496 2572 596 2634 sentit
618 2572 748 2648 publice
769 2571 936 2633 rebellan-

140 2667 224 2740 tem;
240 2668 318 2728 dum
332 2670 466 2729 unicam
483 2669 606 2730 Christi
627 2684 794 2745 sponsam,
816 2670 934 2730 Eccle-

143 2765 227 2826 siam
243 2765 381 2838 scilicet,
403 2766 593 2827 immaniter
607 2781 821 2842 persequens,
843 2782 934 2842 prae-

141 2861 265 2923 dictum
287 2863 573 2939 archiepiscopum
602 2863 791 2923 ministrum
814 2864 933 2939 ipsius,

141 2959 195 3020 vel
215 2959 324 3035 ipsum
346 2960 455 3036 potius
476 2959 512 3019 in
534 2960 686 3020 ministro
708 2958 936 3020 indesinenter

141 3055 276 3130 affligis,
293 3058 326 3117 et
340 3054 381 3116 ab
396 3056 544 3117 Ecclesia
559 3056 692 3132 propria
707 3057 933 3132 proturbatum

143 3154 341 3214 continuare
361 3154 490 3229 jamdiu
511 3153 649 3214 exilium
674 3152 872 3230 compulisti.
897 3155 937 3214 Et

142 3248 221 3311 licet
245 3250 278 3311 te
304 3250 427 3312 nostris
456 3249 576 3311 litteris
605 3252 831 3310 monuerimus
857 3250 936 3310 dili-

141 3349 268 3422 genter,
291 3347 323 3408 et
346 3362 407 3422 per
426 3347 634 3408 venerabiles
658 3345 779 3408 fratres
804 3349 934 3408 nostros

141 3443 370 3516 Palentinum,
398 3443 655 3516 astoricensem,
686 3449 719 3504 et
749 3445 934 3504 'indensem

127 3538 314 3617 'episcopos
349 3540 617 3600 mandaverimus
650 3541 863 3612 commoneri,
900 3542 936 3602 ut

140 3639 322 3700 memorato
338 3637 588 3714 archiepiscopo
608 3637 648 3698 de
668 3637 771 3698 illatis
792 3637 932 3709 damnis,

141 3734 176 3796 et
183 3734 339 3810 irrogatis
349 3734 483 3812 inq‘uriis
494 3733 682 3796 satisfacias
698 3735 932 3812 competenter,

139 3833 178 3894 tu
191 3832 303 3893 tamen
325 3831 480 3892 seductus
500 3833 611 3908 pravis
628 3832 779 3892 consiliis
799 3847 934 3908 perver-

141 3943 253 3990 sorum
269 3929 433 3990 cortuum
450 3927 611 3989 exbibens
627 3929 742 3989 durius
757 3929 934 3990 adamante

139 4026 275 4088 monitis
290 4026 502 4102 acquiescere
522 4026 759 4102 contempsisti,
782 4025 934 4101 eligendo

139 4123 250 4198 potius
264 4123 620 4184 excommunicationis
635 4123 671 4183 in
691 4124 782 4184 tuam
797 4123 830 4184 et
849 4123 935 4184 alio-

92 4230 95 4235 ·
140 4235 217 4280 rum
242 4220 459 4296 quorumdam
485 4221 520 4280 in
545 4220 621 4280 aliis
645 4219 767 4282 litteris
791 4236 933 4296 expres-

141 4331 254 4377 sorum
269 4331 441 4393 personas,
464 4333 504 4378 ac
523 4318 557 4377 in
572 4319 695 4378 terram
710 4318 807 4381 ¹tuam
829 4318 935 4378 inter-

141 4413 933 4490 dictisententiaspereumdemarcbiepiscopum

139 4510 378 4587 promulgatas,
386 4512 448 4572 eta
460 4511 554 4572 nobis
567 4511 709 4584 habitae,
720 4512 822 4584 ratas,
832 4512 865 4572 et
875 4512 934 4571 lir-

140 4623 213 4668 mas
224 4608 506 4684 periculosissime
517 4610 692 4682 sustinere,
703 4625 801 4686 quam
811 4625 870 4686 per
885 4626 935 4670 sa·

139 4705 934 4782 tisiactioniscompendlumredireadecclesias·

139 4801 241 4862 ticam
256 4803 428 4864 unitatem.
446 4807 555 4876 Quare
577 4805 750 4866 memorati
772 4805 931 4881 episcopi,

140 4901 239 4975 prout
253 4900 302 4960 eis
315 4900 438 4960 nostris
451 4901 646 4962 dederamus
659 4901 779 4962 litteris
794 4902 829 4961 in
844 4917 935 4961 man-

140 4995 238 5067 datis,
260 4995 392 5058 easdem
407 4997 590 5059 sententias
610 4997 804 5060 solemniter
818 4997 932 5074 publi-

139 5094 265 5164 cantes,
283 5093 317 5156 et
330 5081 490 5155 facientes
506 5109 566 5170 per
577 5087 687 5171 partes
700 5094 864 5171 publicari
877 5095 932 5156 vi-

139 5189 246 5260 cinas,
263 5187 426 5266 reliquam
441 5191 564 5252 terram
578 5191 670 5252 tuam
690 5193 937 5268 supposuerunt

138 5285 367 5349 ecclesiastico
397 5288 585 5360 interdicto,
618 5289 696 5351 licet
720 5287 932 5366 exceptiones

138 5383 311 5460 quasdam,
333 5399 415 5461 quas
435 5385 501 5461 ipsi
520 5385 717 5461 reputarunt
738 5387 856 5449 merito
872 5385 933 5447 fri-

135 5481 244 5554 volae,
261 5482 294 5542 et
312 5483 430 5543 inanes
446 5497 558 5543 coram
573 5484 622 5544 eis
641 5483 763 5560 opponi
784 5483 930 5556 fecisses,

136 5581 172 5638 et
184 5578 226 5641 ed
241 5579 358 5640 Sedcm
370 5581 593 5656 apostolicam
605 5581 779 5658 appellari.
793 5581 855 5644 Se'd
871 5597 932 5643 nec

283 5722 397 5767 ramos.
413 5723 486 5767 rous
499 5711 546 5768 llf.

748 253 975 349 nersronm.
999 287 1077 348 nin.
1100 289 1155 349 vr.

1724 287 1782 349 lei

989 447 1037 507 sic
1051 447 1137 507 atua
1148 461 1184 506 es
1196 444 1322 506 duritia
1334 443 1511 517 emollitus,
1527 443 1691 507 fallaciter
1703 459 1783 522 sug·
1800 501 1809 516 ,

989 543 1192 618 gerentibus,
1213 542 1299 603 sicut
1316 541 1448 613 dicitur,
1470 542 1699 604 seductoribus
1714 545 1782 605 tuis
1859 559 1866 570 “

988 640 1080 702 tuam
1094 639 1154 701 tibi
1167 640 1323 701 duritiam
1336 637 1559 715 profuturam;
1574 640 1630 723 qui
1644 640 1672 700 si
1684 641 1717 702 te
1729 640 1783 700 di-

989 738 1132 814 ligerent
1148 737 1368 814 aliquatenus,
1387 737 1415 796 si
1430 751 1497 797 non
1512 737 1548 798 ut
1562 737 1694 810 animae,
1714 738 1783 798 sal-

988 836 1054 895 tem
1072 835 1108 896 ut
1130 833 1226 895 famae
1248 833 1470 919 consulerent,
1493 832 1718 906 hortarentur,
1740 834 1782 895 ad

989 931 1152 1006 gremium
1161 931 1277 992 matris
1287 929 1442 991 licclesiae
1453 928 1608 991 celeriter
1616 931 1649 992 te
1659 931 1779 1003 redire,

989 1044 1063 1088 cum
1090 1028 1340 1103 circumscripto
1372 1027 1492 1088 timore
1524 1027 1648 1098 divino,
1684 1044 1782 1104 quem

989 1124 1112 1201 quanto
1139 1124 1263 1186 diutius
1287 1123 1416 1200 abjicis,
1441 1124 1534 1202 tanto
1559 1123 1781 1186 damnabilius

989 1221 1130 1282 efficeris
1145 1237 1163 1282 a
1180 1221 1319 1282 Domino
1341 1221 1482 1293 alienus,
1503 1221 1722 1297 ignominiam
1740 1237 1783 1283 ex

989 1317 1052 1378 boc
1066 1317 1250 1377 incurreris
1261 1317 1465 1388 detestando,
1478 1316 1555 1378 dum
1570 1333 1590 1378 a
1603 1317 1715 1378 multis
1731 1317 1784 1378 di-

990 1405 1100 1474 citur:
1121 1415 1241 1475 Eccine
1265 1429 1336 1486 rex,
1362 1415 1417 1490 qui
1438 1415 1553 1475 contra
1577 1415 1722 1476 inermes
1746 1431 1782 1476 se

990 1527 1134 1582 armans,
1160 1511 1319 1587 gladium,
1347 1511 1508 1588 quemad
1533 1511 1783 1574 malefactorum

989 1606 1180 1679 vindictam,
1201 1607 1334 1668 laudem
1353 1623 1432 1669 vero
1454 1607 1616 1669 bonorum
1636 1609 1783 1686 suscepit
1819 1599 1821 1604 ’

990 1705 1161 1766 abomino
1174 1704 1402 1783 bajulandum,
1419 1704 1509 1766 acuit
1524 1704 1559 1764 in
1574 1706 1704 1766 viscera
1717 1703 1788 1767 ma?

990 1800 1050 1861 tris
1065 1817 1145 1872 suae,
1163 1802 1298 1876 paratus
1311 1801 1422 1876 perire
1434 1801 1545 1877 potius
1560 1817 1659 1878 quam
1674 1801 1784 1863 Eccle-

990 1896 1049 1958 siae
1064 1897 1220 1958 mandato
1235 1899 1373 1974 pareret

1031 1995 1073 2056 Ut
1082 1994 1378 2070 igiturexmonitis
1387 1994 1516 2056 iteratis
1527 1995 1657 2072 plenius
1667 2011 1786 2073 agnos·

990 2105 1068 2152 cens
1079 2091 1243 2152 monentis
1254 2090 1421 2163 aflectum,
1434 2092 1483 2152 eis
1494 2091 1651 2153 libentius
1665 2093 1697 2155 ei
1706 2109 1786 2170 per-

990 2185 1107 2247 fectius
1124 2188 1330 2264 acquiescas,
1349 2188 1563 2250 serenitatem
1578 2189 1711 2264 regiam·
1725 2179 1789 2268 per

989 2282 1110 2344 iterata
1139 2283 1262 2360 scripta
1289 2299 1460 2344 monemus
1483 2285 1515 2345 et
1539 2285 1711 2346 hortamur
1732 2287 1786 2348 at-

989 2379 1090 2450 tente,
1117 2395 1178 2456 per
1196 2371 1271 2440 eum
1296 2381 1352 2456 qui
1376 2383 1538 2441 venturus
1561 2383 1612 2443 est
1631 2382 1785 2458 judicare
1832 2412 1836 2420 ·

990 2476 1083 2536 vivos
1099 2477 1131 2537 et
1153 2477 1299 2538 mortuos
1319 2477 1537 2537 nibilominus
1558 2469 1782 2552 obsecrantes

991 2573 1152 2650 quatenus
1173 2574 1291 2634 saltem
1306 2589 1349 2634 ex
1364 2574 1427 2635 boo
1443 2589 1529 2635 nunc
1544 2575 1665 2648 selene,
1686 2580 1718 2637 et
1732 2577 1785 2637 vi-

990 2669 1071 2730 dens
1086 2671 1165 2746 quia
1180 2671 1305 2730 malum
1325 2670 1357 2731 et
1371 2686 1521 2731 amarum
1542 2673 1592 2733 est
1606 2671 1784 2748 reliquisse

990 2765 1021 2826 te
1044 2765 1219 2824 Dominum
1244 2767 1346 2824 Deum
1368 2765 1472 2834 tuum,
1497 2766 1529 2826 et
1552 2764 1639 2840 apud
1665 2768 1699 2826 te
1723 2779 1785 2826 nec

990 2864 1061 2937 ejus
1073 2877 1145 2921 esse
1156 2860 1319 2932 timorem,
1334 2861 1483 2922 converti
1493 2861 1631 2922 festines
1642 2861 1683 2921 ad
1694 2877 1782 2935 eum,

990 2959 1022 3019 et
1040 2957 1171 3018 restitui
1195 2957 1362 3018 acceleres
1387 2957 1628 3020 Ecclesiasticae
1649 2948 1781 3032 unitati,

991 3069 1177 3130 eruensque
1191 3053 1224 3114 te
1239 3053 1279 3114 de
1294 3054 1424 3131 laqueo,
1441 3055 1477 3114 in
1490 3069 1586 3130 quem
1599 3055 1632 3116 et
1651 3055 1785 3131 pericu-

989 3149 1097 3211 losum
1113 3151 1145 3211 et
1159 3151 1355 3228 probrosum
1367 3167 1442 3212 esse
1453 3153 1486 3212 te
1501 3167 1567 3212 non
1582 3151 1713 3212 dubitas
1730 3154 1784 3213 in-

990 3248 1152 3320 currisse;
1170 3263 1258 3323 saepe
1271 3247 1395 3310 dictum
1411 3247 1708 3326 archiepiscopum,
1724 3265 1787 3311 ex-

991 3344 1097 3406 hibita
1116 3341 1190 3416 sibi,
1213 3360 1342 3405 necnon
1369 3345 1627 3418 cathedralibus,
1649 3349 1681 3408 et
1708 3337 1785 3408 aliis

990 3441 1152 3513 ecclesiis,
1178 3443 1404 3514 monasteriis,
1429 3442 1660 3519 hospitalibus,
1678 3445 1786 3506 domi-

990 3539 1050 3599 bus
1064 3539 1190 3601 militiae
1206 3541 1344 3616 Templi,
1364 3541 1396 3602 et
1410 3541 1487 3601 aliis
1507 3542 1588 3602 locis
1604 3542 1782 3616 religiosis,

990 3637 1023 3697 el
1043 3635 1186 3708 clericis,
1203 3636 1244 3698 de
1259 3637 1313 3708 iis,
1335 3637 1375 3698 de
1397 3637 1516 3714 quibus
1538 3639 1626 3710 ante,
1643 3640 1695 3699 vel
1712 3641 1785 3715 post

990 3733 1781 3810 excommunicationemdignoscerisoffendisse,

991 3830 1218 3892 satisfactione
1244 3830 1419 3906 condigna,
1443 3846 1578 3892 revoces
1608 3831 1782 3892 adsedem

990 3927 1159 4004 propriam
1170 3943 1244 3987 cum
1257 3927 1395 3988 bonore.
1411 3927 1494 3998 Quia
1508 3929 1629 4005 quanto
1643 3928 1703 3988 sub
1717 3945 1785 3989 om·

989 4024 1150 4101 nipotenti
1175 4037 1276 4084 manu
1299 4024 1358 4084 Dei
1383 4024 1613 4086 humiliaveris
1631 4027 1665 4087 te
1685 4025 1784 4087 obni-

989 4121 1077 4193 xius,
1093 4122 1184 4183 tanto
1200 4121 1381 4182 mereberis
1395 4121 1574 4197 gloriosius
1589 4121 1779 4199 sublimari3

990 4219 1099 4279 certus
1114 4218 1260 4286 omnino,
1281 4217 1367 4295 quod
1389 4203 1559 4296 nunquam
1581 4220 1666 4281 alias
1681 4220 1783 4282 abso-

989 4315 1125 4376 lutionis
1142 4315 1340 4376 beneficium
1365 4317 1489 4392 poteris
1508 4316 1668 4378 obtinere.
1690 4318 1783 4380 Alio-

989 4413 1068 4489 quin
1084 4413 1201 4488 patens
1217 4414 1280 4473 erit
1294 4413 1327 4474 te
1342 4428 1362 4472 a
1377 4412 1528 4486 Domino,
1550 4415 1647 4491 quasi
1668 4416 1709 4476 de
1724 4416 1781 4476 in-

989 4509 1128 4581 dustria,
1141 4510 1332 4578 recessisse,
1344 4508 1498 4586 nolleque
1509 4511 1696 4588 intelligere
1708 4513 1781 4573 vias

990 4610 1077 4684 ejus3
1094 4607 1172 4668 dum
1187 4606 1453 4668 maledictionem
1468 4608 1571 4669 veluti
1593 4625 1713 4686 aquam
1728 4609 1782 4669 bi-

988 4705 1079 4776 bens,
1095 4704 1193 4776 facto,
1209 4704 1272 4765 etsi
1285 4720 1351 4764 non
1365 4719 1458 4774 voce,
1473 4704 1597 4766 videris
1607 4721 1778 4766 asserere:

988 4804 1100 4862 Vanus
1120 4802 1180 4874 est,
1204 4803 1260 4878 qui
1280 4801 1384 4862 servit
1401 4804 1480 4868 Deo,
1501 4803 1534 4862 et
1548 4803 1633 4877 quod
1652 4802 1781 4862 emolu-

988 4900 1134 4959 mentum
1170 4899 1223 4967 iis,
1258 4898 1314 4975 qui
1338 4898 1494 4958 mandata
1516 4900 1588 4974 ejus
1623 4899 1780 4974 satagunt

988 4997 1174 5058 custodiret

1027 5094 1096 5154 Nos
1111 5109 1241 5170 quoque
1256 5109 1323 5154 non
1338 5093 1445 5154 solnm
1458 5093 1635 5170 praedictas
1649 5097 1780 5156 senten·

987 5189 1051 5276 tias
1073 5190 1233 5251 faciemus
1252 5189 1460 5268 frequentius
1479 5190 1654 5266 publicari,
1672 5193 1778 5256 donec

987 5287 1145 5364 praedicto
1171 5287 1433 5363 archiepiscopo,
1464 5290 1497 5350 et
1520 5287 1596 5349 aliis
1621 5291 1779 5367 injuriam

987 5385 1095 5462 passis
1120 5399 1265 5460 congrue
1289 5383 1390 5445 fuerit
1418 5382 1634 5458 satisfactum,
1660 5403 1777 5450 verum
1853 5397 1860 5411 ·

987 5481 1086 5542 ctiam
1115 5482 1283 5542 crescente
1308 5481 1516 5544 contumacia
1541 5484 1599 5544 tua
1627 5485 1778 5545 severius

987 5581 1102 5642 contra
1118 5583 1162 5651 te,
1179 5581 1245 5640 tam
1267 5578 1487 5656 spiritualiter
1500 5595 1597 5656 quam
1611 5581 1779 5658 tempora-

1596 5713 1611 5768 7
