4244 6374
321 185 380 244 603

606 291 831 432 6111111

326 503 377 562 Ad
392 501 575 561 irniocrsos
596 495 725 558 Christi
747 496 862 568 fideles
877 507 943 568 per
960 493 1117 566 Mopsio-

443 609 587 658 nerrsem
601 595 774 655 diaecesim
789 589 1003 652 corastiiutos.

609 723 626 782 9
644 723 740 795 aprilis
758 722 837 780 trra.

326 853 444 918 [begeat.
465 849 511 900 lib.
522 847 674 912 Vll1‚apist.
690 846 745 898 i28.
765 845 821 896 llas.
836 845 872 896 La
884 845 960 896 Porta
972 843 1008 894 du
1024 842 1117 906 risit]

343 975 540 1048 indulgentias
553 973 609 1042 his,
622 973 670 1045 qui
681 971 716 1028 ad
731 971 883 1028 ecclesiam
898 968 989 1026 beatae
1005 967 1102 1026 llario

489 1061 524 1119 de
540 1061 644 1119 Salutis
658 1059 803 1128 accedent,
819 1057 959 1115 concedit.

366 1187 545 1260 Honorius,
580 1188 660 1258 etc,
689 1185 818 1246 dilectis
847 1181 926 1243 filiis
953 1181 1120 1242 universis

327 1283 601 1348 Christiiidelibus
634 1299 693 1362 per
727 1280 998 1360 Magalonensem
1033 1278 1119 1338 11166-

328 1385 429 1446 cesim
453 1379 653 1454 constitutis,
677 1379 818 1440 salutem
843 1377 876 1439 et
896 1375 1121 1456 apostolicam

325 1479 601 1543 benedictionem.

366 1577 539 1650 Quoniam,
564 1577 600 1638 ut
623 1575 671 1637 ait
693 1571 887 1650 Apostolus,
914 1572 989 1643 616,
1015 1585 1122 1644 usquc

326 1675 428 1737 vitam
439 1678 609 1736 aeternam.
625 1673 732 1744 Quum
745 1671 859 1746 igitur,
877 1669 963 1730 sicut
978 1683 1021 1730 ex
1033 1667 1123 1728 rela-

328 1771 416 1836 tione
429 1771 625 1832 dilectorum
648 1769 793 1829 illiorum
813 1766 987 1828 consulum
1011 1765 1044 1826 et
1064 1780 1123 1841 po-

326 1869 396 1948 puli
422 1866 714 1944 Montispessulani
741 1864 837 1925 nobis
863 1861 1027 1935 innotuit,
1062 1878 1121 1922 66-

328 1965 430 2028 clesia
449 1965 560 2025 Beatae
583 1961 699 2024 Mariae
715 1961 756 2021 de
772 1959 906 2032 Salutis,
924 1976 996 2036 quae
1015 1961 1051 2018 in
1066 1973 1124 2020 eo-

327 2078 402 2124 rum
417 2061 496 2123 villa
516 2059 679 2132 consistit,
697 2059 733 2119 in
751 2073 871 2134 magna
891 2057 1067 2118 devotione
1082 2055 1123 2116 ab

328 2157 482 2220 omnibus
510 2156 682 2226 habeatur,
707 2169 767 2215 nos
793 2153 943 2215 volentes
972 2153 1009 2214 ut
1043 2168 1124 2228 erga

329 2254 478 2318 eamdem
501 2247 676 2314 ecclesiam
699 2250 972 2312 christifidelium
996 2250 1124 2312 crescat

331 2353 473 2423 devotio,
490 2349 523 2412 et
541 2365 601 2428 per
619 2349 682 2410 boc
706 2349 806 2410 etiam
829 2347 983 2409 meritum
999 2363 1125 2424 augea-

329 2449 395 2521 tur,
423 2448 674 2509 universitatem
706 2447 852 2506 vestram
887 2459 1059 2505 monemus
1091 2447 1124 2506 et

330 2547 503 2608 hortamur
519 2546 553 2604 ln
573 2543 724 2614 Domino,
742 2542 914 2620 quatenus,
926 2542 961 2602 111
977 2542 1125 2604 interve-

328 2643 443 2706 niente
464 2643 561 2704 beata
576 2641 724 2717 Virgine,
741 2640 886 2716 incujus
911 2639 1036 2700 honore
1050 2639 1123 2716 ipsa

330 2741 472 2804 ecclesia
507 2740 557 2801 est
580 2737 786 2806 constructa,
815 2739 918 2798 Deum
946 2737 1123 2814 propitium

329 2839 454 2900 habere
468 2836 613 2913 possitis
627 2835 775 2912 Virginis
789 2833 893 2911 ipsius
909 2835 1123 2911 implorantes

329 2935 513 2996 subsidium
537 2933 654 2994 devote
679 2932 720 2992 ad
735 2931 926 3008 praedictam
949 2931 1123 2993 ecclesiam

329 3031 506 3094 accedatis.
528 3033 596 3092 Nos
621 3030 709 3090 enim
739 3030 779 3090 de
805 3029 1038 3104 omnipotentis
1064 3029 1123 3090 Dei

329 3127 560 3192 misericordia
587 3129 620 3188 et
645 3125 817 3188 beatorum
845 3126 935 3187 Petri
969 3127 1001 3187 et
1027 3126 1123 3187 Pauli

328 3224 562 3303 Apostolorum
575 3227 647 3300 ejus
662 3222 859 3284 auctoritate
875 3222 1002 3294 confisi,
1016 3223 1125 3284 omni-

328 3323 390 3383 bus
415 3321 531 3382 devote
556 3335 616 3396 pro
633 3319 739 3396 ipsius
764 3319 952 3380 reverentia
976 3320 1123 3395 Virginis

330 3419 427 3480 annis
450 3417 591 3493 siugulis
617 3416 722 3487 adio,
749 3430 814 3494 qua
840 3416 955 3476 eadem
980 3415 1123 3478 ecclesia

330 3513 581 3577 consecrabitur
596 3529 700 3590 usqne
716 3513 756 3574 ad
773 3515 923 3574 octavam
944 3513 1061 3589 ipsius,
1083 3514 1123 3574 ad

330 3612 451 3674 dictam
474 3612 650 3674 ecclesiam
671 3609 904 3672 accedentibus
919 3610 1037 3686 viginti
1053 3611 1123 3672 dies

328 3711 370 3772 de
384 3712 534 3788 injuncta
559 3710 622 3770 sibi
647 3709 839 3788 poenitentia
865 3709 1124 3771 misericorditer

328 3809 531 3870 relaxamus.
546 3806 663 3869 Datum
677 3805 845 3877 Laterani,
862 3807 890 3867 V
903 3806 977 3867 idus
993 3805 1120 3882 aprilis

328 3905 561 3968 annooctavo.
703 3907 705 3911 ’

679 4225 772 4310 dxd

329 4379 380 4439 Ad
394 4379 588 4450 episcopum
605 4375 845 4446 Poriocrrscm,
859 4377 898 4435 A.
910 4377 944 4437 S.
959 4375 1119 4452 tepoirou.

338 4593 340 4598 ,
601 4516 626 4574 ,9
643 4515 740 4588 aprilis
756 4515 835 4573 titi.

344 4643 465 4708 [degeat.
479 4641 523 4692 lib.
535 4641 600 4700 Vlll,
611 4640 684 4705 epist.
698 4639 752 4690 itt.
766 4641 823 4690 llss.
833 4640 869 4690 La
879 4640 954 4691 Porta
967 4639 1105 4704 1111111611]

399 4767 432 4825 Εἰ
454 4765 586 4824 consules
604 4773 632 4823 et
650 4765 785 4837 populum
801 4765 1050 4837 Montlspessulani

628 4853 821 4910 commendat.

367 4982 547 5054 Honorius,
573 4982 648 5052 etc,
673 4978 857 5041 venerabili
883 4977 1016 5041 fratri...
1033 4982 1123 5058 epis-

328 5096 410 5157 copo
419 5077 812 5154 Portucnsi,Apostolicae
828 5076 922 5138 Sedis
932 5077 1054 5154 legato,
1067 5095 1123 5142 sa-

328 5178 441 5248 lutem,
453 5177 514 5236 etc.

369 5275 475 5345 Quum
508 5271 620 5332 dilecti
647 5271 708 5332 lilii
738 5271 892 5333 consules
917 5273 950 5334 61
979 5274 1121 5350 populus

327 5367 621 5446 Montlspessnlani
641 5368 701 5428 suh
722 5372 836 5431 nostra
860 5372 893 5431 et
922 5371 1120 5447 Apostolicae

330 5467 424 5529 Sedis
439 5466 643 5544 protectione
659 5467 852 5538 consistant,
879 5483 922 5528 ex
942 5484 1007 5544 quo
1025 5469 1120 5546 ipso-

928 173 1103 236 HONORII
1125 173 1169 232 111
1191 172 1339 232 OPERA.

1910 167 1985 226 604

1172 331 1405 392 rumienamur
1418 326 1691 390 indemnitatibus
1707 325 1888 388 salubriter
1897 341 1988 402 pro-

1172 428 1296 499 videre,
1306 443 1346 489 ac
1361 443 1401 488 eo
1416 427 1523 503 magis
1535 426 1577 492 ad
1588 424 1664 487 illos
1676 427 1799 486 nostrae
1816 423 1988 486 dilectio-

1172 526 1225 586 nis
1247 525 1387 587 affectus
1407 524 1578 596 exuberat,
1595 539 1660 599 quo
1682 522 1862 600 specialius
1882 521 1987 583 inter

1173 622 1258 684 alios
1278 623 1426 698 regionis
1449 621 1540 682 illius
1570 637 1643 682 essa
1662 621 1847 681 noscuntur
1867 634 1986 694 supra

1174 721 1302 782 lirmam
1318 720 1445 796 petram
1461 718 1634 781 catholicae
1650 718 1726 778 iidei
1741 716 1987 787 stabilitisra-

1174 817 1322 879 ternltati
1337 818 1403 878 tuae
1418 832 1477 893 per
1491 815 1680 892 Apostolica
1692 816 1816 892 scripta
1829 814 1986 874 manda-

1174 931 1258 986 mus,
1274 916 1437 991 quatenus
1450 929 1507 974 eos
1523 929 1598 974 cum
1615 914 1717 984 terra,
1733 913 1767 972 et
1778 912 1856 972 aliis
1873 911 1983 972 bonis

1175 1028 1300 1084 eorum,
1328 1011 1453 1072 babeas
1480 1011 1678 1088 propensius
1707 1009 1981 1080 commendatos

1175 1125 1258 1185 quos
1280 1109 1390 1169 tamen
1413 1109 1561 1186 ipsorum
1590 1106 1743 1178 fidelitas,
1766 1108 1800 1167 61
1837 1106 1982 1168 devotio

1175 1206 1256 1268 satis
1275 1205 1336 1268 tibi
1355 1205 1482 1267 stallis
1501 1203 1794 1266 recommendant:
1820 1204 1869 1265 ita
1890 1219 1981 1264 sero

1175 1303 1434 1365 recommendati
1448 1304 1514 1364 sint
1529 1301 1590 1364 libi
1603 1300 1767 1372 consules,
1783 1302 1816 1362 et
1829 1301 1981 1378 populus

1176 1401 1397 1478 supradictus,
1414 1400 1500 1477 quod
1516 1399 1616 1460 iidem
1641 1399 1809 1476 speratum
1823 1399 1981 1460 sentiant

1176 1498 1217 1559 de
1234 1498 1425 1574 hujusmodi
1448 1497 1732 1558 commendatione
1759 1496 1977 1572 suffragium,

1177 1596 1210 1656 et
1224 1596 1259 1656 tu
1273 1593 1351 1656 inda
1373 1594 1480 1670 possis
1506 1594 1642 1656 anobis
1663 1595 1697 1656 in
1719 1593 1860 1655 Domino
1880 1609 1982 1654 com·

1177 1692 1345 1754 mandare.
1362 1693 1480 1754 Datum
1502 1691 1669 1763 Laterani,
1691 1694 1719 1752 V
1742 1690 1818 1752 idus
1841 1690 1977 1768 aprilis,

1179 1805 1266 1850 anno
1279 1791 1407 1850 661616.

1178 2299 1230 2359 Ad
1256 2298 1505 2360 Cottorrcnscm
1532 2301 1728 2374 episcopum
1755 2301 1789 2362 ct
1816 2303 1979 2362 abbatem

1217 2398 1258 2456 dc
1279 2398 1406 2468 Kiraios,
1425 2399 1658 2459 Moraviensis
1678 2400 1845 2465 diaecesis.
1864 2399 1899 2460 ei
1914 2402 1980 2460 dc-

1218 2507 1343 2553 conrorr
1358 2495 1713 2556 Rosciorclrincrrscm.

1463 2644 1494 2700 ll
1507 2643 1694 2714 aprilisltttl.
1802 2725 1808 2734 Ι

1179 2773 1308 2834 [Τ11111161,
1319 2775 1408 2826 Vetera
1421 2776 1532 2828 11616111.
1545 2775 1715 2828 llibsrnorum
1725 2781 1750 2826 at
1763 2777 1871 2836 Sacros,
1882 2793 1907 2842 p.
1921 2777 1979 2842 ἢ]

1179 2905 1293 2964 11611161
1305 2914 1335 2964 ut
1350 2906 1446 2964 sedem
1469 2908 1659 2966 Moraviensis
1678 2909 1805 2982 episcopi
1825 2908 1862 2967 ad
1877 2911 1978 2967 locum

1390 2993 1558 3053 habiliorem
1578 2993 1759 3054 transierant.

1217 3139 1385 3200 Honorius
1396 3139 1580 3216 episcopus,
1592 3144 1975 3213 servassemorumltei,

1178 3235 1360 3297 venerabili
1373 3235 1467 3298 fratri
1478 3239 1634 3314 episcopo
1645 3239 1859 3310 Gatbanensi,
1875 3241 1909 3302 et
1921 3240 1981 3301 di-

1178 3331 1273 3394 lectis
1290 3333 1405 3394 tiliis...
1422 3331 1532 3394 abbati
1548 3333 1588 3396 de
1604 3334 1734 3407 Kinlos,
1751 3336 1979 3397 Moraviensis

1179 3429 1343 3501 dioecesis,
1361 3431 1430 3491 et...
1450 3431 1576 3492 decano
1592 3433 1900 3502 Rosmarchinensi,
1912 3449 1978 3494 sa-

1178 3527 1280 3589 lutem
1295 3529 1329 3590 at
1342 3528 1565 3606 Apostolicam
1580 3527 1855 3591 benedictionem.

1217 3624 1363 3686 Veniens
1375 3625 1415 3686 ad
1434 3626 1647 3701 praesentiam
1663 3628 1810 3688 nostram
1826 3642 1976 3688 venera-

1177 3721 1255 3782 hilis
1270 3720 1374 3784 irater
1389 3724 1536 3786 noster...
1559 3724 1780 3785 Moraviensis
1795 3725 1977 3801 episcopus

1179 3834 1267 3895 saepe
1285 3818 1381 3880 nohis
1401 3821 1564 3896 exposuit,
1582 3822 1615 3882 el
1631 3822 1754 3883 uostris
1781 3822 1978 3899 frequenter

1178 3914 1314 3976 auribus
1329 3916 1522 3988 inculcavit,
1545 3918 1631 3996 quod
1650 3919 1869 3997 ipsiussedes
1885 3922 1981 3996 praess

1177 4012 1282 4083 terid,
1300 4013 1386 4090 quod
1402 4014 1452 4074 est
1473 4013 1509 4074 in
1524 4013 1595 4076 loco
1618 4016 1750 4092 guerris
1767 4016 1979 4078 imminenti-

1177 4107 1238 4168 bus
1255 4110 1366 4170 miuus
1382 4110 1464 4182 tuto,
1482 4111 1515 4171 in
1537 4112 1605 4173 tam
1626 4112 1778 4174 solitario
1795 4113 1869 4174 loco
1887 4129 1976 4175 con-

1178 4205 1276 4277 sistit,
1296 4207 1332 4268 ut
1350 4207 1441 4268 nulla
1457 4207 1503 4268 ibi
1517 4209 1711 4285 contingant
1725 4209 1857 4270 venalia
1872 4226 1975 4287 repe-

1177 4302 1249 4374 riri,
1284 4303 1370 4364 unde
1403 4303 1597 4382 plerumque
1623 4305 1669 4377 lit,
1694 4307 1730 4368 ut
1754 4307 1885 4368 clericis
1912 4323 1975 4384 pro

1177 4399 1326 4461 emendis
1341 4401 1404 4462 sibi
1420 4401 1620 4464 necessariis
1634 4402 1767 4478 longius
1785 4404 1976 4464 accedenti-

1177 4496 1249 4581 hus,
1266 4497 1454 4560 divinorum
1478 4499 1586 4560 cultus
1611 4498 1796 4562 officiorum
1812 4516 1879 4561 uon
1901 4517 1975 4561 rno-

1178 4594 1286 4655 dicum
1309 4595 1516 4672 impeditur:
1546 4613 1649 4673 quare
1675 4597 1762 4658 idem
1778 4599 1972 4675 ‘episcopus

1177 4708 1251 4752 cum
1279 4692 1367 4754 culta
1389 4707 1524 4770 precum
1555 4694 1714 4756 instantia
1745 4696 1926 4771 postulavit
1952 4711 1973 4756 a

1177 4789 1284 4860 nobis,
1295 4791 1331 4851 111
1344 4790 1455 4851 sedem
1468 4791 1616 4854 eamdem
1625 4791 1665 4852 ad
1679 4791 1788 4853 locum
1796 4791 1972 4853 transferri

1176 4885 1386 4958 habiliorem,
1412 4884 1541 4950 scilicet
1557 4889 1734 4950 ecclesiam
1751 4891 1881 4952 Sanctae
1900 4891 1972 4950 Tri-

1178 4985 1293 5046 nitatis
1314 4986 1411 5061 juxta
1436 4985 1549 5062 Elgiu,
1575 4985 1750 5047 carissimo
1775 4987 1811 5047 in
1840 4987 1971 5049 Christo

1177 5081 1246 5144 tilio
1261 5086 1411 5144 nostro...
1429 5083 1553 5146 illustri
1566 5099 1643 5160 rege
1661 5085 1793 5156 scotiae,
1808 5087 1973 5146 6611616-

1176 5179 1283 5239 riensi
1299 5180 1443 5256 capitulo
1460 5181 1523 5242 lroc
1537 5181 1658 5258 ipsum,
1676 5182 1712 5243 ut
1724 5182 1831 5243 dictus
1844 5183 1972 5258 episco-

1176 5293 1236 5355 pus
1272 5279 1407 5350 asserit,
1440 5278 1684 5351 affectantibus,
1721 5279 1969 5340 mandaremus.

1175 5375 1244 5436 Nos
1257 5374 1368 5452 itaque
1383 5376 1423 5436 de
1436 5375 1648 5438 discretionis
1662 5377 1782 5438 vestrae
1793 5376 1971 5454 prudentia

1174 5471 1210 5532 in
1223 5473 1362 5534 Domino
1387 5473 1600 5545 confidentes,
1618 5489 1677 5550 per
1700 5473 1891 5552 apostolica
1908 5491 1970 5536 ro-
