4244 6374
92 262 152 322 649

93 420 218 482 sanctae
233 421 391 482 Romanae
410 417 568 480 Ecclesiae
591 415 772 478 bisantium
788 433 889 478 unum

93 533 213 579 census
228 517 362 578 nomine
383 515 648 594 semproniensis
672 515 812 576 ecclesia
838 516 891 576 te-

93 615 214 676 neatur
229 615 413 676 exsolvere.

135 714 178 775 Ut
188 715 299 774 autem
314 711 434 787 majori
449 711 543 787 parte
558 710 704 788 gaudere
718 709 837 786 poesie,
855 709 890 768 in

93 811 264 886 posterum
298 809 382 870 tlnes
410 808 622 884 episcopatus
651 809 892 882 Forosempro-

96 907 224 967 niensis
234 906 292 968 tibi
304 906 436 981 tuisque
449 904 697 966 successoribus
712 905 891 965 conflrma-

95 1002 411 1078 mus;sicutfinibus
421 1003 503 1079 ipsis
514 1000 892 1079 idemepiscopatusdis·

94 1101 272 1177 tinguitur,
283 1101 316 1162 et
323 1101 585 1176 praedecessores
597 1101 647 1161 tui
658 1115 715 1160 eos
730 1113 833 1175 usque
848 1097 889 1158 ad

95 1197 170 1260 haec
184 1199 334 1275 tempora
346 1196 593 1259 rationabiliter
603 1196 792 1273 possedisse
806 1211 889 1256 nos-

94 1298 227 1366 cuntur,
243 1296 358 1372 utique
373 1293 455 1356 lines
467 1295 552 1356 tales
565 1295 653 1365 sunt,
671 1293 838 1370 incipiunt
849 1307 892 1352 ex

94 1395 189 1468 parte
204 1393 287 1454 Fani
300 1407 319 1454 a
333 1393 407 1454 rivo
421 1391 552 1468 majori,
573 1390 629 1452 nbi
652 1391 756 1451 intrat
769 1390 805 1450 in
819 1392 892 1450 ble-

94 1491 228 1551 taurum
242 1489 303 1552 sub
317 1489 416 1566 ponte
431 1489 544 1550 Sancti
559 1487 717 1565 Cypriani
731 1489 765 1548 11
774 1501 893 1548 ascen-

95 1588 145 1651 dit
158 1605 218 1665 per
231 1588 340 1665 ipsum
355 1587 465 1648 rivum
480 1601 585 1663 usque
600 1585 642 1646 ad
657 1585 807 1646 Tritium
819 1583 891 1644 Sul·

92 1685 247 1758 tanariae,
273 1686 307 1745 et
329 1683 501 1746 descendit
519 1683 554 1743 in
580 1682 690 1745 rivum
710 1681 890 1759 putridum,

93 1783 310 1858 ascenditque
334 1796 395 1858 per
418 1780 569 1842 eumdem
590 1781 701 1842 rivum
721 1794 825 1856 usque
851 1778 892 1839 ad

95 1881 199 1940 alium
212 1880 332 1948 rivum,
349 1878 406 1954 qui
429 1879 568 1940 vocatur
582 1877 696 1948 Dulce,
718 1876 752 1938 et
767 1891 827 1953 par
841 1875 894 1952 ip-

94 1993 168 2038 sum
183 1977 291 2038 rivum
318 1973 486 2053 usquead
509 1975 654 2036 montem
679 1974 766 2046 Aldi,
795 1975 828 2034 et
843 1973 894 2034 sic

94 2074 246 2135 ascendit
272 2087 331 2150 per
358 2073 547 2133 Thesanum
572 2087 675 2148 usque
703 2073 744 2132 ad
769 2071 892 2132 terram

95 2170 301 2242 Urbinatam,
318 2170 557 2232 descendentes
571 2183 634 2246 per
648 2169 781 2244 pontem
797 2169 895 2228 Mau-

95 2285 170 2330 rum
192 2270 351 2338 veterem,
373 2267 621 2344 ascenduntque
645 2281 750 2342 usque
775 2266 816 2327 ad
844 2267 895 2326 ri·

94 2384 173 2430 vum
186 2365 386 2438 Caudiliani,
404 2367 436 2427 et
451 2365 499 2426 sic
512 2364 633 2426 durant
643 2379 703 2442 per
718 2365 825 2440 ipsum
840 2363 893 2424 ri·

94 2481 173 2527 vum
205 2463 369 2541 usquein
403 2462 509 2524 focem
538 2463 646 2524 Petrae
677 2463 832 2538 pertusae,
861 2461 894 2523 et

93 2563 322 2624 transilientes
346 2575 406 2638 per
428 2561 572 2623 montem
602 2561 698 2620 Ferri
720 2560 894 2622 transeunt

94 2675 201 2736 usque
214 2659 255 2720 ad
272 2659 461 2736 Spongiam,
479 2659 512 2721 et
522 2657 648 2719 vadunt
662 2673 766 2735 usque
788 2657 830 2718 ad
845 2657 894 2718 ri-

95 2773 175 2818 vum
187 2756 307 2820 montis
318 2755 441 2829 Casuli,
454 2757 487 2817 et
496 2755 671 2818 transeunt
679 2769 738 2832 per
747 2757 900 2816 castrum·

97 2857 128 2916 N
132 2854 235 2916 ortale
248 2853 289 2915 ad
305 2853 463 2914 Sanctum
474 2851 622 2914 Blasium
635 2851 758 2913 111111
771 2867 892 2913 ascen-

94 2951 179 3012 dunt
202 2951 244 3012 ad
271 2951 428 3012 Sanctum
453 2951 599 3019 Petrum,
623 2949 656 3009 et
679 2963 842 3024 campum,
861 2949 894 3010 et

91 3048 304 3126 descendunt
313 3047 354 3108 ad
366 3047 493 3123 apicem
504 3045 636 3118 Albelli,
646 3033 893 3122 ascenduntque

93 3145 294 3224 perfossam
309 3143 416 3205 sancti
439 3143 555 3216 Marci,
572 3159 678 3220 usque
702 3143 744 3203 ad
761 3157 893 3204 crucem

92 3243 205 3305 sancti
221 3241 368 3314 Martini,
382 3241 460 3302 inde
475 3240 680 3302 descendunt
697 3240 892 3317 perfossam

93 3341 259 3412 Dulionis,
282 3341 315 3402 et
338 3339 481 3411 Farasti,
507 3337 690 3400 ascendunt
711 3338 753 3398 ad
771 3337 893 3398 fossam

92 3439 317 3514 Varangulae,
348 3437 389 3498 ad
418 3439 539 3498 Senm
568 3435 610 3496 ad
638 3435 763 3497 terram
793 3438 893 3496 Sala-

92 3538 178 3607 tam,
209 3533 384 3610 emergunt
402 3536 435 3596 et
457 3534 505 3594 sie
527 3533 649 3595 durant
668 3549 773 3610 usque
799 3535 889 3593 Gen-

93 3649 183 3702 suae,
214 3634 247 3694 et
281 3631 466 3712 ascendunt
500 3631 536 3692 in
567 3631 707 3691 Neulam
740 3633 895 3705 Brunga-

94 3731 234 3802 lensem,
258 3731 292 3790 et
316 3729 396 3790 hinc
423 3743 528 3806 usque
553 3728 595 3788 ad
624 3730 813 3788 Susannam
827 3729 894 3788 111-

92 3829 199 3899 vium,
225 3827 436 3889 transeuntes
461 3840 521 3902 per
544 3827 750 3902 Camajorem
776 3841 896 3886 ascen-

93 3926 180 3987 dunt
205 3924 240 3985 in
271 3926 395 3986 terram
418 3922 621 3994 Boccabelli,
648 3924 682 3984 et
702 3923 750 3984 sic
774 3923 896 3984 durant

94 4021 250 4098 usquein
266 4022 410 4082 montem
424 4020 513 4090 Β1111,
528 4025 561 4082 11
573 4020 748 4081 transeunt
762 4035 821 4096 per
833 4024 898 4082 Ro-

95 4121 210 4182 uetum
220 4119 256 4178 in
270 4121 445 4180 Ferratum
460 4117 567 4192 Longi
582 4133 686 4194 usque
702 4118 744 4178 ad
759 4118 895 4178 trivium

94 4217 223 4288 Peossi,
240 4217 273 4278 et
284 4214 470 4278 ascendunt
484 4214 524 4275 ad
545 4230 677 4276 crucem
693 4215 800 4276 sancti
811 4217 896 4274 Bar-

95 4316 168 4387 toli,
181 4317 214 4377 et
228 4314 276 4376 sic
291 4329 351 4390 per
361 4314 486 4374 terram
501 4311 676 4373 Morellam
689 4311 896 4375 descendunt

96 4411 130 4473 11
147 4412 256 4472 rivum
269 4411 378 4482 Callii,
391 4411 439 4471 sic
452 4424 557 4487 usque
575 4408 609 4469 ln
622 4408 821 4481 Metaurum,
838 4410 893 4486 qui

94 4511 224 4586 primus
240 4508 390 4569 11111111.

133 4610 196 4670 ius
220 4610 330 4666 autem
350 4604 541 4681 episcopale
556 4604 590 4664 in
605 4603 769 4676 ecclesiis,
783 4605 817 4665 et
832 4619 894 4664 ca-

96 4705 204 4781 pellis,
222 4703 338 4764 sivein
353 4702 578 4772 monasteriis,
594 4701 725 4773 castris,
743 4701 776 4763 et
792 4702 892 4773 villis,

95 4817 171 4878 quae
186 4800 274 4862 inira
289 4800 350 4860 bos
361 4799 445 4859 lines
456 4799 681 4870 continentur,
692 4798 763 4871 tibi,
777 4799 810 4860 et
824 4815 896 4860 suc-

96 4898 287 4960 cessoribus
302 4897 370 4958 tuis
384 4895 540 4956 duximus
561 4896 835 4970 confirmandum,
853 4899 896 4958 si-

96 4997 152 5057 cut
170 4997 226 5072 jus
245 4995 354 5071 ipsum
368 4993 597 5053 antecessores
612 4991 762 5069 tuijuste
780 4995 893 5070 perci-

96 5108 177 5170 pere
205 5091 461 5153 consueverunt.
493 5090 659 5150 Praeterea
696 5091 894 5154 sententiam

96 5207 195 5268 quam
216 5190 279 5266 piae
299 5186 541 5250 recordationis
564 5187 789 5263 praedecessor
811 5205 893 5250 nos-

96 5290 147 5350 ter
175 5285 366 5350 Alexander
392 5288 422 5347 11
450 5286 491 5347 de
512 5283 608 5362 plebe
635 5285 749 5346 Sancti
767 5286 895 5348 111111-

96 5387 161 5453 nis,
187 5401 261 5462 quae
281 5385 404 5446 dicitur
420 5383 461 5444 de
477 5382 656 5449 Sorbitulo,
670 5398 744 5443 cum
762 5385 894 5446 caeteris

96 5483 248 5543 ecclesiis
278 5482 319 5542 de
347 5496 458 5542 massa
486 5479 653 5542 Sorbitulo
678 5481 767 5542 inter
797 5480 892 5544 bonae

97 5580 268 5642 memoriae
278 5579 491 5641 Benedictum
508 5579 786 5655 praedecessorem
799 5580 892 5642 tuum

699 259 928 319 EPISTOLAE.
951 259 1030 319 LIB.
1053 259 1140 319 VIII.

1678 250 1738 310 650

935 409 1740 492 (ForosempronlebsemetGuillelmumSenogal·

944 516 1086 576 liensem
1101 515 1274 592 eptscopos
1291 514 1437 590 protulit,
1464 514 1496 573 et
1510 527 1585 573 eam
1599 509 1739 587 privile-
1790 503 1792 510 ’

945 613 993 688 gii
1018 613 1201 673 munimine
1225 612 1406 682 roboravit,
1434 611 1542 672 ratam
1566 607 1737 678 habentes,

946 710 1095 772 eamdem
1111 709 1239 786 plebem
1255 726 1328 770 cum
1343 707 1489 786 praefatis
1504 706 1666 778 ecclesiis,
1682 704 1741 766 de-

945 807 1474 879 111111,11111111111111111111,
1498 819 1537 866 ac
1563 802 1738 864 detuncto-

946 921 1019 966 rum
1035 906 1068 966 et
1093 904 1401 967 consecrationibus
1422 902 1599 972 universis,
1619 900 1682 962 tibi
1705 901 1739 961 et

946 1003 1096 1064 ecclesiae
1110 1004 1176 1064 111
1191 1002 1381 1078 apostolica
1400 1000 1596 1063 auctoritate
1612 997 1739 1060 conflr-

946 1115 1085 1172 mamus,
1101 1104 1135 1162 et
1145 1100 1319 1177 praesentis
1334 1100 1449 1176 scripti
1463 1097 1638 1175 privilegio
1654 1109 1741 1157 com-

946 1198 1128 1274 munimus;
1141 1197 1190 1259 Ad
1203 1201 1364 1274 majorem
1384 1198 1495 1258 autem
1510 1194 1661 1256 ecclesiae
1673 1195 1740 1254 tuae

947 1295 1122 1368 cautelam,
1139 1295 1245 1372 ipsius
1261 1295 1434 1356 sententiae
1451 1294 1590 1354 formam
1605 1291 1692 1353 sicut
1705 1291 1741 1350 in

947 1396 1018 1470 eJus
1034 1393 1225 1455 authentico
1240 1391 1440 1463 continetur,
1461 1393 1556 1467 cujus
1573 1393 1670 1451 tenor
1687 1389 1741 1448 ta-

947 1493 989 1553 lis
1001 1491 1076 1552 est:

987 1591 1096 1660 Quum
1112 1588 1146 1650 in
1162 1589 1222 1650 Dei
1237 1587 1472 1665 omnipotentis
1488 1587 1633 1658 nomine,
1645 1585 1678 1646 et
1688 1600 1744 1646 re-

947 1687 1098 1747 verentia
1113 1686 1148 1747 in
1164 1686 1377 1747 sacrosancto
1389 1684 1606 1746 Lateranensi
1618 1682 1742 1759 palatlo

948 1783 1102 1844 dominus
1124 1799 1209 1861 papa
1233 1783 1422 1844 Alexander
1436 1799 1511 1844 cum
1531 1779 1742 1859 quampluri-

949 1881 1011 1941 mis
1038 1881 1202 1942 resideret
1226 1881 1404 1957 episcopis,
1421 1895 1561 1956 quorum
1584 1878 1640 1939 hic
1667 1877 1745 1938 sunt

947 1978 1096 2049 nomina,
1109 1993 1182 2055 quae
1198 1981 1399 2055 sequuntur:
1412 1979 1449 2038 ln
1463 1976 1580 2054 primis
1589 1975 1743 2036 dominus

949 2075 1175 2148 ildebrandus,
1198 2077 1321 2136 sanctae
1335 2077 1493 2136 Romanae
1510 2073 1666 2134 Ecclesiae
1681 2089 1742 2134 ar-

949 2172 1178 2239 chidiaconus,
1206 2187 1268 2234 nec
1295 2187 1362 2232 non
1391 2171 1424 2232 et
1448 2171 1600 2231 dominus
1625 2170 1744 2231 Petrus
1797 2179 1801 2188 “

949 2271 1130 2330 Damianos
1156 2268 1319 2330 Ostiensis
1343 2267 1494 2330 ecclesiae
1508 2267 1695 2344 eptscopus,
1713 2269 1746 2329 et

949 2369 985 2428 D.
1003 2366 1195 2428 Bonifatius
1207 2367 1407 2428 albanensis
1422 2366 1609 2442 episcopus,
1625 2367 1658 2426 et
1679 2365 1744 2426 do-

949 2465 1058 2524 mlnus
1082 2464 1276 2526 Mainardus
1304 2463 1497 2535 Sutriensis,
1527 2463 1559 2524 et
1583 2465 1620 2523 D.
1649 2465 1744 2538 Hugo

949 2561 1194 2638 liugubinensis
1209 2561 1361 2622 ecclesiae
1381 2562 1566 2637 episcopus,
1584 2559 1618 2621 11
1631 2559 1743 2620 domi-

949 2675 1012 2720 nus
1027 2659 1221 2720 Mainardus
1234 2657 1746 2728 Urbinatensis,etdominusAr·

948 2757 1070 2817 duinus
1097 2755 1259 2817 Fanensis
1282 2755 1469 2831 episcopus,
1495 2756 1528 2815 et
1552 2757 1589 2815 D.
1610 2754 1746 2815 Guillel·

948 2870 1022 2914 rnus
1052 2853 1276 2914 Humanensis
1305 2852 1491 2928 episcopus,
1528 2853 1561 2913 et
1589 2851 1743 2912 dominus

949 2953 1044 3026 Hugo
1057 2949 1233 3010 calliensis
1250 2949 1434 3026 episcopus,
1458 2951 1490 3010 et
1511 2950 1748 3010 1111111111-

948 3048 1091 3108 minicus
1107 3046 1319 3108 Pisaurensis
1329 3047 1516 3124 episcopus,
1530 3049 1565 3108 11
1574 3049 1611 3119 I).
1627 3047 1746 3109 Lotba·

947 3145 1019 3206 rius
1032 3144 1291 3206 auximanensis
1318 3144 1469 3206 ecclesiae
1496 3145 1683 3222 episcopus,
1712 3147 1745 3207 et

949 3242 1008 3303 alli
1023 3243 1247 3320 quamplures,
1269 3243 1457 3319 inquorum
1483 3243 1630 3304 omnium
1652 3257 1744 3320 111-

950 3341 1057 3402 sentia
1087 3356 1227 3416 surgens
1257 3339 1453 3401 Guillelmus
1484 3321 1769 3416 Senogalliensls'

949 3437 1137 3516 episcopus,
1148 3438 1272 3516 inquit3
1285 3439 1424 3499 Domine
1442 3439 1537 3515 pater
1548 3439 1743 3510 reverende,

948 3538 1068 3597 vestrae
1078 3536 1298 3598 sanctissimae
1309 3549 1495 3612 conqueror
1512 3535 1627 3612 pietati
1645 3552 1746 3614 super

949 3633 1052 3694 111111
1066 3635 1181 3694 nostre
1210 3633 1389 3694 Benedioto
1415 3633 1745 3710 Forosemproniensi

949 3731 1115 3807 eptscopo,
1137 3730 1193 3807 qui
1219 3729 1395 3807 quamdam
1420 3729 1595 3791 ecclesiam
1621 3731 1745 3791 nostrae

949 3828 1115 3899 diaecesis,
1143 3830 1239 3903 cujus
1265 3825 1463 3888 uocabulum
1491 3827 1542 3887 est
1566 3827 1743 3900 lobannis,

949 3939 1023 4002 quae
1038 3925 1161 3986 dicitur
1173 3925 1207 3984 in
1222 3923 1401 3995 8111111111,
1418 3939 1492 3984 crim
1508 3924 1577 3984 suis
1594 3924 1744 3985 ecclesiis

950 4021 1056 4082 eidem
1070 4037 1200 4092 massae,
1213 4037 1311 4098 quam
1326 4019 1432 4092 nobis,
1447 4021 1480 4082 et
1493 4023 1615 4082 nostrae
1633 4021 1744 4083 eccle-

950 4118 1009 4180 siae
1021 4134 1117 4180 sacra
1130 4117 1310 4190 contendll,
1320 4119 1353 4179 et
1363 4117 1428 4178 sibi
1443 4118 1568 4179 temere
1582 4127 1744 4195 usurpare

949 4215 1209 4292 praesumpserit,
1236 4213 1323 4276 unde
1337 4215 1481 4276 vestram
1497 4216 1658 4292 deprecor
1671 4217 1746 4293 pie-

949 4315 1061 4384 tatem,
1079 4312 1115 4374 ut
1128 4313 1251 4374 nostrae
1266 4313 1416 4374 eccleslae
1440 4314 1603 4390 justitiam
1634 4314 1744 4376 lacere

950 4409 1143 4487 dignemini.
1155 4413 1247 4470 ’1111
1264 4411 1417 4472 dominus
1428 4412 1546 4472 Petrus
1562 4413 1744 4474 Damianus

950 4507 1049 4585 coepit
1063 4523 1241 4584 exponere,
1259 4509 1430 4588 quatenus
1456 4509 1610 4570 dominus
1629 4510 1744 4574 Victor

950 4607 1073 4666 sanctae
1100 4609 1258 4666 Romanae
1280 4606 1437 4668 Ecclesiae
1466 4607 1616 4678 antistes,
1634 4609 1742 4668 Foro-

950 4703 1192 4779 semproniensi
1207 4703 1368 4776 ecclesiae,
1381 4705 1490 4764 molus
1510 4703 1633 4781 pletate
1655 4719 1756 4780 pau-2

951 4801 1088 4876 pertatis
1102 4801 1262 4877 ejusdem,
1279 4817 1353 4864 cum
1369 4801 1518 4872 decimis,
1529 4801 1744 4864 etoblationi·

949 4897 1011 4958 bus
1022 4898 1188 4960 universis
1199 4897 1609 4970 miserandoconcesserit,
1618 4913 1743 4976 suoque

950 4995 1096 5056 domimo
1115 4995 1356 5071 mancipaverit
1370 4995 1519 5072 ejusdem
1547 4999 1745 5057 111111111-

949 5092 1070 5154 clesiae
1084 5093 1272 5165 universas,
1290 5093 1408 5153 iisdem
1426 5091 1609 5154 redditibus
1630 5093 1744 5170 praeli-

948 5190 1046 5251 batis.
1064 5193 1134 5262 Quo
1149 5189 1327 5256 referente,
1338 5190 1425 5250 idem
1446 5190 1558 5252 caeteri
1568 5192 1742 5268 protestati

949 5289 1035 5360 sunt,
1052 5288 1137 5365 quod
1160 5288 1232 5349 haec
1255 5303 1335 5350 vera
1359 5290 1447 5348 esset
1470 5289 1622 5350 assertio.
1650 5290 1741 5362 Quod

948 5385 1088 5447 audiens
1104 5385 1259 5447 dominus
1286 5401 1372 5463 papa
1397 5385 1587 5448 Alexander
1614 5390 1742 5450 cunctis

948 5482 1172 5556 audientibus,
1201 5483 1331 5560 placido
1360 5499 1417 5544 ore
1445 5483 1552 5561 inquit
1577 5486 1694 5558 :Quod
1723 5502 1743 5548 a

949 5580 1194 5657 praedecessore
1217 5582 1332 5643 nostro
1358 5580 1453 5643 bonae
1482 5582 1650 5645 memorIae
1679 5585 1742 5648 do-
