4274 6388
297 317 353 378 tit
913 317 1089 382 HONORII
1112 319 1157 379 111
1178 319 1327 382 OPERA.
1880 319 1940 382 172

293 477 463 558 judicibus
490 477 707 556 praegravari,
737 477 835 554 quod,
857 493 958 556 quum
985 477 1088 552 idem,
1144 478 1321 555 praepositc
1336 477 1377 538 ad
1393 475 1512 540 sedem
1526 477 1750 556 apostolicam
1765 477 1936 548 veniendi,

295 575 514 653 pendentibus
543 574 756 637 citationibus
785 575 1000 647 eorumdem,
1031 589 1091 651 per
1144 575 1179 636 in
1195 578 1268 652 eJus
1294 577 1327 636 et
1353 574 1457 652 partis
1480 591 1551 636 suae
1566 575 1796 653 praejudicium
1813 577 1940 638 temere

297 672 442 734 nobilem
454 672 562 734 vnum
587 675 625 733 Α.
644 669 691 750 (1)
708 671 877 732 dominum
890 671 1088 732 Borbonen-
1145 671 1340 734 inveneritis
1364 672 1572 744 attentatum,
1603 673 1777 734 adversam
1797 675 1938 750 partam,

233 758 246 798 ²
298 785 379 841 sem,
407 768 657 831 conestabulum
681 769 858 842 alverniae,
876 767 916 829 de
936 767 1091 830 mandato
1147 769 1260 829 sicam
1284 785 1480 846 procurasse
1505 770 1701 842 constiterit,
1725 770 1940 848 praepositunr

298 867 465 930 carissimi
484 867 519 926 in
538 861 669 927 Christo
685 866 746 926 lilii
762 865 868 926 nostri
884 865 1031 943 Philippi
1045 865 1091 926 il·
1146 865 1255 942 ipsum
1271 866 1375 928 luisse
1387 865 1475 928 dicta
1488 867 1707 944 praepositura
1719 883 1779 945 par
1787 868 1940 930 laicalem

298 965 413 1026 lustris
437 964 526 1040 regis
555 965 771 1032 Francorum,
783 965 877 1040 parte
894 962 1000 1024 altera
1020 978 1093 1039 pro·
1146 964 1327 1040 potentiam
1353 964 1540 1042 spoliatum,
1567 965 1633 1036 vel,
1658 965 1834 1041 quominus
1863 979 1943 1042 pos-

298 1064 448 1132 curante,
475 1061 694 1138 praepositura
727 1060 801 1136 ipsa
829 1059 948 1122 fuisset
976 1059 1092 1120 illicite
1147 1059 1329 1121 sessionem
1356 1060 1462 1137 ipsius
1490 1060 1684 1136 apraedicto
1708 1073 1941 1138 regereoupe-

299 1159 472 1235 spoliatus,
502 1158 578 1234 ipsi,
606 1158 704 1235 prout
731 1156 773 1218 ad
798 1172 911 1218 eorum
946 1155 1093 1218 osticium
1147 1171 1223 1218 rare
1238 1156 1392 1235 potuerit,
1405 1157 1594 1235 impedisse,
1605 1157 1802 1220 auctoritate
1811 1159 1938 1230 nostra,

299 1254 498 1333 pertinebat,
525 1271 592 1316 non
612 1255 719 1316 solum
735 1254 894 1316 exhibere
915 1253 980 1315 sibi
993 1269 1094 1330 super
1147 1253 1278 1316 sublato
1312 1255 1544 1332 appellationis
1571 1255 1752 1327 obstaculo,
1771 1270 1869 1332 poena
1885 1271 1944 1316 ca-

299 1353 463 1430 hocquod
488 1353 633 1430 postulat
658 1352 739 1414 ordo
750 1352 849 1430 juris,
872 1351 925 1413 vel
947 1352 1094 1412 scribere
1148 1351 1268 1414 nouioa
1296 1352 1458 1429 puniatis,
1484 1354 1518 1415 et
1555 1351 1671 1414 eadem
1708 1353 1744 1414 ln
1784 1352 1943 1428 expensis

300 1449 389 1512 dieto
403 1449 487 1525 regi,
503 1451 538 1511 ut
549 1449 733 1526 corrigeret
748 1447 834 1525 quod
848 1447 971 1509 iactum
986 1446 1094 1508 luerat
1148 1463 1230 1526 quas
1244 1463 1304 1524 per
1316 1449 1477 1512 malitiam
1492 1465 1586 1510 suam
1601 1449 1795 1528 saepefatum
1808 1465 1940 1526 praepo·

299 1548 336 1608 in
363 1547 425 1608 bac
447 1547 567 1624 parte,¹
582 1561 643 1623 pro
667 1561 736 1606 suae
756 1545 940 1606 voluntatis
955 1543 1093 1605 arbitrio
1149 1546 1249 1606 situm
1262 1546 1297 1606 iu
1310 1547 1404 1608 curia
1419 1545 1508 1622 regis
1533 1545 1662 1624 praesati
1676 1549 1708 1610 et
1723 1546 1810 1624 apud
1822 1545 1942 1608 Sedem

299 1644 496 1715 renuebant,
520 1643 751 1704 verumetiam
780 1641 843 1702 sibi
868 1642 902 1704 et
924 1641 1094 1702 canonicis
1148 1643 1374 1719 apostolicam
1395 1643 1686 1721 lacerecompulit,
1710 1645 1754 1716 ei,
1771 1643 1942 1720 sleutjus-

300 1741 406 1819 partis
422 1756 491 1802 suae
507 1739 547 1800 ad
563 1742 635 1802 loca
649 1756 714 1801 non
733 1739 804 1802 tuta
822 1739 933 1800 citatis
950 1738 1094 1816 aliquem
1149 1740 1218 1801 tum
1243 1739 1353 1812 luerit,
1370 1740 1601 1810 condemnata,
1618 1741 1750 1817 cognita
1766 1756 1865 1817 super
1888 1740 1942 1802 bis

301 1855 455 1901 securum
468 1838 588 1910 locum,
606 1839 640 1898 in
655 1836 773 1915 quoad
789 1837 990 1898 decisionem
1004 1837 1096 1912 ejus·
1149 1838 1299 1909 veritate,
1308 1837 1530 1914 appellatione
1536 1839 1731 1915 postposita,
1741 1837 1940 1910 decernatis,

301 1937 375 1998 dem
385 1935 509 2012 negotii
521 1935 646 1996 diutins
659 1933 813 2011 protelati
828 1933 963 1993 insimul
979 1947 1096 1994 conve-
1149 1933 1309 1997 iacientes
1330 1935 1417 2011 quod
1446 1936 1661 1998 decreveritis
1688 1949 1942 2013 percensuram

301 2035 423 2106 nirent,
452 2031 634 2094 concedere
659 2031 873 2106 denegantes,
904 2029 1041 2105 triginta
1062 2028 1096 2090 et
1149 2029 1408 2092 ecclesiasticam
1444 2033 1584 2096 tirmiter
1621 2033 1805 2105 observari,
1839 2033 1942 2094 nullis

301 2130 445 2208 amplius
469 2130 510 2192 de
535 2129 706 2190 canonicis
730 2128 886 2190 ecclesiae
904 2126 1094 2187 memoratae
1149 2127 1269 2188 litteris
1284 2128 1416 2189 veritati
1443 2129 1625 2204 etjustitiae
1646 2129 1941 2206 praejudicantibus

303 2229 345 2290 ad
363 2227 445 2288 duas
471 2228 541 2288 lere
561 2227 689 2296 diaetas,
707 2241 774 2286 non
796 2225 868 2286 sine
883 2223 977 2300 gravi
990 2223 1095 2300 ipsius
1149 2223 1269 2285 aSede
1296 2223 1488 2299 apostoliea
1512 2225 1707 2302 impetratis.
1730 2225 1822 2298 Quod
1835 2225 1863 2284 si
1876 2239 1942 2286 non

302 2325 453 2388 ecclesiae
468 2325 615 2394 laesione,
627 2323 782 2400 prodicta
793 2319 1096 2384 causamultotiens
1150 2337 1276 2390 omnes,
1302 2323 1364 2382 etc.
1395 2323 1514 2383 Datum
1541 2322 1658 2394 Alatri,
1688 2325 1733 2385 vl
1758 2321 1938 2400 kaljunii,

302 2423 501 2494 citaverunt,
518 2437 592 2483 cum
607 2437 673 2492 non
687 2419 845 2480 deberent
861 2419 986 2480 tantam
1002 2417 1095 2478 mul·
1150 2418 1360 2494 pontificatus
1372 2419 1476 2482 nostri
1493 2435 1581 2480 anno
1596 2420 1703 2482 sexto.

302 2520 478 2582 titudinem
492 2534 643 2588 evocare,
661 2516 718 2578 sed
743 2517 784 2578 ad
804 2515 980 2577 ecclesiam
999 2529 1096 2576 acce-

303 2619 393 2690 dere,
420 2617 527 2695 siper
551 2631 609 2677 eos
631 2615 754 2677 vellent
774 2613 905 2690 plenius
927 2613 1099 2689 inquirere

303 2715 490 2786 veritatem,
507 2729 567 2791 pro
589 2729 626 2774 se
636 2727 675 2774 ac
691 2712 783 2789 parte
799 2727 859 2772 sua
872 2711 1019 2772 nostram
1029 2725 1094 2770 au·
1461 2695 1634 2783 CXCVII

302 2813 461 2874 dientiam
475 2811 664 2889 appellavit,
675 2811 809 2873 octavas
829 2807 1096 2869 Resurrectionis
1213 2847 1265 2906 Ad
1281 2849 1359 2908 PM,

302 2911 484 2974 Dominicae
505 2910 655 2988 proxime
678 2907 864 2985 praeteritas
879 2904 1096 2982 appellationi

305 3025 376 3070 suaa
390 3009 570 3070 terminum
585 3005 795 3084 praefigendo.

1361 2847 1489 2921 ippum,
1509 2849 1728 2907 Fraaacorom
1744 2859 1874 2922 repent.

1447 2977 1481 3034 tl
1494 2975 1561 3034 maii
1574 2977 1652 3034 1222.

342 3115 435 3176 Licet
449 3116 560 3175 autem
586 3112 694 3174 dictus
714 3109 816 3172 abbas
842 3108 883 3171 de
907 3110 1045 3171 Bosceto
1065 3109 1098 3172 ot
1190 3097 1327 3164 [conquat
1338 3099 1401 3150 ibid.
1415 3114 1440 3164 r·
1450 3099 1509 3158 tam
1522 3101 1633 3164 aegest,
1646 3099 1691 3150 lib·
1701 3099 1744 3158 Vl,
1755 3098 1829 3163 epist.
1838 3097 1906 3159 tea]

304 3213 464 3288 magister
486 3213 524 3272 P.
546 3211 627 3271 Bool
642 3208 822 3270 canonicus
837 3206 1095 3273 Lemovicensis,
1152 3215 1246 3288 Rogat
1264 3213 1426 3288 Philippum
1456 3215 1609 3285 llonorins,
1634 3221 1665 3272 nt
1684 3215 1866 3288 prepositum
1881 3213 1944 3270 bri·

304 3310 361 3389 qui
376 3310 484 3370 locum
509 3308 587 3369 tunc
614 3307 649 3367 in
674 3305 790 3366 eadem
813 3319 915 3364 causa
929 3302 1098 3366 obtinebat
1188 3303 1460 3372 vatenslsecclesiae,
1472 3303 1567 3360 officio
1577 3305 1731 3362 suominus
1743 3301 1946 3360 rationabiliter

245 3443 248 3450 ·
303 3407 451 3486 episcopi
464 3404 648 3472 memorati,
658 3416 771 3464 coram
782 3398 903 3478 quibus
918 3399 1097 3477 appellatio
1187 3391 1610 3463 ⁸l⁰¹l³ium³bA10h0fflb⁸ld⁰
1625 3391 1660 3448 ‘¹0
1673 3390 1824 3460 Bfflbonib
1842 3403 1942 3447 wiltis·

304 3504 391 3566 facta
416 3503 489 3575 luit,
505 3499 762 3580 appellationem
782 3499 888 3575 ipsam
907 3497 1098 3572 redigentes
1188 3478 1284 3536 i³b¹¹¹⁰
1295 3478 1448 3548 Allelssiaet
1462 3479 1573 3536 restitui
1586 3477 1682 3536 iaciat.

304 3601 340 3665 in
356 3602 500 3680 scriptis,
511 3615 568 3661 eas
580 3597 628 3678 (2)
643 3597 832 3674 sigillorum
843 3609 978 3655 suorum
993 3594 1099 3655 muni·
1193 3605 1361 3666 Honorius
1403 3603 1578 3680 episcopus
1581 3645 1659 3675 ......
1700 3602 1874 3664 carissimo
1909 3601 1945 3662 in

304 3701 394 3763 mine
424 3697 655 3771 roborassent3
684 3696 720 3756 B·
750 3695 862 3756 tamen
876 3691 1051 3753 Bulbensis
1066 3693 1100 3754 et
1153 3701 1284 3764 Christo
1301 3702 1369 3763 lilio
1381 3701 1495 3762 nostro
1510 3701 1597 3762 Pbil.
1614 3699 1737 3762 illustri
1751 3699 1823 3774 regi
1834 3701 1946 3762 Fran-

305 3799 340 3862 C.
357 3799 397 3861 de
411 3798 561 3868 Bosceto‚
587 3791 741 3855 monachi
756 3789 987 3853 cisterciensis
1002 3789 1097 3853 ordi·
1154 3801 1226 3872 ‹21ae,
1241 3799 1392 3870 salutem,
1405 3801 1467 3860 etc.

304 3899 370 3970 nis,
383 3896 501 3976 quibus
517 3895 691 3972 opiscopus
706 3890 738 3952 ei
762 3887 863 3950 abbas
876 3887 917 3950 de
935 3888 1098 3950 Buscbeto
1194 3897 1329 3958 creator
1345 3895 1482 3956 humani
1493 3893 1625 3971 generis
1638 3909 1677 3956 ac
1686 3893 1897 3971 Redemptor,
1909 3891 1945 3954 in

305 3995 455 4073 praedicti
483 3993 639 4053 dicuntur
660 3987 866 4050 commisisse
892 3985 1099 4063 postmodum
1155 3996 1249 4072 cujus
1264 4009 1364 4054 manu
1376 3993 1453 4053 sunt
1467 3991 1614 4054 omnium
1631 3992 1810 4068 potestates
1824 3993 1857 4053 et
1871 4007 1947 4053 om-

306 4094 398 4154 vices
418 4105 508 4158 suas,
523 4089 621 4150 tertio
641 4085 815 4164 conjudice
841 4085 1100 4164 appellationem
1154 4093 1246 4152 nium
1271 4093 1348 4168 jura
1378 4104 1568 4165 regnorum,
1599 4089 1639 4150 ad
1669 4089 1732 4150 hoc
1769 4102 1945 4166 personam

307 4188 413 4268 ipsius
457 4187 625 4264 tamquam
662 4185 845 4261 legitimam
884 4181 1098 4260 approbante,
1154 4190 1244 4251 tuam
1260 4188 1301 4250 ad
1325 4187 1420 4263 regni
1436 4186 1555 4248 solium
1577 4184 1777 4260 sublimavit,
1795 4187 1831 4246 ut
1842 4185 1952 4247 eccle-

306 4287 422 4349 cadent
434 4283 656 4361 appellatione
666 4281 863 4360 contempta,
875 4281 986 4350 ἱηθοὸ,
1000 4278 1100 4339 etiam
1156 4287 1223 4346 sias
1252 4287 1285 4346 et
1312 4299 1473 4362 personas
1505 4283 1750 4346 ecclesiasticas
1776 4283 1873 4358 regni
1901 4281 1950 4343 tui

306 4384 459 4464 postiter
483 4381 650 4457 arreptum
666 4379 708 4440 ab
725 4379 841 4440 eodem
865 4376 1041 4456 praeposito
1059 4375 1099 4436 ad
1156 4383 1372 4444 manuteneas
1401 4383 1435 4443 et
1460 4381 1628 4452 delendas,
1656 4381 1689 4442 et
1712 4384 1790 4457 jnra
1817 4393 1948 4450 aarum,

310 4481 428 4545 Sedent
467 4477 691 4556 Apostolieam
728 4475 900 4548 leniendi,
934 4473 1101 4564 interdicti
1156 4479 1365 4559 quantumin
1387 4477 1545 4550 tefuerit,
1563 4478 1691 4540 illibata
1713 4475 1951 4546 conserves,ut

185 4565 188 4570 Ι
310 4577 509 4643 sententiam
543 4577 668 4638 temere
696 4572 975 4652 promulgarunt,
1004 4585 1101 4649 quam
1157 4580 1291 4656 propter
1318 4579 1382 4639 hoo
1410 4577 1445 4637 in
1460 4576 1617 4653 ppaesenti
1630 4571 1762 4635 laudem
1780 4590 1800 4635 a
1816 4571 1949 4651 populo,

309 4677 440 4760 Plaefafi
456 4675 631 4754 0P1800P¹1³
647 4673 680 4736 θῖ
706 4669 1103 4748 ahb³SP08tm0d11ffldi·
1157 4681 1190 4740 et
1218 4677 1259 4738 ab
1287 4676 1359 4753 ipso
1380 4673 1582 4735 retributore
1610 4673 1775 4733 bonorum
1801 4671 1948 4732 omnium

310 4779 432 4840 cuntur
468 4773 578 4835 minus
610 4769 856 4832 l3t10ss³bll¹t01⁸
888 4765 1101 4844 fllpmbasse·
1158 4774 1317 4836 merearis
1357 4770 1526 4832 felicitatis
1562 4771 1695 4831 aeternae
1722 4769 1897 4846 praemium
1917 4767 1951 4828 in

311 4879 421 4950 Quare
442 4888 461 4935 a
485 4870 582 4933 nobis
594 4868 701 4930 dictus
717 4867 916 4946 praepositus
934 4863 1104 4926 humiliter
1158 4872 1280 4933 futuro.
1297 4869 1344 4932 Ad
1359 4868 1506 4930 nostram
1522 4867 1551 4927 si
1575 4867 1708 4945 quidem
1734 4865 1950 4938 audientiam,

311 4971 502 5053 postulabat
528 4970 566 5030 ut
580 4967 643 5029 sibl
668 4967 701 5027 a
719 4966 806 5042 parti
829 4979 897 5025 sue
929 4961 1104 5040 providere
1158 4969 1279 5032 diiecto
1295 4967 1363 5028 atio
1383 4968 1419 5027 Ρ.
1436 4966 1476 5027 oe
1496 4963 1952 5042 nonaqpraepositonriva-

313 5061 997 5148 Sillii?1¹0⁰miselifflsditefdignaremur·
1158 5068 1256 5138 tensi,
1287 5063 1461 5138 referente,
1490 5064 1641 5141 pervenit
1655 5061 1741 5141 quod
1766 5060 1887 5123 nobilis
1902 5060 1955 5122 vir

353 5177 496 5254 Ideoque
511 5170 704 5235 discretioni
718 5165 1105 5246 vestraeperetpostolica
1159 5168 1197 5226 A.
1218 5163 1266 5243 (3)
1293 5162 1446 5223 dominus
1462 5162 1502 5223 de
1519 5160 1696 5233 Borbonio,
1719 5157 1954 5221 conestabulus

313 5274 437 5351 scripta
453 5269 832 5346 mandemusquatenus,
850 5265 879 5326 si
894 5267 945 5326 est
969 5264 1026 5336 ita,
1046 5279 1105 5324 re·
1160 5261 1336 5334 Alverniae,
1354 5261 1462 5339 ipsum
1481 5259 1521 5320 de
1544 5257 1699 5319 mandato
1714 5259 1783 5326 tuo,
1799 5257 1885 5318 sicut
1897 5254 1953 5316 di-

312 5372 430 5437 uocato
445 5371 482 5431 in
496 5368 628 5430 irritum
644 5365 801 5446 quidquid
820 5363 893 5441 post
905 5361 1105 5440 appellatio·
1161 5362 1257 5432 citur,
1275 5357 1495 5436 praepositura
1508 5372 1569 5417 sua
1584 5356 1694 5415 minus
1709 5351 1955 5416 rationabiliter

313 5487 390 5535 nem
403 5464 604 5546 hujusmodi,
615 5465 648 5527 et
661 5465 725 5526 iter
737 5462 905 5540 arreptum
918 5477 937 5522 a
946 5459 1107 5538 jamdicto
1162 5457 1328 5536 spoliavit.
1346 5456 1488 5532 Ideoque
1515 5453 1727 5514 serenitatem
1751 5453 1842 5513 tuam
1855 5467 1956 5529 roga·

352 5637 392 5714 (l)
409 5632 659 5696 archembaldum.
1198 5625 1239 5700 (l)
1259 5603 1362 5684 Melias
1377 5637 1451 5682 enm.
1492 5619 1531 5695 (3)
1545 5619 1781 5680 Arobemlteldus.
