4274 6388
160 287 222 366 aaa

163 445 293 508 Sanctae
323 445 440 508 Mariae
461 443 742 508 Theutonicorum
755 444 952 523 Hierosoly-

161 543 295 614 miiani,
321 543 461 609 salutem
489 543 521 604 et
542 542 764 620 Apostolicam
791 541 951 604 benedic-

161 641 299 702 tionem.

202 738 356 798 Graviter
366 737 478 798 oculos
504 737 627 797 divinae
649 738 831 815 majestatis
846 736 955 798 offen·

161 833 243 895 dunt
258 835 290 896 et
304 833 529 896 thesaurizant
543 833 607 894 sibi
619 835 704 895 iram
720 835 755 896 in
770 835 824 895 die
834 834 954 912 judicii

157 931 240 1008 justi
251 931 321 1002 Dei,
335 931 391 1006 qui
400 930 573 1006 religionis
586 930 735 992 habitum
748 932 954 992 assumentes

161 1029 195 1088 et
209 1027 405 1104 incipientes
422 1029 562 1088 Domino
585 1027 740 1090 famulari
762 1028 803 1089 ad
817 1027 954 1104 AEgypti

162 1123 299 1185 delicias
316 1123 493 1186 derelictas
518 1124 696 1186 1311133131
722 1140 878 1202 pepones,
895 1123 955 1185 ab·

156 1221 312 1300 jactoque
323 1223 405 1298 jugo
426 1221 557 1284 Domini
581 1221 797 1284 saecularibus
812 1221 954 1296 negotiis

162 1333 199 1378 33
221 1317 408 1380 immiscent
427 1319 461 1380 et
477 1318 594 1381 illicita
609 1319 837 1386 mercimonia,
854 1318 954 1378 immo

162 1414 355 1477 detestanda
368 1414 586 1476 contubernia
597 1407 795 1478 contrahere
810 1431 876 1476 non
891 1413 956 1476 lor-

161 1512 299 1574 midant.
320 1512 475 1589 Plerique
501 1512 613 1586 etiam,
638 1514 695 1590 qui
720 1516 788 1574 Deo
809 1513 846 1572 in
870 1512 955 1574 fictis

161 1608 317 1686 operibus
346 1610 551 1672 mentiuntur
584 1609 720 1672 obtentu
750 1609 845 1671 falsae
874 1609 956 1670 reli-

161 1706 283 1782 gionis,
310 1722 410 1783 quam
436 1706 546 1783 potius
573 1707 690 1768 volunt
715 1707 830 1782 lugere
856 1722 956 1783 quam

161 1804 302 1876 mutare,
319 1819 386 1864 non
399 1803 502 1880 petita
518 1803 668 1880 magistri
683 1804 735 1864 sui
752 1803 887 1866 licentia
901 1804 955 1864 131

162 1899 307 1972 obtenta,
322 1915 358 1961 33
369 1900 409 1961 31
423 1900 527 1961 31133
540 1900 713 1976 religionis
723 1899 832 1962 locum
842 1903 956 1962 trans-

161 1997 284 2070 ierunt,
301 2013 368 2058 non
381 1996 603 2070 advertentes,
620 1997 706 2074 quod
719 1999 806 2058 Deus
818 2012 883 2059 non
898 1996 958 2058 131-

161 2093 244 2155 11131
264 2110 327 2154 333
352 2093 535 2155 altissimus
561 2093 729 2155 irridetur.
758 2095 828 2156 Nos
853 2094 957 2168 igitur

162 2191 330 2267 superbis
345 2191 494 2253 13133133
508 2192 646 2269 speciali
661 2191 803 2267 quadam
825 2191 955 2253 sollici-

161 2287 277 2349 tudine
308 2287 494 2364 providere,
520 2288 717 2350 auctoritate
741 2289 956 2365 praesentium

163 2384 364 2456 inhibemus,
379 2399 421 2446 ne
441 2384 527 2460 quis,
542 2386 616 2461 post
640 2385 881 2461 professionem
897 2401 955 2446 or-

164 2480 251 2542 dinis
263 2481 367 2542 vestri
381 2479 474 2542 robis
490 2482 691 2557 regulariter
714 2483 835 2544 133133
856 2481 956 2542 habi-

163 2577 297 2654 tumque
319 2579 500 2654 receptum,
516 2579 557 2639 ad
582 2580 742 2640 saeculum
767 2579 820 2641 131
842 2579 957 2640 33311

164 2671 317 2732 militiam
341 2673 399 2733 331
427 2673 606 2733 saeculares
630 2673 763 2750 nuptias
787 2673 956 2734 licentiam

162 2768 284 2832 habeat
305 2769 513 2831 transeundi.
530 2769 650 2830 Nullus
675 2785 804 2847 quoque
819 2771 957 2847 majoris

163 2866 217 2927 vel
227 2864 367 2926 minoris
377 2865 550 2942 religionis
566 2866 701 2929 obtentu
716 2867 789 2927 sine
804 2867 957 2941 magistri

165 2961 217 3023 sui
242 2962 379 3023 licentia
405 2963 585 3038 praesurnat
607 2962 648 3024 ad
677 2963 779 3024 alium
806 2963 956 3024 ordinem

164 3058 379 3120 transvolare.
400 3057 493 3118 Nulli
518 3074 598 3134 ergo
627 3060 761 3120 333133
785 3059 956 3120 hominum

164 3155 266 3216 113331
290 3154 377 3216 hanc
403 3155 559 3231 paginam
596 3157 720 3217 nostrae
747 3155 957 3217 inhibitionis

164 3251 359 3327 infringere,
375 3252 428 3313 vel
443 3252 476 3312 ei
488 3268 571 3312 ausu
585 3253 762 3314 temerario
778 3253 955 3315 contraire.

166 3349 203 3410 Si
217 3348 291 3424 quis
305 3350 416 3408 autem
432 3347 495 3409 hoc
514 3349 677 3410 attentare
692 3352 955 3427 praesumpserit,

165 3445 428 3519 indignationem
453 3445 688 3522 omnipotentis
708 3448 767 3508 Dei
796 3449 829 3508 et
843 3447 959 3510 beato·

165 3556 239 3602 rum
271 3541 362 3602 Petri
387 3542 421 3603 et
454 3543 552 3602 Pauli
575 3543 799 3618 apostolorum
826 3548 897 3622 ejus
921 3560 957 3606 se

164 3637 297 3699 noverit
309 3638 534 3698 incursurum.
557 3641 676 3700 Datum
696 3642 863 3713 Laterani,
887 3640 955 3702 kal.

165 3733 337 3808 februarii,
350 3735 561 3812 pontificatus
585 3737 691 3799 nostri
703 3753 791 3798 anno
804 3738 954 3816 septimo.

293 4281 345 4340 Ad
357 4281 540 4340 universos
560 4277 688 4340 0131311·
702 4279 827 4352 udaias.
918 4257 927 4270 ⁸

430 4416 595 4475 alentonii
612 4417 690 4476 1223.

258 4549 394 4615 [Strehlka
404 4551 466 4602 Tab.
480 4549 535 4601 ord.
546 4549 684 4609 Theuton„
698 4549 745 4600 318
756 4565 783 4600 3.
796 4551 864 4616 3811]

165 4674 309 4732 Honorius
326 4675 476 4732 universos
496 4673 600 4733 Christi
619 4673 727 4743 lideles,
748 4675 892 4748 proposita
912 4677 955 4733 in-

200 4761 359 4835 dulgentia,
379 4761 508 4820 bortatur
540 4762 576 4820 ad
614 4763 837 4822 succurrendum
866 4764 959 4822 ordini

176 4911 180 4918 ,
201 4849 377 4908 Theutonico
389 4850 591 4924 eleemosynis.

205 4985 372 5046 Honorius
384 4985 568 5061 episcopus,
578 5001 694 5048 servus
703 5003 874 5050 servorum
886 4988 957 5060 Dei,

165 5081 332 5160 universis
347 5080 471 5144 Christi
491 5080 654 5154 fidelibus,
678 5083 719 5144 ad
735 5099 817 5161 quos
839 5085 958 5147 litterae

165 5178 239 5244 istae
262 5179 486 5255 pervenerint,
513 5179 709 5241 salutemet
734 5181 959 5257 Apostolicam

165 5263 441 5336 benedictionem.

206 5373 296 5434 Inter
309 5374 441 5444 caetera,
458 5389 531 5448 quae
550 5373 712 5435 inducunt
735 5375 959 5448 miserationis

167 5467 361 5544 patientiam
377 5469 419 5530 ad
434 5470 646 5546 parcendum,
666 5471 738 5532 sola
750 5471 801 5533 est
816 5473 961 5534 eleemo-

166 5579 261 5640 syna,
294 5581 367 5646 quae
391 5565 545 5644 operiens
571 5568 816 5644 multitudinem
842 5584 962 5645 pecca-

312 5711 429 5754 31331.
449 5708 523 5754 roua
534 5697 587 5757 lV.

778 285 1007 351 EPISTOLAE.
1030 287 1108 348 hta.
1131 286 1202 347 VII.

1737 284 1798 347 290

1005 444 1115 506 torum
1149 442 1308 506 offensam
1337 441 1484 504 divinam
1512 443 1652 520 mitigat,
1681 441 1797 505 datin

1007 540 1164 617 praesenti
1172 540 1314 616 gratiam
1325 541 1358 602 et
1376 539 1491 616 adjicit
1504 541 1647 614 gloriam
1662 539 1801 602 131313-

1007 655 1056 700 13.
1070 641 1143 714 lpsa
1159 638 1247 699 enim
1261 637 1411 713 dispersa
1420 636 1699 712 multiplicaturet
1712 651 1800 700 cres·

1008 736 1062 806 cit,
1076 736 1108 797 31
1118 735 1263 811 reposita
1278 736 1312 794 in
1325 749 1442 794 manus
1456 749 1637 810 pauperum
1648 735 1799 796 coelestes
1917 800 1919 808 ,

1008 832 1199 908 congeritur
1221 831 1257 892 in
1272 830 1458 902 thesauros,
1475 829 1554 906 quin
1574 830 1694 905 potius,
1713 831 1800 908 quod

1008 929 1067 990 uni
1088 943 1131 990 ex
1155 927 1301 988 minimis
1319 927 1442 988 133133
1465 925 1625 988 13311113
1644 928 1800 1004 operibus

1008 1025 1174 1098 caritatis,
1205 1024 1269 1102 ipsi
1295 1023 1434 1086 Domino
1464 1024 1588 1086 133133
1620 1024 1802 1087 secundum

1007 1119 1802 1197 veritatiseloquiumperhibetur.Nonestantem

1009 1218 1122 1289 alicui,
1146 1217 1232 1280 sicut
1253 1217 1466 1285 arbitramur,
1483 1217 1698 1292 incognitum,
1716 1216 1806 1294 quod

1009 1315 1121 1377 dilecti
1134 1314 1207 1387 filii,
1217 1315 1336 1376 1131133
1347 1313 1530 1390 Hospitalis
1543 1315 1673 1376 Sanctae
1685 1315 1803 1376 Mariae

1010 1413 1290 1475 Theutonicorum
1318 1412 1624 1489 Hierosolymitani,
1655 1412 1712 1490 qui
1741 1429 1803 1475 sua

1010 1509 1803 1589 omnia,irnmoetseipsossuperimpenduntser-

1010 1608 1176 1670 vitioJesu
1187 1607 1376 1680 Christi,sic
1386 1607 1588 1669 intentisunt
1598 1609 1688 1669 circa
1698 1624 1802 1685 opera

1010 1704 1170 1778 caritatis
1199 1704 1389 1780 specialiter
1411 1704 1453 1765 ad
1478 1703 1704 1770 defensionem
1726 1705 1804 1776 lidei

1011 1801 1219 1874 Christianae‚
1230 1801 1426 1862 aemulantes
1441 1800 1681 1878 quodammodo
1693 1801 1802 1864 zelum

1010 1898 1191 1970 Mathatiae,
1209 1914 1311 1975 quum
1332 1897 1462 1958 1113131
1475 1899 1592 1960 333313
1606 1899 1738 1960 Domini
1759 1898 1802 1960 ab

1011 1996 1134 2058 exteris
1145 1994 1336 2057 nationibus
1351 1993 1567 2072 prophanari,
1585 1995 1642 2072 qui
1653 1995 1757 2056 11133
1768 1995 1803 2056 13

1010 2093 1173 2169 patientia
1196 2092 1342 2154 tolerant
1364 2091 1452 2154 etin
1476 2091 1642 2154 desiderio
1664 2095 1804 2154 mortem

1010 2188 1144 2262 habent,
1159 2187 1256 2250 bonis
1276 2190 1388 2251 tamen
1409 2189 1599 2250 coelestibus
1622 2189 1803 2252 inhiantes.

1011 2289 1116 2358 Quum
1144 2286 1248 2362 igitur
1276 2285 1355 2348 dicti
1383 2285 1515 2359 1131133,
1543 2287 1601 2363 qui
1629 2285 1806 2350 effundunt

1011 2399 1090 2460 opes
1107 2385 1139 2446 et
1153 2383 1289 2444 tradunt
1302 2399 1441 2460 corpora
1456 2399 1515 2460 pro
1528 2383 1684 2444 13131131
1695 2385 1806 2446 chris-

1010 2480 1122 2552 tianae,
1140 2479 1181 2541 ad
1196 2479 1425 2556 eleemosynas
1447 2495 1513 2540 non
1535 2479 1703 2542 sulflciant
1718 2497 1803 2542 con-

1011 2577 1133 2649 suetas,
1150 2577 1216 2637 nisi
1237 2575 1384 2638 fidelium
1400 2576 1570 2652 suffragiis
1594 2575 1803 2655 adjuventur,

1012 2673 1263 2736 universitatem
1279 2675 1424 2735 vestram
1446 2675 1628 2749 rogandam
1647 2675 1805 2736 duximus

1011 2771 1044 2834 et
1065 2771 1261 2832 monendam
1281 2770 1564 2831 inremissionem
1584 2771 1678 2832 robis
1691 2787 1807 2848 pacca-

1012 2868 1137 2928 minum
1151 2867 1373 2942 injungentes,
1390 2868 1563 2942 quatenus,
1588 2883 1688 2943 quum
1702 2869 1804 2930 iidem

1012 2962 1206 3026 1131133131
1229 2978 1345 3024 eorum
1368 2964 1478 3024 nuntii
1504 2963 1624 3025 31133
1652 2965 1805 3028 venerint

1012 3060 1240 3137 eleemosynas
1255 3060 1390 3137 petituri
1404 3075 1464 3136 pro
1475 3060 1715 3122 sustentatione
1726 3078 1806 3138 pau·

1011 3174 1126 3236 perum
1139 3173 1178 3218 ac
1193 3159 1303 3218 Terrae
1320 3157 1450 3218 Sanctae
1462 3173 1633 3231 succursu,
1650 3160 1744 3234 grata
1755 3159 1804 3220 eis

1011 3255 1158 3316 subsidia
1184 3254 1374 3326 conseratis,
1404 3255 1451 3315 ita
1468 3254 1553 3332 quod
1589 3271 1648 3332 per
1673 3255 1745 3316 haec
1771 3257 1806 3318 et

1011 3353 1079 3413 3113
1093 3351 1226 3428 pietatis
1241 3366 1354 3427 opera,
1371 3367 1445 3428 quae
1464 3352 1603 3413 Domino
1618 3352 1804 3428 inspirante

1011 3449 1168 3521 feceritis,
1192 3447 1374 3525 proficiatis
1395 3448 1491 3509 bonis
1515 3448 1752 3525 temporalibus
1772 3450 1805 3512 31

1011 3547 1107 3608 13313
1133 3561 1200 3606 333
1230 3545 1458 3606 destituamini
1482 3547 1702 3622 sempiternis.
1735 3549 1804 3609 Nos

1010 3659 1090 3705 vero
1114 3641 1175 3713 eis,
1194 3633 1250 3720 qui
1264 3643 1362 3704 113113
1385 3641 1544 3703 fratribus
1566 3658 1700 3704 manum
1726 3660 1806 3719 por-

1011 3740 1312 3817 1313113131313113,
1325 3739 1354 3800 si
1369 3738 1809 3815 1313133113133331133133,

1012 3839 1192 3900 secundum
1208 3837 1426 3914 quantitatem
1445 3835 1585 3896 subsidii
1600 3837 1633 3896 31
1653 3837 1803 3898 1313113-

1012 3935 1064 3995 313
1092 3933 1246 3994 affectum
1273 3947 1409 3996 suorum
1423 3932 1555 3992 veniam
1575 3933 1803 4008 peccaminum

1011 4031 1219 4110 pollicemur.
1231 4030 1349 4091 Datum
1360 4029 1529 4102 Laterani,
1541 4030 1586 4090 111
1597 4045 1674 4091 non.
1687 4028 1803 4092 febru-

1012 4129 1088 4204 arii,
1102 4126 1314 4204 pontificatus
1328 4125 1434 4188 nostri
1449 4141 1538 4189 anno
1551 4125 1717 4204 septimo.¹

1338 4439 1482 4528 LXXII

1071 4593 1123 4652 Ad
1147 4591 1366 4652 1333333131
1387 4591 1575 4664 capitutum
1596 4596 1746 4654 ecclcsiae

1251 4691 1292 4748 de
1316 4687 1561 4761 Frocbensort.

1276 4816 1294 4874 3
1314 4815 1541 4874 1311331111113.

996 4953 1002 4958 “
1100 4940 1230 5004 [1131111133
1244 4939 1306 4990 Coti.
1317 4939 1424 5004 diplom.
1436 4937 1610 5000 1133311333,
1627 4955 1652 5004 p.
1666 4940 1718 5006 38.]

1060 5063 1297 5124 constitutionem
1312 5077 1328 5120 a
1341 5061 1472 5207 Phlgippc
1487 5062 1639 5135 preposito
1654 5063 1758 5124 laetam

1332 5163 1387 5208 con
1409 5155 1494 5208 rmat.

1053 5277 1221 5338 Honorius
1262 5276 1592 5351 episcopusservus
1635 5293 1808 5344 serrorum

1013 5374 1084 5446 Dei,
1101 5373 1231 5434 dilectis
1246 5373 1325 5432 liliis
1340 5371 1466 5434 decano
1481 5373 1513 5435 et
1532 5375 1677 5450 capitulo
1700 5378 1810 5439 eccle-

1014 5471 1073 5533 siae
1086 5471 1126 5532 13
1141 5467 1374 5543 Frankentort,
1392 5469 1532 5532 salutem
1543 5473 1808 5548 atApostolicam

994 5651 998 5660 Ι
1013 5567 1289 5630 benedictionem.

1638 5701 1671 5758 {0
