4258 6394
332 305 389 368 451

331 461 450 536 occidi,
465 463 501 526 ut
521 464 578 540 qui
596 460 753 524 audirent
774 457 969 538 huiusmodi
990 458 1126 522 vindic·

330 561 411 634 tam,
425 561 555 638 plenius
569 559 805 636 intelligerent,
822 557 946 636 quanta
961 571 1125 628 reveren-

326 659 378 722 tia
402 658 563 720 debeatur
581 657 686 732 regiae
714 655 878 732 dignitati,
905 655 938 716 et
960 655 1126 716 attentare

330 755 455 818 similia
481 754 709 816 formidarent.
731 753 805 814 Non
829 751 891 814 tibi
916 751 1126 827 suggerimus

329 852 394 916 hoc
412 852 576 929 exemplo,
588 853 626 914 ut
643 850 776 913 occidas
791 849 943 912 comitem
958 863 1126 910 memora-

328 953 432 1013 tum:
467 948 554 1011 absit
582 948 655 1010 baec
684 963 705 1009 a
738 947 996 1010 mansuetudine
1030 945 1125 1008 Sedis

330 1045 529 1124 spostolicae
543 1045 717 1122 impietas3
731 1045 791 1107 ssd
805 1045 920 1122 utique
934 1042 1123 1113 suademus,

326 1145 367 1206 ut
380 1160 442 1206 rex
454 1143 529 1220 regi
543 1141 633 1204 ieras
651 1143 814 1204 auxilium
834 1143 867 1205 et
883 1142 968 1204 citra
988 1139 1126 1215 sangui-

328 1242 382 1303 nis
397 1255 529 1320 poenam
551 1239 599 1301 sic
614 1240 722 1317 ipsum
735 1239 889 1302 comitem
904 1238 1025 1314 punias
1038 1235 1124 1313 quod

329 1339 472 1401 audacia
485 1337 633 1414 perfidiae
643 1353 713 1398 suae
723 1352 790 1398 non
804 1335 999 1398 transeatin
1014 1348 1130 1402 exem,

216 1465 219 1472 ·
328 1435 431 1514 plum.
457 1435 631 1495 Menenius
652 1432 766 1510 itaque
789 1431 1005 1494 serenitatem
1032 1432 1124 1493 tuam

328 1535 364 1594 et
391 1531 515 1610 quanta
542 1545 720 1608 possumus
748 1528 925 1591 affectione
953 1542 1122 1603 rogamus,

327 1644 388 1706 pro
399 1627 519 1706 grandi
534 1628 568 1690 et
587 1627 727 1704 speciali
741 1641 880 1688 munere
903 1623 1121 1703 pistulantes,

327 1726 491 1805 petenen
506 1740 567 1804 pro
581 1725 642 1786 Del
653 1725 687 1787 et
701 1723 797 1786 Sedis
812 1722 1012 1802 apostoliam
1023 1735 1123 1784 rere-

325 1825 453 1897 rentie,
482 1837 613 1886 necnon
639 1837 700 1900 pro
727 1820 994 1884 consideratione
1020 1816 1123 1893 regie

326 1921 511 1999 dignitatis,
531 1920 585 1982 oui
607 1923 641 1982 te
656 1918 765 1980 debes
786 1916 1004 1979 lavorebilem
1026 1913 1125 1976 exiii·

325 2018 558 2091 herediolum
586 2031 699 2092 regem
722 2015 757 2080 et
780 2013 885 2074 iillum
911 2016 984 2090 ejus
1015 2011 1122 2090 plene

325 2115 459 2178 restitui
476 2114 580 2176 iacias
596 2113 754 2185 libertati,
770 2125 870 2188 snper
882 2110 946 2172 boc
957 2107 1122 2186 imperia-

326 2212 374 2274 lia
398 2212 522 2288 ecripta
547 2211 596 2272 ita
621 2223 787 2287 expressa·
803 2208 837 2270 et
859 2205 1012 2268 eiiicaoin
1034 2205 1124 2267 diri·

327 2309 448 2386 gendo,
478 2308 565 2385 quod
599 2322 715 2368 eorum
743 2305 896 2367 liberatio
925 2319 997 2365 non
1018 2302 1124 2380 possit

328 2406 454 2469 diutius
464 2403 636 2482 protelari,
652 2419 771 2481 preces
785 2401 1043 2464 nostrastaliter
1055 2400 1123 2462 im-

327 2504 489 2582 pleturus,
506 2502 594 2580 quod
616 2501 740 2579 praeter
761 2499 942 2562 bominum·
954 2497 1070 2560 laudes
1091 2497 1124 2558 et

327 2602 522 2679 perpetuam
539 2598 747 2661 devotionem
764 2597 871 2675 ipsius
890 2595 983 2672 regis
1000 2610 1041 2656 ao
1061 2593 1124 2655 iiiii

328 2693 1124 2776 sui,quamexbocplenarieassequerie,eelerne

327 2794 390 2858 tibi
416 2811 436 2857 a
462 2795 554 2870 Rege
581 2809 698 2870 regum
728 2791 868 2870 praemia
894 2789 1122 2852 reserrentur.

326 2892 453 2955 Datum
465 2891 637 2963 Laterani,
658 2889 793 2954 kalend.
813 2887 1017 2962 novembris,
1032 2901 1123 2950 anno

328 2990 458 3054 octavo.

642 3261 815 3348 xxxin

946 298 1124 363 HONORJI
1146 299 1191 362 111
1212 299 1363 364 ornat.

1497 445 1661 555 xxxiv

1379 619 1432 680 Ad
1445 619 1538 680 cives
1559 620 1774 680 Lubtcenses.

1446 743 1610 806 inovemb.
1628 747 1707 806 liti.

1228 869 1443 932 [urkundenbuch
1452 869 1707 934 babenbergenses,
1719 869 1740 928 l,
1752 869 1808 929 iet,
1822 883 1848 920 n.
1859 869 1929 936 its]

1178 982 1230 1086 Eis
1246 993 1363 1052 mandat
1383 999 1415 1052 ut
1428 1007 1498 1068 erga
1513 1007 1613 1068 regem
1632 993 1727 1052 Daciae
1746 1000 1861 1068 captum
1877 993 1978 1054 ddeles

1434 1097 1499 1140 sese
1510 1082 1717 1140 demonstrent.

1178 1271 1181 1278 ,
1222 1208 1315 1271 Sicut
1332 1223 1414 1270 vasa
1434 1207 1529 1284 figuli
1551 1207 1668 1286 probat
1687 1207 1821 1280 fornax,
1836 1208 1885 1272 sic
1908 1209 1974 1270 ad-

1178 1306 1349 1367 versitatis
1373 1306 1523 1368 caminus
1545 1306 1718 1368 examinat
1740 1305 1818 1368 iidei
1842 1305 1975 1382 purita-

1178 1404 1256 1465 tem.
1265 1405 1372 1474 Quum
1386 1419 1465 1480 ergo
1476 1403 1671 1464 carissimus
1686 1403 1723 1464 in
1738 1402 1870 1466 Christo
1883 1403 1975 1466 illius

1178 1499 1328 1571 noster...
1359 1498 1500 1562 illustris
1527 1515 1590 1562 rex
1617 1500 1727 1562 Daciae
1760 1499 1917 1563 dominus
1941 1502 1976 1563 et

1179 1596 1268 1657 tilius
1286 1597 1370 1673 eius
1398 1596 1486 1674 capti
1519 1611 1578 1673 per
1603 1597 1741 1660 Henrici
1769 1596 1901 1660 comitis
1932 1596 1975 1658 de

1178 1695 1309 1762 zwerin
1325 1693 1498 1772 perfidiam
1515 1695 1704 1768 teneantur,
1721 1695 1975 1758 universitatem

1178 1794 1323 1854 vestram
1338 1791 1584 1854 sollicitandam
1602 1792 1757 1856 duximus
1777 1793 1811 1854 et
1830 1791 1974 1854 bertan-

1179 1887 1266 1960 dam,
1291 1905 1350 1966 per
1377 1888 1567 1966 Apostolica
1599 1888 1695 1951 vobis
1725 1890 1849 1966 scripta
1884 1905 1976 1950 man·

1178 1986 1307 2059 dantes,
1333 1987 1499 2066 quatenus
1523 1985 1745 2049 ndei-vestrae
1773 1986 1974 2058 constantia,

1179 2098 1279 2160 quam
1301 2099 1461 2162 prospera
1480 2083 1572 2145 clare
1587 2083 1815 2146 demonstrare
1829 2098 1896 2146 non
1912 2099 1976 2162 po-

1178 2181 1298 2252 terant,
1334 2180 1370 2241 in
1402 2178 1465 2243 hoc
1494 2180 1711 2244 adversitatis·
1736 2180 1888 2242 articulo
1915 2180 1976 2244 de-

1178 2278 1413 2350 monstrantes,
1430 2278 1466 2338 in
1481 2277 1586 2356 ipsius
1610 2277 1704 2354 regis
1720 2277 1885 2340 fidelitate
1899 2277 1976 2339 tali·

1178 2379 1231 2443 ter
1252 2374 1451 2452 persistatis,
1474 2375 1561 2452 quod
1585 2374 1826 2438 laudisvestrae
1851 2390 1978 2452 praeco·

1178 2473 1235 2540 nia
1249 2473 1369 2536 merito
1385 2472 1471 2550 apud
1491 2473 1674 2550 praesentes
1692 2471 1725 2534 et
1748 2474 1899 2550 posteros
1913 2486 1975 2533 re-

1178 2569 1329 2632 ierantur
1354 2571 1387 2632 et
1419 2569 1508 2632 idem
1534 2585 1596 2631 rex
1619 2585 1660 2632 ac
1692 2568 1782 2632 illins
1807 2571 1893 2654 ejus,
1930 2569 1974 2632 ad

1178 2682 1318 2745 quorum
1339 2667 1573 2730 liberationem
1598 2665 1746 2730 studiose
1769 2666 1979 2730 intendimus

1178 2765 1211 2826 et
1228 2763 1444 2828 intendemus
1462 2764 1649 2831 auxiliante
1671 2762 1815 2852 Domino
1834 2779 1909 2826 cum
1923 2763 1978 2824 ei·

1177 2862 1277 2934 iectu
1289 2877 1391 2940 quum
1415 2860 1450 2922 in
1467 2876 1607 2936 regnum
1626 2877 1725 2924 suum
1742 2860 1916 2933 redierint,
1932 2875 1976 2923 eo

1178 2975 1214 3022 se
1232 2957 1328 3022 vobis
1350 2957 1533 3020 exhibeant
1553 2957 1767 3035 benigniores
1782 2958 1817 3019 in
1832 2973 1977 3035 prospe-

1177 3057 1237 3130 ris,
1253 3071 1390 3134 quovos
1408 3055 1473 3117 sibi
1488 3054 1658 3118 fideliores
1677 3055 1832 3118 extitisse
1852 3054 1971 3118 memi-

1178 3153 1334 3218 nerintin
1352 3151 1515 3216 adversis.
1529 3152 1648 3216 Datum
1663 3151 1834 3226 Laidem,
1854 3155 1897 3216 ill
1910 3167 1978 3214 no-

1177 3251 1230 3314 nis
1245 3265 1430 3324 nov-,anno
1445 3251 1573 3312 octavo.

350 3415 402 3478 dd
416 3413 638 3476 bertholdum
654 3414 851 3487 episcopum
865 3409 1100 3472 iettensem.
1155 3495 1156 3498 Ἴ

596 3539 760 3602 inovsmb.
777 3540 856 3599 liis.

376 3665 591 3730 [urkundenbuch
601 3663 856 3729 lielrlenburgiscbss,
870 3663 892 3723 1,
903 3661 959 3722 283,
968 3677 995 3714 n.
1007 3661 1076 3728 ret]

327 3793 361 3852 ili
374 3792 491 3851 mandat
502 3797 532 3848 ut
546 3791 682 3848 comitem
697 3788 733 3847 de
747 3789 861 3848 zwerin
872 3795 902 3845 et
915 3786 979 3861 eius
998 3785 1123 3846 lautores

605 3877 845 3937 excommunicet.

368 3997 547 4069 Honorius,
564 3997 640 4065 etc,
656 3996 695 4056 ut
709 3993 985 4071 comatumque
999 3991 1124 4054 irater-

328 4095 427 4159 nitati
448 4095 513 4156 tuae
540 4109 600 4171 per
622 4090 813 4169 Apostolica
838 4090 962 4167 scripta
983 4088 1123 4152 firmiter

329 4190 553 4270 precipiendo
590 4187 803 4259 mandamus,
836 4189 1015 4264 quatenus,
1056 4186 1123 4247 nisi

331 4288 439 4350 dictus
456 4302 567 4347 comes
581 4284 668 4347 inira
685 4298 832 4345 mensem
844 4283 919 4360 post
934 4283 1123 4360 susceptio·

330 4400 408 4448 nem
424 4383 610 4446 litterarum
625 4397 708 4459 quas
728 4395 828 4457 super
845 4379 908 4442 hoc
921 4379 985 4441 sibi
1000 4379 1123 4456 dirigi·

329 4497 416 4554 mus,
436 4479 543 4556 ipsum
558 4493 670 4554 regem
683 4493 723 4539 ao
735 4476 840 4538 illium
855 4479 927 4554 ejus
941 4476 1124 4539 reddiderit

330 4576 488 4649 libertati,
501 4575 611 4652 ipsum
631 4574 665 4636 et
687 4587 801 4636 omnes
817 4575 889 4650 eJus
910 4573 946 4633 in
966 4573 1029 4634 hac
1052 4573 1122 4634 ini·

329 4675 454 4760 quitata
485 4672 631 4734 iautores
662 4669 886 4749 appellatione
916 4671 1043 4733 remota
1063 4685 1124 4732 ex-

329 4770 591 4835 communicatos
625 4767 757 4846 publice
786 4767 930 4842 nunties,
953 4769 987 4830 et
1018 4767 1123 4830 iacias

328 4871 462 4933 eosdem
476 4882 580 4946 usque
594 4865 636 4928 ad
648 4865 910 4929 satisfactionem
925 4863 1123 4940 condignam

329 4968 455 5031 arctius
476 4964 607 5037 evitari,
628 4963 781 5026 iaciendo
801 4961 1121 5025 excommunicatio-

329 5082 405 5128 nem
426 5065 545 5142 ipsam,
571 5061 711 5140 pulsatis
735 5059 906 5137 campanis
928 5059 962 5120 et
975 5057 1123 5120 candelis

330 5160 491 5232 accensis,
504 5157 668 5238 publicari
683 5156 879 5220 solemniter
892 5155 1035 5233 singulis
1051 5154 1124 5217 die-

329 5257 390 5319 bus
401 5254 577 5318 dominicis
589 5256 622 5317 et
635 5253 764 5318 festivis
776 5269 837 5331 per
847 5253 932 5325 loca,
953 5252 988 5313 in
1004 5251 1123 5330 quibus

328 5353 454 5417 videris
469 5351 638 5430 expedire.
655 5353 774 5415 Datum
793 5349 961 5423 Laterani,
981 5353 1025 5414 IV
1042 5363 1120 5412 non.

328 5468 421 5525 nov„
438 5463 526 5514 anno
539 5449 667 5511 octavo.

1504 3576 1647 3668 XXXV

1191 3730 1243 3792 Ad
1263 3729 1451 3805 capitulum
1463 3731 1499 3792 S·
1515 3731 1664 3793 Martini
1684 3728 1960 3795 Woruzcttecsn.

1442 3859 1465 3918 i·
1473 3857 1607 3918 novemb.
1626 3859 1706 3918 iffi
1898 3927 1908 3944 ι

1255 3981 1403 4047 [Schannat
1416 3981 1481 4033 ilict.
1490 3981 1629 4047 episcopal.
1642 3983 1778 4042 wormat,
1791 3981 1812 4042 1,
1828 3981 1896 4046 lot]

1212 4116 1347 4176 Annum
1358 4113 1499 4202 redditum
1514 4114 1710 4260 egfiecclcsiam
1724 4093 1868 4188 despetje
1882 4115 1928 4174 eis

1495 4217 1529 4260 co
1570 4211 1653 4260 rmat.

1218 4321 1385 4384 Honorius
1395 4321 1708 4400 episcopusservus
1718 4335 1890 4382 servorum
1898 4321 1971 4392 Dei,

1177 4419 1309 4482 dilectis
1322 4416 1403 4480 dliis
1416 4418 1545 4480 decano
1556 4418 1592 4479 et
1603 4417 1749 4495 capitulo
1759 4417 1975 4482 Sanctiliar·

1177 4517 1241 4580 tini
1256 4514 1525 4587 wormatiensis,
1546 4514 1688 4576 salutem
1702 4513 1736 4577 et
1747 4512 1974 4591 apostolicam

1177 4612 1454 4676 benedictionem.

1218 4713 1326 4783 Quum
1341 4725 1361 4772 a
1376 4707 1473 4770 nobis
1488 4707 1613 4786 petitur
1631 4707 1718 4784 qnod
1729 4707 1856 4785 justum
1871 4707 1922 4770 est
1939 4709 1975 4770 et

1177 4807 1365 4878 honestum,
1381 4807 1450 4866 tam
1471 4805 1568 4882 vigor
1586 4804 1763 4882 aequitatis,
1777 4819 1877 4881 quam
1891 4803 1973 4866 ordo

1177 4903 1284 4980 exigit
1300 4901 1453 4974 rationis,
1466 4903 1503 4964 ut
1515 4901 1550 4964 id
1569 4917 1629 4979 per
1643 4900 1903 4964 sollicitudinem
1921 4900 1975 4964 oi-

1177 5001 1247 5063 iicii
1258 4999 1366 5063 nostri
1377 5000 1419 5061 ad
1434 4998 1580 5061 debitum
1592 4997 1793 5076 perducatur
1804 4997 1971 5071 effectum.

1178 5098 1371 5174 Eapropter,
1394 5095 1509 5158 dilecti
1528 5096 1564 5157 in
1587 5095 1728 5157 Domino
1753 5094 1827 5170 iiiii,
1850 5095 1971 5158 vestris

1173 5193 1276 5272 justis
1304 5192 1581 5271 postulationibus
1606 5193 1702 5268 grato
1734 5193 1972 5254 concurrentes

1177 5306 1329 5364 assensu,
1363 5305 1512 5352 annuum
1541 5291 1579 5350 16
1605 5287 1769 5350 librarum
1805 5290 1969 5351 wormat.

1177 5387 1319 5452 monetae
1343 5387 1508 5450 redditum
1523 5383 1617 5447 vobis
1633 5385 1666 5446 et
1681 5385 1834 5458 ecclcsiae
1848 5387 1971 5448 vestras

1042 5541 1048 5548 .
1177 5501 1199 5548 a
1217 5485 1318 5548 clarae
1336 5483 1505 5546 memoriae
1520 5483 1560 5542 H.
1577 5481 1777 5560 imperatore
1789 5481 1825 5544 in
1842 5495 1972 5546 recom-

1178 5581 1406 5659 pensationem
1445 5579 1617 5656 cujusdam
1652 5577 1792 5650 telonei,
1830 5578 1916 5656 quod
1950 5595 1970 5640 a
