4262 6382
781 293 1010 356 urrsronm.
1034 296 1111 356 116.
1136 262 1195 356 uc'
1737 287 1805 350 166

154 298 219 362 ria·
310 255 314 260 ¹

86 433 108 454 ⁸
153 439 338 518 labruscas.
367 456 423 516 Sic
445 454 550 530 igitur
570 452 726 531 paradiso
750 452 945 516 deliciarum
999 451 1246 514 remanentibus
1259 452 1328 513 6616
1343 451 1525 514 commodis
1534 451 1714 524 inhiantes
1723 465 1796 512 om-

153 553 313 630 paulatim
340 552 475 614 reducto
500 553 536 612 in
565 550 792 626 salsilaginem
816 565 858 611 ex
883 565 945 610 ne·
1000 551 1078 610 nino
1102 550 1144 610 ad
1169 549 1327 611 saeoulum
1350 553 1427 610 sunt
1450 550 1588 618 reversi,
1612 551 1646 610 et
1667 547 1796 609 abomi-

152 650 260 726 glecto
273 649 438 711 succrevit
451 649 487 709 in
501 663 541 710 eo
556 647 742 709 saliuncula
757 663 816 724 pro
825 646 943 718 abiete,
1000 646 1117 707 nantes
1134 661 1253 707 manna
1269 646 1402 717 deserti,
1418 641 1547 707 1611616
1562 645 1603 706 61
1619 646 1704 708 61166
1719 660 1797 706 car-

152 762 192 808 66
214 747 321 810 611166
352 763 410 822 616
436 747 555 823 myrto,
583 745 815 821 6161666611
844 744 945 806 odore
1000 743 1318 815 nium,cncumeres,
1334 743 1425 814 allia,
1441 743 1793 820 etpaeponesAEgypti.

152 843 250 905 166161
264 844 425 915 66666111,
443 842 682 904 munitionibus
697 845 768 918 ejus
784 857 867 918 pene
882 857 944 917 pe·
1000 839 1039 900 Et
1058 839 1213 915 quoniam
1228 838 1360 915 quidem
1378 853 1493 900 omnes
1508 837 1759 899 declinaverunt
1774 853 1794 898 a

152 941 243 1002 nitus
259 941 440 1017 dissipatis.
462 942 556 1001 Muro
581 955 724 1016 namque
744 939 904 1000 Orientali
925 953 944 998 a
999 935 1210 1010 regularibus
1228 935 1425 1012 disciplinis,
1446 934 1567 995 subditi
1581 934 1746 1002 videlicet,
1762 934 1796 996 61

153 1039 246 1114 Syris
267 1036 474 1109 sublimibus
498 1036 653 1098 videlicet
676 1035 838 1112 superbis,
864 1051 945 1096 con·
1000 1031 1141 1108 praelati,
1165 1032 1330 1109 simulque
1355 1032 1491 1094 inutiles
1520 1030 1599 1093 tacti
1625 1032 1712 1101 sunt,
1735 1033 1795 1092 vix

152 1134 270 1207 tracto,
295 1134 443 1196 emollito
466 1133 624 1194 nimirum
653 1133 764 1208 rigore
784 1133 942 1209 justitiae;
999 1128 1167 1190 invenitur
1188 1129 1224 1190 in
1245 1129 1366 1206 eisqui
1383 1129 1484 1190 166161
1502 1128 1635 1200 bonum,
1651 1144 1690 1189 66
1707 1127 1793 1206 quod

152 1230 284 1308 plagam
296 1231 515 1292 meridianam
526 1231 747 1307 temperantia
759 1246 825 1291 non
839 1229 945 1306 potuit
999 1224 1043 1284 stt
1057 1239 1154 1286 omne
1167 1229 1266 1302 caput
1278 1225 1468 1301 languidum
1482 1227 1515 1287 et
1529 1241 1626 1286 omne
1639 1239 1697 1286 cor
1710 1239 1794 1286 moe-

152 1329 329 1400 cnstodire,
369 1343 433 1404 quo
472 1327 555 1389 soris
590 1328 741 1403 expulsa,
778 1327 874 1403 quasi
902 1325 943 1387 ab
998 1321 1178 1390 russata
1202 1321 1316 1396 planta
1338 1321 1550 1398 pedisusque
1572 1322 1613 1382 ad
1634 1321 1792 1382 uerticem

152 1424 284 1486 Oriente
309 1426 520 1486 recesserant
543 1425 578 1484 in
605 1424 721 1484 eadem
746 1423 941 1495 meridiana,
997 1415 1097 1478 111θί6
1116 1418 1242 1478 sanitas
1264 1419 1481 1489 1016118111.
1503 1417 1791 1494 obedientiaejssgo

150 1535 303 1598 campum
331 1521 516 1592 Sennabar,
536 1521 769 1582 excursionem
789 1519 945 1582 videlicet
997 1513 1138 1589 abjecte,
1155 1517 1190 1576 et
1203 1511 1376 1577 eliminata¹
1387 1517 1517 1577 nutrice
1529 1515 1715 1577 humilitate
1727 1516 1793 1577 vir·

150 1619 299 1679 dentium
333 1617 576 1694 gastrimargiae
606 1617 709 1678 dediti
732 1632 874 1678 renuere
904 1632 943 1678 ac
996 1613 1118 1686 tutum;
1145 1613 1391 1690 propterquod
1422 1613 1534 1675 hostes
1558 1613 1714 1688 ingressi,
1738 1613 1792 1675 61-

149 1715 349 1785 6666116166,
367 1717 399 1775 61
419 1713 599 1792 6166116166,
617 1714 746 1790 praelati
762 1714 893 1790 quidem
911 1715 944 1775 et
998 1707 1112 1769 dentes
1132 1709 1280 1785 ipsorum
1296 1711 1522 1786 ignominiam,
1539 1713 1571 1773 et
1588 1710 1789 1787 superbiam,

150 1811 284 1882 subditi,
301 1814 444 1888 majores
459 1811 595 1887 pariter,
613 1812 646 1871 et
660 1811 805 1871 minores
818 1809 942 1872 absorti
998 1804 1188 1866 deriserunt
1208 1805 1346 1867 sabbata
1365 1793 1566 1869 eorumdem.
1589 1808 1793 1869 construxe-

149 1909 274 1981 avino,
291 1925 359 1985 praa
379 1908 539 1969 ebrietate
559 1909 750 1969 nescierunt
764 1907 940 1978 videntem,
997 1903 1076 1962 runt
1088 1903 1210 1962 etenim
1224 1903 1259 1962 in
1276 1904 1350 1965 loco
1365 1904 1560 1965 deliciarum
1579 1907 1704 1967 turrem
1726 1908 1792 1966 Ba-

149 2007 183 2068 et
201 2005 365 2082 judicium
399 2005 612 2081 ignorarunt;
646 2019 786 2081 quorum
819 2019 942 2065 mensae
996 1997 1061 2069 bel,
1090 1998 1280 2074 superbiam
1305 2001 1442 2063 6116616
1470 2001 1698 2063 contusionem
1728 2003 1791 2062 du·

149 2104 226 2164 sunt
248 2102 375 2164 vomitu
397 2101 617 2179 sordibusque
639 2101 786 2178 repletae,
812 2101 941 2178 etquid
997 2096 1136 2165 centem,
1165 2095 1283 2158 dirutae
1306 2099 1417 2158 turres
1443 2099 1553 2173 gregis
1585 2098 1791 2175 dispersique

75 2264 78 2274 q
149 2201 308 2276 sequatur
323 2215 365 2260 ex
386 2199 440 2259 bis
456 2199 512 2276 qui
531 2199 625 2260 audit
646 2198 826 2276 prudenter
840 2213 943 2260 aver-

148 2298 207 2358 tat.
225 2296 386 2368 Quoniam
404 2299 522 2358 venter
543 2296 576 2357 et
594 2295 754 2371 genitalia
774 2295 851 2356 sunt
865 2310 944 2372 pro-

149 2393 285 2470 pinqua.
314 2392 407 2454 Unde
433 2393 467 2454 et
497 2391 667 2452 Philistini
694 2391 735 2452 ab
759 2391 939 2464 occidente,

149 2489 293 2550 luxuriae
308 2489 442 2566 potione
462 2488 629 2560 cadentes,
643 2489 734 2549 velut
749 2504 767 2548 a
783 2491 877 2564 parte
892 2487 943 2548 16-

148 2586 281 2646 1166666
295 2586 461 2646 111661166
481 2583 516 2645 16
539 2584 733 2646 161111611116
748 2601 820 2645 6616
836 2585 940 2646 mise-

149 2682 301 2743 rabiliter
314 2681 528 2754 enarrarunt,
546 2697 611 2758 qua
626 2682 770 2743 luxuriae
785 2682 943 2758 inquina-

148 2781 258 2841 mento
273 2780 438 2858 prostrata
447 2779 623 2855 dereliquit
632 2779 806 2855 prudentia
818 2779 939 2850 locum,

148 2877 234 2938 sicut
259 2893 325 2937 non
350 2876 466 2938 valens
492 2876 650 2936 resistere
674 2875 832 2950 aquiloni,
853 2891 941 2951 prae·

147 2974 245 3034 dictis
271 2977 343 3049 ejus
370 2970 538 3032 sodalibus
564 2970 671 3032 tribus
700 2974 733 3033 et
755 2971 940 3048 coadjutri-

998 2192 1075 2252 sunt
1100 2207 1160 2269 per
1185 2194 1376 2256 universam
1404 2197 1586 2272 AEgyptum
1610 2196 1652 2256 ad
1677 2196 1790 2272 paleas
1841 2223 1853 2232 α
1966 2206 1971 2214 “

997 2288 1201 2363 colligendas
1223 2306 1283 2366 616
1307 2291 1488 2368 coquendis
1510 2291 1681 2364 lateribus,
1707 2308 1790 2368 quos

997 2383 1142 2446 habuere
1158 2401 1217 2462 pro
1237 2387 1339 2455 saxis,
1361 2390 1495 2449 terrena
1516 2389 1672 2451 videlicet
1690 2405 1792 2466 66616

996 2481 1073 2556 igne
1088 2483 1279 2560 cupiditatis
1300 2484 1435 2546 decocta
1457 2501 1516 2562 pro
1536 2486 1702 2548 soliditate
1717 2486 1790 2546 vir-

995 2580 1114 2651 tutum,
1139 2581 1172 2642 61
1190 2597 1251 2656 pro
1269 2581 1467 2643 humilitatis
1490 2587 1639 2647 cemento
1655 2585 1689 2645 in
1705 2599 1789 2645 con·

993 2676 1461 2754 ’61166116161611166166116166
1473 2679 1619 2740 habuere
1627 2680 1787 2753 bitumen,

996 2772 1182 2848 voluptates
1207 2774 1339 2849 quidem
1361 2773 1524 2846 carnales,
1548 2791 1621 2853 quae
1643 2775 1789 2852 61616616

996 2869 1225 2944 conglutinant
1244 2885 1326 2945 quos
1346 2871 1499 2933 inliciunt
1516 2872 1548 2932 et
1567 2874 1786 2949 conjungunt3

996 2979 1039 3024 ex
1060 2980 1201 3041 quarum
1222 2965 1349 3037 1661616,
1374 2968 1407 3028 61
1428 2967 1517 3029 iumo
1537 2984 1633 3045 quam
1654 2969 1790 3045 plurimi

148 3068 241 3131 cibus
255 3068 433 3144 superatis,
451 3068 484 3128 61
498 3068 598 3144 plaga
617 3067 746 3128 crudeli
760 3067 939 3144 percussis,
996 3062 1194 3122 moriuntur.
1211 3063 1264 3122 Sic
1282 3062 1424 3141 denique
1438 3064 1479 3125 ab
1494 3065 1684 3142 hujusmodi
1696 3068 1788 3128 turre

146 3182 187 3227 ac
215 3167 263 3226 sic
296 3165 442 3241 undique
482 3165 614 3241 patente
648 3163 799 3226 hostibus
836 3164 938 3236 aditu,
996 3157 1202 3220 contusionis
1215 3159 1309 3220 locus
1322 3160 1517 3222 deliciarum
1530 3163 1708 3240 Babylonis
1722 3181 1789 3225 sor·

146 3264 247 3325 timor
270 3263 303 3324 et
327 3262 418 3322 zelus
440 3261 545 3323 divini
566 3261 712 3321 nominis
734 3263 859 3323 stantes
882 3277 940 3338 pro
995 3255 1274 3328 1111111110111111,
1290 3259 1538 3335 (1111111θῦ111
1551 3260 1789 3339 dilectaposita

146 3359 273 3421 toribus
305 3359 513 3430 6611661661,
558 3373 698 3435 quorum
735 3357 807 3419 loca
842 3359 942 3419 timor
995 3353 1438 3432 estinmiraculum.quum
1459 3357 1575 3418 domus
1596 3357 1787 3434 16616616-

146 3457 333 3518 mundanus
348 3456 381 3517 et
398 3455 561 3531 cupiditas
574 3470 630 3516 eos
644 3456 739 3531 quasi
755 3471 814 3532 per
831 3471 867 3516 66
887 3455 942 3515 in·
996 3449 1071 3510 dum
1095 3449 1249 3526 gloriosae
1278 3467 1317 3512 ao
1342 3453 1474 3530 inclytae
1499 3453 1697 3515 draconibus
1721 3456 1789 3519 sint

146 3556 236 3616 trant
260 3554 416 3615 ducentes
438 3552 479 3613 ad
501 3551 626 3613 inseres
654 3554 868 3628 occuparunt.
885 3555 942 3613 In·
995 3547 1789 3625 166161666161666116111161166116116161666661-Ι

145 3667 226 3712 vaso
239 3667 319 3713 sane
334 3651 383 3712 616
400 3649 441 3710 ab
456 3649 607 3711 hostibus
621 3649 787 3726 paradise,
806 3650 941 3727 sapien·
995 3651 1064 3714 tent
1087 3652 1133 3712 ibi
1159 3653 1269 3729 pilosi,
1296 3654 1329 3715 et
1351 3655 1575 3731 respondeant
1600 3657 1633 3717 in
1661 3658 1787 3720 aedibus

145 3749 192 3810 116
215 3765 288 3826 quae
307 3763 374 3809 non
397 3747 501 3809 intrat
526 3748 560 3807 in
582 3747 772 3808 malivolam
793 3748 939 3808 animam
994 3751 1067 3825 ejus
1087 3749 1198 3821 ululae,
1222 3766 1262 3811 ac
1287 3753 1422 3828 Syrenae
1442 3753 1477 3811 in
1499 3753 1646 3814 delubris
1668 3756 1788 3832 volup-

146 3861 207 3906 nec
226 3846 262 3906 in
281 3844 412 3907 subdito
434 3845 578 3921 peccatis
596 3859 734 3920 6616616
760 3844 898 3915 habitat,
919 3861 939 3904 6
993 3845 1081 3907 tatis.
1099 3847 1276 3922 Dissipatis
1292 3848 1402 3924 itaque
1421 3847 1533 3910 taliter
1554 3852 1625 3926 ejus
1646 3867 1739 3912 muro
1754 3853 1788 3914 et

146 3943 219 4004 loco
234 3942 430 4003 deliciarum
445 3941 590 4017 effugata
610 3942 772 4004 discessit.
798 3944 836 4004 111
857 3959 940 4020 quo·
994 3943 1203 4014 antemurali,
1220 3944 1415 4019 plauserunt
1430 3945 1582 4006 manibus
1598 3963 1698 4023 super
1712 3963 1785 4010 eam

145 4041 236 4100 niam
272 4039 416 4115 Spiritus
451 4040 591 4100 Sanctus
617 4038 802 4115 disciplinae
827 4039 938 4101 lictum
993 4041 1336 4101 omnestranseuntes
1356 4042 1530 4117 perviam,
1555 4042 1787 4108 sibillaverunt

147 4135 274 4210 effugit,
295 4137 329 4195 et
350 4133 460 4196 aufert
482 4149 518 4194 se
541 4149 562 4194 a
585 4134 840 4209 cogitationibus
865 4152 938 4212 666
993 4138 1026 4198 61
1040 4139 1214 4198 moverunt
1229 4137 1338 4212 capita
1353 4153 1425 4209 sua,
1447 4137 1612 4202 dicentest
1631 4143 1786 4205 Haeccine

145 4234 223 4294 sunt
246 4231 318 4293 sine
344 4230 528 4302 intellectu,
559 4230 722 4307 sapientia
750 4231 938 4296 discedente
993 4235 1043 4295 est
1058 4233 1136 4294 urbs
1151 4233 1285 4310 perlecti
1304 4234 1453 4296 16661161

145 4327 572 4403 subtraxitseasaepedicti
583 4327 766 4388 cultoribus
778 4331 935 4405 paradisi.
1031 4333 1079 4391 De
1104 4333 1199 4407 cujus
1228 4331 1426 4393 contritione
1453 4333 1554 4395 Sedes
1581 4321 1782 4412 apostolica,

144 4426 206 4498 Qui
221 4425 367 4503 61616616
380 4439 423 4486 ex
442 4424 540 4500 adipe
559 4425 741 4500 prodeunte
762 4426 937 4522 iniquitate
993 4444 1065 4504 quae
1094 4444 1168 4489 cum
1191 4427 1436 4490 infirmantibus
1462 4431 1652 4495 infirmatur
1682 4436 1715 4496 61
1744 4436 1785 4498 16

144 4524 303 4599 16661616,
325 4522 510 4599 1666611616
528 4523 673 4583 veterem
693 4522 860 4584 bominem
882 4541 938 4586 re·
992 4524 1196 4585 subditorum
1212 4525 1369 4588 scandalo
1384 4528 1494 4588 uritur
1506 4531 1712 4604 conturbata,
1728 4549 1786 4594 re·

144 4622 323 4691 sumentes,
345 4619 475 4696 abjecta
498 4619 644 4694 imagine
665 4619 744 4681 novi
764 4620 797 4680 in
821 4637 885 4698 qua
905 4624 938 4684 et
992 4621 1782 4704 616166666661116116616116166611,66166666-

143 4733 312 4795 perquam
334 4717 466 4778 inerant
483 4715 665 4789 reformati,
682 4720 714 4777 61
729 4717 937 4780 comedentes
991 4719 1066 4795 6166
1091 4720 1231 4796 sumpsit
1251 4721 1395 4781 resinam
1417 4722 1459 4782 ad
1481 4723 1699 4798 mitigandum
1720 4726 1783 4788 do-

143 4817 183 4877 de
203 4815 312 4876 116616
327 4813 411 4890 ligni
429 4813 576 4875 scientiae
598 4813 676 4874 boni
698 4814 731 4874 61
753 4815 844 4887 mali,
861 4816 939 4892 pul·
984 4808 1107 4884 iorem,
1136 4821 1169 4878 et
1195 4818 1333 4878 vulnera
1359 4820 1431 4893 ejus
1459 4821 1620 4892 sananda,
1650 4823 1795 4884 mittens.

143 4915 224 4975 ebro
248 4912 396 4989 aspectu,
426 4913 460 4972 et
486 4909 675 4971 delectabili
698 4911 739 4973 ad
761 4911 934 4986 edendum,
991 4915 1128 4989 angelos
1143 4915 1235 4990 pacis
1255 4914 1296 4975 ad
1316 4914 1539 4976 exhibendum
1562 4920 1633 4993 ejus
1656 4920 1784 4982 contri-

142 5012 253 5073 iructu
272 5009 355 5086 ligni
376 5007 453 5070 vitae
479 5009 676 5084 contempto,
700 5009 879 5085 quoderat
901 5011 937 5071 in
990 5010 1073 5072 ttoni
1092 5011 1265 5084 medelam,
1287 5011 1495 5087 corrigendo,
1521 5015 1555 5075 et
1574 5014 1785 5080 reformando

143 5109 251 5170 medio
266 5106 425 5185 paradisi,
441 5105 647 5169 transierunt
660 5105 695 5164 in
711 5105 820 5166 cordis
835 5107 938 5168 affec-
990 5110 1058 5170 tam
1079 5108 1114 5168 in
1130 5108 1237 5185 capite
1256 5123 1354 5185 quam
1374 5109 1409 5169 in
1429 5109 1595 5182 membris,
1617 5129 1784 5189 6666661-

142 5208 225 5277 tum,
241 5221 314 5282 666
334 5220 394 5265 666
412 5204 491 5264 sunt
511 5203 697 5279 quaerentes
714 5203 936 5281 potiusquam
992 5205 1162 5274 rectionis,
1193 5207 1225 5267 et
1248 5205 1497 5267 reformationis
1516 5207 1627 5270 611616
1649 5210 1784 5288 indige·
1841 5227 1845 5236 ·

143 5319 216 5380 quae
232 5301 364 5372 Christi,
381 5302 414 5362 et
428 5300 497 5377 qui,
512 5301 549 5361 nt
562 5300 674 5360 666661
685 5315 848 5376 pauperes
861 5317 938 5363 con·
992 5302 1086 5377 bant;
1101 5303 1324 5380 sedquoniam
1341 5305 1377 5364 ut
1387 5303 1512 5364 1611616
1526 5321 1585 5381 661
1598 5323 1655 5368 666
1670 5311 1785 5370 611116-

143 5398 275 5460 16116611
298 5398 341 5469 61,
363 5397 422 5474 qui
443 5413 544 5472 quum
566 5396 712 5457 omnium
733 5395 825 5458 dives
850 5404 938 5462 esset
969 5400 1127 5472 ‚beretnr
1153 5401 1194 5462 de
1222 5401 1360 5462 vulnere
1384 5417 1450 5462 non
1483 5402 1546 5465 1611
1569 5403 1711 5481 desuper
1734 5407 1784 5466 eis

144 5511 204 5572 616
220 5495 316 5555 nobis
332 5493 438 5555 iactus
458 5494 508 5556 est
527 5509 663 5570 pauper,
676 5494 834 5555 saeculum
856 5496 938 5556 reli·
994 5498 1118 5570 datum,
1145 5497 1228 5557 illud
1257 5498 1424 5574 malagina
1444 5502 1689 5576 superpositum
1717 5518 1784 5565 non

144 5592 297 5671 querunt,
314 5590 458 5667 propriis
477 5590 650 5662 abdicatis,
665 5591 740 5668 plus
757 5591 792 5652 in
814 5594 936 5656 saeculo
995 5597 1135 5668 curauit,
1165 5594 1226 5656 etsi
1255 5610 1315 5672 per
1336 5595 1443 5672 ipsum
1466 5597 1721 5673 superficialiter
1741 5602 1785 5665 sit
