4274 6388
176 311 236 372 178

174 483 260 540 mus,
288 483 462 531 monemus
490 469 523 532 et
548 469 766 530 exhortamur
795 469 969 542 attentius,

175 567 338 646 quatenus
354 567 608 644 praeposituram
623 564 808 643 praefatam,
823 566 864 628 ob
878 581 972 627 reve·

175 664 318 726 rentiam
333 663 423 726 beati
446 663 536 725 Petri
552 663 585 724 et
607 664 767 736 nostram,
793 663 971 740 praeposito

175 761 309 824 restitui
339 761 443 822 facias
475 761 668 822 memorato.
706 761 825 822 batum
850 760 969 831 alatri,

175 859 218 920 vl
231 857 299 920 kal.
313 858 413 936 junii,
428 873 516 920 anno
529 859 635 920 sexto.

477 1123 671 1212 CXCVIII

177 1277 230 1338 Ad
246 1277 473 1336 artasiensem
491 1272 526 1336 et
549 1273 860 1348 Wendelstasensrm
881 1273 973 1346 epls-

255 1385 355 1448 copos
369 1371 404 1434 el
417 1371 604 1468 sacristam
618 1373 881 1431 Romanensem.

463 1501 498 1559 27
515 1500 583 1558 maii
602 1499 682 1558 2222.

181 1671 185 1678 ,
297 1624 399 1689 [snum
410 1622 520 1677 Historia
532 1622 560 1672 af
570 1620 721 1680 benamarlr,
734 1621 780 1683 lx,
791 1620 859 1684 ibt]

177 1750 218 1806 De
233 1747 349 1806 dodran
363 1745 576 1819 archiepiscopo
591 1745 628 1803 ob
642 1741 827 1802 incurabilem
846 1743 974 1816 corporis

212 1836 406 1894 infirmitatem
426 1834 513 1892 olllcii
530 1833 680 1907 pastoralis
695 1833 856 1890 cessionem
871 1839 971 1904 peten-

212 1931 241 1983 te
255 1924 304 1982 det
318 1923 462 1982 mandata.

216 2048 426 2112 Venerabilis
452 2047 557 2109 frater
573 2047 687 2108 noster
709 2045 895 2108 Lundensis
916 2059 973 2105 ar-

178 2145 409 2224 chiepiscopus
429 2159 489 2222 per
508 2159 585 2205 suas
600 2142 696 2204 nobis
711 2142 839 2204 litteras
860 2141 973 2202 hirmi-

177 2243 254 2304 liler
272 2241 481 2319 supplicavit,
490 2243 526 2302 ut
539 2256 614 2302 cum
628 2237 807 2300 incurabili
823 2239 972 2314 corporis

176 2339 370 2401 Infirmitate
389 2338 547 2416 gravatus
568 2336 707 2413 exsequi
729 2335 873 2413 nequeat
893 2334 971 2396 olli·

178 2437 266 2498 cium
296 2433 464 2511 pastorale
496 2435 681 2495 cessionem
713 2433 785 2509 eJ‘us
821 2432 973 2508 recipere

177 2532 405 2610 dignaremur,
422 2547 484 2591 usu
507 2531 570 2590 sibi
592 2529 830 2607 pontificalium
848 2529 973 2590 nibilo-

177 2628 289 2690 minus
321 2628 504 2691 reservato.
536 2628 605 2688 Nos
633 2626 738 2702 igitur
767 2624 877 2687 debito
909 2623 973 2686 sibi

178 2725 416 2802 compatientes
432 2725 565 2793 affectu,
580 2722 780 2785 fraternitati
795 2722 917 2784 vestrae
932 2721 972 2782 de
995 2781 996 2786 ,

178 2839 243 2900 qua
258 2821 392 2900 plenam
409 2823 445 2883 in
460 2821 599 2883 Domino
615 2818 770 2880 fiduciam
786 2818 972 2880 obtinemus

177 2934 238 2998 per
250 2915 440 2995 Apostolica
456 2918 580 2995 scripta
592 2916 801 2988 mandamus,
812 2915 973 2992 quatenus

178 3015 330 3078 eumdem
346 3015 633 3091 archiepiscopum
646 3013 693 3085 ut,
706 3012 734 3072 si
753 3027 899 3088 unquam
914 3027 975 3088 po-

177 3113 253 3185 test,
269 3113 415 3174 officium
433 3111 602 3191 pastorale
616 3124 682 3170 non
696 3108 823 3170 deferat
836 3123 975 3170 monea-
996 3117 997 3122 ’

177 3211 221 3273 tis
239 3211 429 3288 prudenter,
444 3210 478 3270 et
494 3207 674 3269 efficaciter
691 3205 869 3266 inducatis.
882 3204 975 3276 Quod
994 3269 996 3274 ,

178 3307 207 3368 si
234 3307 333 3371 aliter
353 3322 427 3368 esse
448 3320 515 3366 non
537 3303 645 3380 potest
664 3302 738 3364 vice
765 3305 879 3363 nostra
900 3317 974 3362 ces-

178 3404 305 3465 sionem
334 3403 534 3479 recipientas
566 3401 727 3479 ejusdem,
748 3399 781 3461 ei
813 3399 973 3460 debonis

178 3501 329 3564 ecclesiae
353 3499 539 3562 Lundensis
563 3499 652 3559 unde
676 3497 848 3559 commode
862 3497 973 3559 valeat

179 3599 369 3670 sustentari,
387 3596 563 3674 providere
577 3595 711 3657 curetis
723 3595 874 3671 capitulo
889 3609 973 3671 quo-

178 3713 242 3774 que
264 3695 369 3774 ipsius
389 3695 540 3756 ecclesiae
554 3692 738 3771 iujungatis
758 3693 794 3754 ut
809 3707 868 3768 per
883 3691 973 3753 cleo-

177 3793 301 3876 tioucm
322 3793 516 3854 canonicam
537 3791 577 3852 de
598 3805 740 3867 persona
763 3789 883 3851 idonea
908 3788 972 3850 sibi

178 3891 211 3952 et
223 3891 373 3951 ecclesiae
389 3905 458 3952 suae
471 3887 644 3966 provideat
656 3887 690 3948 in
706 3887 885 3964 pastorem,
898 3901 971 3964 quac

178 3987 269 4048 tauto
285 3987 447 4063 congruat
463 3985 560 4048 oneri
579 3986 612 4047 et
629 3983 761 4045 honori.

217 4085 337 4146 Datum
350 4083 471 4155 alatri,
479 4085 523 4144 VI
536 4081 696 4144 kalendas
705 4081 806 4160 junii.

498 4373 650 4460 cxcix

178 4529 234 4590 Ad
244 4527 671 4604 nortemanracnnsem
682 4523 717 4586 et
727 4526 973 4584 Varadtensem

480 4625 665 4698 episcopos.

391 4783 395 4792 .
460 4753 496 4810 28
516 4752 584 4811 maii
605 4751 686 4810 2222.

177 4879 308 4946 [lbaiuan
319 4879 485 4930 bonomonte
495 4875 735 4940 hisloallunqarin,
746 4874 793 4932 al,
802 4887 829 4939 p.
837 4871 877 4936 33,
887 4871 972 4937 n.d'1'.]
1009 4895 1011 4900 v

177 5003 294 5066 dinudat
315 5010 347 5062 ut
368 4999 522 5060 informent
538 4999 574 5058 dc
599 4997 781 5072 sponsalibus
805 4997 882 5056 liele
902 5009 970 5054 con·

352 5090 449 5149 tractis
464 5103 535 5148 cum
545 5088 637 5161 puella
652 5085 802 5160 impuberi.

217 5215 579 5294 Honoriusepiscopus,
592 5229 708 5275 servus
717 5227 888 5275 servorum
900 5209 971 5284 Dei,

176 5314 425 5380 venerabilibus
458 5311 654 5374 iratribus...
688 5309 862 5386 Angensi,
891 5311 974 5370 Wa-

179 5413 283 5478 oiensi
294 5409 547 5474 etWaradiensi
561 5409 739 5487 episcopis,
748 5407 900 5480 salutem,
909 5407 971 5468 etc.

218 5513 268 5574 Ex
282 5509 378 5587 parte
393 5507 515 5570 nobilis
530 5507 594 5572 viri
609 5509 646 5568 B.
663 5505 733 5568 nati
755 5504 921 5567 carissimi
938 5504 973 5565 in

178 5610 310 5671 Christo
325 5607 387 5668 dlii
403 5605 547 5668 nostri...
568 5605 658 5681 regis
676 5603 856 5681 Hungariae
871 5603 972 5665 illus-

791 309 1019 373 EPISTOLAEI.
1043 311 1122 372 LIB.
1145 309 1199 371 VI.

1761 310 1819 371 174

1025 469 1087 531 tris
1117 468 1180 530 fuit
1208 468 1414 545 propositum
1450 483 1562 532 coram
1600 467 1708 541 nobis,
1733 467 1820 545 quod

1025 565 1113 626 idern
1135 581 1198 626 rex
1217 579 1276 642 per
1302 565 1464 626 Graeciam
1482 566 1659 628 transitum
1679 565 1819 637 faciens,

1026 661 1103 722 dum
1124 661 1249 725 rediret
1264 663 1305 724 de
1326 662 1476 739 partibus
1497 663 1742 735 transmarinis,
1757 665 1822 723 As*

1026 757 1139 829 cbaro,
1157 757 1234 818 ditm
1253 758 1362 824 adhue
1384 758 1456 835 ipse
1480 759 1631 834 impuber
1649 757 1819 831 existeret,

1027 855 1124 916 tidem
1137 854 1236 928 dedit,
1249 855 1335 931 quod
1349 869 1423 916 cum
1435 855 1527 916 illius
1538 855 1606 916 filia
1620 855 1707 918 infra
1716 871 1823 918 annos

1026 951 1157 1014 nubiles
1190 951 1346 1014 existenti
1378 952 1592 1014 matrimonio
1630 953 1818 1029 copularet,

1027 1063 1115 1110 nunc
1130 1063 1209 1110 vero
1225 1049 1332 1110 dictus
1346 1048 1426 1110 licet
1441 1049 1475 1109 in
1494 1049 1592 1111 oetate
1603 1049 1727 1110 tenella
1745 1065 1821 1111 oum

1026 1145 1137 1224 puella
1157 1144 1273 1208 eadem
1291 1145 1461 1222 sponsalia
1475 1146 1708 1214 contraxisset,
1719 1159 1821 1225 quum

1026 1241 1067 1303 ad
1081 1240 1286 1318 pubertatem
1300 1241 1500 1318 pervenerit,
1516 1241 1729 1305 matrimomo
1740 1259 1822 1306 cou-

1026 1337 1170 1410 tradicit,
1188 1339 1359 1400 humiliter
1379 1338 1590 1414 postulando,
1610 1340 1647 1400 ut
1670 1339 1735 1400 sibi
1759 1340 1822 1400 tri-

1026 1435 1166 1496 buamus
1177 1435 1345 1496 licentiam
1357 1435 1398 1495 ab
1408 1435 1598 1512 hujusmodi
1609 1434 1820 1512 sponsalibus

1027 1531 1214 1604 recedendi,
1229 1533 1263 1593 et
1276 1531 1493 1594 contrahendi
1509 1549 1583 1593 cum
1606 1533 1684 1604 alia,
1702 1533 1743 1595 de
1756 1549 1821 1610 qua

1028 1633 1135 1705 major
1155 1629 1260 1705 possit
1275 1629 1401 1690 utilitas
1422 1644 1525 1705 regno
1549 1631 1699 1691 Franmae
1717 1629 1821 1708 (Hun-

1027 1723 1146 1802 gariae)
1158 1725 1344 1800 provenire.
1356 1725 1440 1796 Quia
1451 1739 1531 1786 vero
1543 1724 1638 1786 nohis
1649 1741 1716 1786 non
1729 1741 1822 1787 cons-

1027 1821 1095 1884 titit
1114 1820 1155 1882 de
1174 1821 1366 1897 premissis,
1389 1821 1593 1883 fraternitati
1608 1827 1738 1894 vestrae,
1763 1835 1823 1899 per

1027 1918 1216 1994 apostolica
1245 1918 1368 1994 scripta
1406 1918 1614 1990 mandamus,
1645 1920 1818 1997 quatenus,

1027 2015 1218 2093 vocatisqui
1230 2013 1355 2077 fuerint
1364 2016 1536 2088 evocandi,
1545 2017 1578 2076 et
1591 2017 1751 2092 inquisita
1766 2033 1819 2077 su-

1028 2127 1087 2190 per
1110 2112 1163 2172 his
1188 2111 1393 2188 diligentius,
1414 2113 1448 2174 et
1468 2112 1602 2187 cognita
1621 2113 1772 2184 veritate,
1790 2113 1820 2174 si

1027 2209 1215 2272 constiterit
1235 2209 1281 2271 ita
1296 2223 1382 2281 esse,
1397 2209 1556 2285 praedicto
1568 2211 1604 2270 Β.
1620 2209 1823 2285 postulatam
1878 2225 1906 2293 ν’

1027 2307 1196 2368 licentiam
1220 2306 1421 2368 concedatis.
1458 2306 1551 2378 Quod
1586 2307 1614 2366 si
1649 2321 1716 2366 uon
1748 2322 1823 2367 om-

1028 2419 1098 2476 nes,
1116 2405 1179 2466 ete.
1203 2403 1321 2466 Datum
1346 2403 1465 2475 Alatri,
1482 2405 1511 2464 V
1532 2402 1700 2466 kalendas
1723 2404 1824 2481 junii,

1027 2517 1116 2563 anno
1131 2501 1238 2563 sexto.

1028 2876 1079 2936 An
1093 2876 1277 2947 episcopos,
1292 2872 1430 2938 abbates
1449 2875 1484 2936 et
1496 2875 1636 2946 priores
1651 2875 1689 2932 tn
1704 2874 1824 2934 dioece-

1067 2972 1160 3032 stbns
1182 2969 1300 3034 Sancti
1323 2971 1483 3044 Andreae,
1507 2973 1702 3045 otasqraen,
1729 2973 1824 3032 Dun-

1067 3070 1196 3130 selden.

1310 3143 1347 3202 ³0
1365 3141 1432 3200 maii
1454 3143 1533 3202 1222.
1577 3211 1580 3218 .

1091 3266 1245 3330 [nagistrum
1264 3265 1288 3318 S.
1300 3265 1386 3318 llario
1399 3265 1431 3316 de
1443 3264 1757 3330 barbarinianum]

1027 3381 1143 3440 Mandat
1158 3389 1186 3438 at
1199 3381 1327 3455 precipit
1340 3387 1371 3438 ut
1386 3379 1649 3453 malefactores,qui
1662 3381 1821 3454 possessio·

1063 3485 1115 3528 nes
1138 3471 1184 3528 vel
1208 3485 1254 3527 res
1280 3467 1397 3528 fratrum
1427 3469 1594 3528 monasterii
1612 3469 1650 3527 de
1670 3469 1822 3539 Narbotle,

1063 3559 1260 3618 cisterciensis
1268 3555 1386 3626 ordinis,
1398 3558 1576 3626 invaserunt,
1585 3557 1697 3630 publice
1708 3571 1823 3616 exeom-

1062 3647 1263 3704 municationis
1276 3647 1417 3704 sententie
1434 3645 1597 3718 percellant.

1066 3772 1200 3849 Repetit
1220 3771 1388 3834 Honorius
1403 3771 1580 3848 epistolam
1599 3771 1640 3832 ad
1656 3771 1824 3833 Eberhar-

1027 3869 1104 3930 dum
1113 3868 1400 3946 archiepiscopum
1412 3867 1719 3943 salzeburgensem,
1728 3869 1771 3929 20
1778 3868 1823 3930 fe-

1026 3965 1155 4027 bruerii
1171 3967 1260 4026 1222.

1048 4097 1050 4102 ,
1066 4063 1142 4125 Non
1157 4061 1281 4142 absque
1295 4061 1421 4134 dolore,
1440 4061 1504 4124 etc.
1515 4061 1599 4124 Vide
1617 4077 1729 4140 supra.

1381 4275 1462 4364 GGI

1120 4429 1173 4492 Ad
1186 4429 1445 4490 archidiaconos
1460 4427 1666 4488 lismensem
1678 4439 1720 4488 ae

1263 4526 1507 4596 senonensem,
1527 4524 1592 4584 etc.

1320 4654 1354 4712 31
1368 4653 1436 4712 maii
1453 4653 1532 4712 1222.

1025 4769 1164 4834 [Βοιιῐιιοῂ
1177 4769 1235 4821 itae.
1251 4768 1294 4820 das
1304 4768 1380 4826 Ilist,
1390 4773 1409 4818 t.
1423 4768 1491 4826 XlX,
1502 4781 1529 4831 p.
1537 4766 1585 4817 lat
1590 4785 1597 4826 ;
1611 4765 1823 4830 Ragast.‚lib.ll1.

1347 4838 1422 4903 epist.
1436 4837 1504 4901 tlt]

1028 4945 1255 5004 Recrudescente
1269 4945 1343 5002 inter
1353 4943 1579 5004 Guillelrnumde
1595 4943 1749 5013 Silliniaao,
1767 4945 1821 5004 Pa·

1062 5036 1213 5092 risicnsem
1227 5035 1405 5107 episcopum,
1422 5047 1456 5090 ac
1471 5035 1662 5106 magistroset
1675 5032 1823 5093 scholares

1062 5121 1147 5182 studii
1172 5123 1342 5180 parisiensis
1374 5119 1508 5190 dirsldio,
1543 5119 1698 5194 prudenter
1725 5131 1825 5181 monet
1897 5115 1903 5125 ’

1063 5212 1206 5270 Honorius
1233 5217 1275 5280 ut,
1298 5218 1365 5268 aute
1386 5209 1495 5282 negotii
1517 5207 1706 5281 decisionem,
1719 5211 1825 5272 latmia

1063 5300 1218 5374 magistros
1236 5307 1265 5357 et
1279 5297 1425 5357 scholares
1439 5299 1746 5358 excommunIcationis
1756 5315 1824 5358 sen·

1063 5389 1159 5447 tentiae
1183 5403 1242 5446 non
1256 5393 1326 5446 rata
1343 5385 1513 5458 habeantur,
1529 5396 1558 5446 et
1577 5389 1689 5447 interim
1703 5389 1825 5462 partium

1063 5478 1125 5551 jura
1138 5476 1294 5534 constituit.

1069 5604 1236 5666 Houortus
1260 5603 1485 5683 eplscopus...,
1515 5604 1646 5667 dilectis
1662 5603 1741 5666 filiis
1757 5605 1824 5667 Re·
