4274 6388
313 253 375 318 255
930 253 1107 316 HONORII
1128 253 1174 314 ΙΙΙ
1195 253 1345 316 orent.
1901 254 1962 314 256

314 411 514 484 inhabitant,
531 411 662 492 quando
684 411 773 476 dicta
787 409 923 474 donatio
942 411 1030 476 lacta
1045 411 1109 474 tuit
1204 409 1448 485 Quumanobis
1459 410 1593 490 petitur,
1605 409 1959 486 etatesquceffectum.

313 511 408 574 vobis
421 511 454 574 et
468 509 580 572 domui
593 510 725 582 restrae,
753 509 876 572 liberos
897 508 970 572 sine
991 509 1109 586 requi·
1162 511 1270 581 Quum
1282 509 1386 585 igitur
1400 509 1471 570 zelo
1487 509 1565 570 ildei
1581 508 1614 570 et
1639 508 1824 570 devotionis
1840 525 1962 571 accen-

315 609 437 672 sitione
447 607 573 668 dimisit
596 622 764 685 expresse,
787 607 824 668 ut
836 606 932 684 siqui
947 607 988 667 de
998 607 1108 667 bomi-
1163 621 1230 676 sus,
1245 605 1347 668 affixo
1357 607 1424 668 tuis
1438 607 1586 668 humeris
1599 606 1695 681 signo
1706 605 1827 678 crucis,
1838 617 1961 682 propo·

314 706 413 769 nibus
426 709 511 784 ejus,
528 706 586 766 aut
598 704 782 782 hospitibus
795 706 892 766 terrae
909 719 977 764 suae
992 703 1107 765 advos
1163 703 1313 764 suerisin
1320 705 1430 765 Terrae
1439 705 1568 766 Sanctae
1578 702 1760 765 subsidium
1780 703 1957 779 proticisci,

313 803 354 866 de
380 805 502 866 caetero
526 801 862 877 transmigraverint,
892 815 949 862 eos
973 800 1106 872 exinde,
1162 815 1223 861 nos
1252 801 1319 862 tuis
1343 802 1444 880 justis
1468 800 1623 880 precibus
1651 799 1816 868 inclinati,
1843 817 1961 877 perso-

313 900 492 979 quamcito
507 899 549 961 ad
564 899 717 960 notitiam
738 899 883 960 vestram
904 898 1106 976 pervenerit,
1163 912 1252 969 nam,
1269 900 1404 970 terram,
1420 896 1581 960 familiam
1604 899 1638 959 et
1661 898 1772 958 omnia
1785 895 1872 957 bona
1888 901 1956 970 tna,

313 998 499 1076 expellatis.
515 995 644 1074 adjecit
670 996 820 1072 insuper,
844 997 880 1058 nt
908 994 1048 1074 quilibet
1073 994 1108 1054 in
1161 1010 1236 1070 quae
1252 994 1288 1054 in
1312 993 1958 1071 praesentiarum'rationabiliterpossi-

312 1111 417 1172 regno
431 1098 514 1174 ejus,
531 1095 585 1171 qui
598 1093 834 1170 proprietatem
850 1108 944 1154 suam
959 1091 1053 1153 robis
1069 1092 1105 1153 in
1164 1089 1302 1164 des,sub
1322 1091 1409 1154 beati
1439 1093 1530 1154 Petri
1555 1095 1588 1154 et
1610 1095 1724 1154 nostra
1753 1091 1959 1168 protectione

313 1193 559 1270 eleemosynam
581 1191 727 1253 uoluerit
741 1190 889 1265 elargiri,
906 1189 939 1250 id
964 1188 1107 1250 faciendi
1163 1189 1376 1266 suscipimus,
1404 1191 1597 1262 statuentes,
1610 1191 1646 1251 ut
1667 1205 1707 1250 ea
1727 1189 1958 1266 omnia,post-

312 1289 435 1352 habeat
460 1289 599 1356 liberam
616 1286 822 1362 facultatem3
853 1302 893 1348 ea
921 1287 1024 1348 etiam
1047 1302 1107 1349 vos
1162 1301 1260 1362 quam
1273 1287 1338 1348 iter
1349 1288 1534 1364 arripueris
1544 1285 1815 1358 transmarinum,
1827 1285 1958 1364 integra

312 1387 479 1452 concessit
491 1385 645 1448 libertate
659 1384 816 1460 gaudere,
832 1384 988 1446 utnullus
998 1399 1108 1445 mone·
1162 1385 1319 1446 maneant
1334 1387 1366 1447 et
1381 1386 1503 1462 quieta,
1518 1384 1623 1448 donec
1635 1383 1675 1444 ds
1696 1385 1754 1446 tuo
1767 1382 1877 1444 reditu
1904 1384 1959 1446 rel
2016 1413 2023 1428 ι

312 1485 475 1546 tariorum
491 1483 578 1544 ultra
593 1483 705 1560 sylvas
726 1483 850 1542 terram
871 1482 1030 1552 vestram,
1054 1481 1108 1542 vel
1162 1480 1253 1542 obitu
1279 1482 1464 1544 certissime
1495 1481 1724 1558 cognoscatur.
1753 1479 1846 1542 Nulli
1876 1496 1956 1558 ergo

311 1597 372 1644 vos
386 1581 422 1642 in
447 1579 560 1656 aliquo
582 1579 761 1642 molestare
788 1580 982 1656 praesumat;
1003 1579 1108 1640 totum
1162 1577 1296 1638 omnino
1310 1578 1480 1640 bominum
1494 1580 1593 1641 liceat
1608 1579 1694 1640 hanc
1709 1577 1864 1655 paginam
1879 1594 1953 1640 nos-

307 1681 364 1758 jus
388 1677 421 1739 et
435 1677 622 1748 utilitatem,
639 1693 738 1754 quam
763 1677 797 1738 ln
819 1678 909 1739 terra
921 1676 1033 1738 vestra
1046 1675 1107 1736 de·
1161 1675 1221 1736 trae
1229 1675 1445 1752 protectionis
1457 1679 1490 1739 et
1499 1661 1745 1740 constitutionis
1758 1674 1952 1750 intringere.

311 1775 410 1838 bebet
423 1774 605 1852 percipere,
622 1773 716 1836 vobis
738 1774 885 1837 totaliter
904 1771 1106 1852 indulgendo
1163 1772 1197 1832 Si
1206 1772 1280 1849 quis
1289 1775 1399 1836 antem
1422 1775 1484 1836 hoc
1508 1776 1671 1838 attentare
1691 1773 1952 1850 praesumpserit,

311 1873 345 1936 et
377 1871 596 1946 conserend03
634 1871 825 1948 specialiter
847 1871 884 1932 in
911 1886 1107 1948 recompen-
1161 1869 1424 1946 indignationem
1452 1871 1688 1948 omnipotentis
1705 1870 1775 1940 Dei,
1792 1870 1825 1931 et
1838 1869 1954 1931 beato-

311 1971 475 2034 sationem
486 1969 693 2041 damnorum,
708 1985 781 2046 quae
794 1969 943 2046 perpessi
964 1967 1104 2039 fueritis,
1162 1983 1235 2026 rum
1265 1969 1356 2030 Petri
1378 1971 1411 2031 et
1437 1971 1533 2030 Pauli
1560 1968 1792 2046 Apostolorum
1821 1969 1892 2044 ejus
1917 1983 1953 2028 se

311 2067 443 2146 qnando
458 2069 531 2144 ejus
549 2066 601 2128 ira
615 2067 732 2127 contra
746 2081 806 2128 ros
825 2065 1004 2142 provocata
1019 2081 1108 2142 prae·
1161 2065 1641 2130 noveritincursurum.Datum
1648 2064 1957 2132 Laterani,XlVlra·

312 2164 434 2228 dictam
448 2164 572 2226 terram
599 2163 695 2226 vobis
723 2163 881 2240 praecepit
905 2161 1050 2237 auiorri;
1066 2177 1107 2224 ac
1161 2161 1276 2224 lendes
1310 2165 1471 2241 januarii,
1498 2164 1709 2242 pontificatus
1741 2161 1846 2226 nostri
1867 2177 1954 2224 anno

311 2262 411 2325 etiam
426 2261 513 2329 ideo,
534 2260 620 2338 quod
647 2261 683 2321 in
707 2260 803 2335 regni
831 2259 975 2322 confinio
1007 2258 1105 2336 positi
1162 2258 1311 2334 septimo.

311 2358 502 2439 frequentes
521 2373 727 2436 paganorum
755 2358 927 2420 sustinetis
949 2357 1103 2429 insultus,

310 2473 370 2520 vos
383 2471 443 2534 pro
458 2471 562 2532 regno
577 2456 676 2517 morti
698 2455 865 2532 tamquam
881 2454 1012 2516 firmum
1028 2470 1107 2530 pro-

310 2553 535 2632 pugnaculum
550 2552 1014 2630 opponentes3rerumtamen
1029 2551 1107 2612 nul·
1294 2615 1297 2624 ,
1466 2556 1648 2645 XXXVII

310 2651 378 2713 lam
389 2651 584 2728 potestatem
595 2649 746 2712 habeatis
759 2648 901 2710 cudendi
912 2665 1106 2727 quamcum-

311 2765 375 2828 que
390 2747 556 2810 monetam
567 2746 693 2824 absque
703 2747 792 2822 regis
805 2747 940 2809 licentia
954 2747 1102 2823 speciali.

310 2847 380 2908 Nos
408 2860 488 2921 ergo
517 2843 639 2905 vestris
668 2845 771 2921 justis
800 2844 954 2921 precibus
987 2843 1106 2920 benig-

308 2959 389 3006 num
401 2942 631 3020 impertientes
645 2956 829 3012 assensum,
846 2941 1023 3018 praedictas
1042 2943 1106 3004 ter-
1422 2937 1455 2994 19
1469 2935 1599 2995 decemb.
1617 2940 1697 2998 lata.

307 3055 365 3104 ras
382 3056 457 3102 cum
465 3037 673 3101 libertatibus
688 3039 720 3100 et
735 3037 999 3100 immunitatibus
1020 3039 1101 3111 suis,
1298 3056 1502 3122 [Tremelios.
1517 3061 1610 3126 flung..
1621 3064 1641 3122 1,
1654 3064 1695 3128 ac,
1710 3065 1812 3130 nam]

307 3137 394 3200 sicut
407 3151 464 3198 eas
475 3137 576 3213 J'uste,
605 3151 645 3197 ao
669 3134 805 3212 pacifice
821 3135 1008 3211 possidetis,
1021 3137 1055 3198 et
1069 3136 1104 3196 in

308 3233 495 3314 privilegiis
522 3231 602 3293 dicti
626 3232 715 3307 regis
740 3231 870 3309 plenius
903 3233 1101 3305 continetur,

307 3329 1103 3406 vobisetdomuivestraeauctoritateApostolica

1160 2705 1212 2764 Ad
1229 2706 1396 2780 ciprinum
1418 2711 1713 2784 archiepiscopum
1737 2715 1951 2779 colocensem

1179 2801 1213 2861 et
1232 2804 1452 2866 Destdcrlum
1466 2809 1662 2880 apocopum
1675 2812 1930 2874 Ceraradleuscm.

1159 3183 1208 3240 Eis
1222 3181 1339 3241 mandat
1353 3191 1383 3242 nt
1394 3187 1428 3243 N.
1441 3187 1574 3244 comitem
1589 3187 1625 3245 de
1639 3190 1746 3263 Sopron
1762 3191 1797 3249 ab
1813 3191 1952 3268 aliquibus

1353 3274 1498 3332 molestari
1512 3289 1569 3332 non
1583 3281 1756 3349 permittant.

308 3428 544 3491 confirmamus
559 3427 592 3488 et
603 3425 779 3502 praesentis
790 3426 1102 3503 scriptipatrociuio
1197 3397 1949 3483 H⁰¹¹⁰ri¹¹⁸⁰Pi⁸⁰⁰P¹¹⁸2SQPVUSSOPVOFUfflDeb
2053 3481 2057 3486 ,
2129 3415 2130 3460 ³

307 3524 560 3589 communimus·
577 3523 670 3584 Nulli
688 3538 768 3598 ergo
778 3523 914 3584 omnino
929 3524 1102 3584 hominum
1158 3493 1286 3604 dilectis
1302 3495 1418 3558 illiis...
1432 3499 1682 3578 archiepiscopo
1696 3505 1868 3566 colocensi
1880 3509 1949 3569 et...

307 3623 408 3685 liceat
419 3623 506 3683 banc
520 3621 676 3698 paginam
690 3620 874 3696 infringere
884 3623 1007 3682 nostrae
1022 3637 1104 3682 con·
1157 3606 1312 3668 ⁰P¹S⁰⁰p⁰
1327 3593 1535 3704 cffnffdienffi’
1562 3598 1703 3668 salutem
1723 3601 1755 3664 et
1778 3604 1949 3680 AP⁰³t⁰¹i'

307 3719 518 3789 flrmationis,
531 3718 584 3780 rel
597 3719 628 3780 ei
638 3733 723 3780 ausu
731 3719 908 3780 temerario
923 3718 1100 3780 contraire.
1157 3704 1229 3749 ΜΠ]
1245 3689 1519 3802 beneqwtfflffl

310 3820 346 3882 Si
354 3819 428 3897 quis
448 3816 558 3878 autem
578 3815 641 3878 boc
653 3816 817 3878 attentare
841 3816 1100 3895 praesumpserit,
1197 3787 1302 3898 Qum
1318 3787 1474 3852 ‘Nectum
1489 3791 1593 3852 fllium
1608 3795 1753 3857 ¹¹⁰bi¹⁰m
1767 3797 1876 3858 Virum
1892 3799 1947 3872 N·’

306 3915 569 3992 indignationem
589 3913 824 3990 omnipotentis
840 3914 910 3986 Dei,
930 3916 962 3978 et
986 3913 1103 3976 beato-
1157 3887 1309 3994 “PmJtem
1331 3885 1372 3946 (¹⁶
1398 3889 1536 3965 S⁰Pr⁰¹¹³
1554 3891 1611 3968 qni
1624 3894 1693 3954 ²⁹¹⁰
1714 3894 1950 3958 fideietdffl‘

287 4079 289 4085 k
307 4030 382 4076 rum
398 4013 489 4074 Petri
505 4013 538 4074 et
552 4011 649 4072 Pauli
663 4011 895 4088 Apostolorum
910 4013 982 4088 ejus
994 4027 1030 4072 se
1045 4027 1103 4073 no,
1156 3980 1256 4042 tronis
1269 3998 1440 4095 accensus,
1457 3989 1626 4064 assumpto
1641 3991 1750 4051 crucis
1762 3993 1946 4068 signaculo,

306 4111 396 4173 verit
408 4109 630 4170 incursurum.
641 4110 759 4170 Datum
769 4108 936 4180 Laterani,
948 4109 1022 4170 XIV
1031 4107 1098 4170 lral.
1156 4080 1327 4156 Pr⁰p⁰⁸¹¹¹t
1341 4097 1375 4141 ¹¹¹
1394 4083 1506 4144 Tefsae
1523 4086 1652 4147 5³¹¹&ae
1670 4087 1855 4150 SUbSidium
1870 4106 1949 4168 ΡῙὈ·

303 4207 466 4284 januaffi,
481 4204 692 4283 pontificatus
717 4204 822 4266 nostri
845 4219 933 4266 anno
949 4206 1098 4283 septimo·
1156 4176 1270 4286 deieci,
1288 4193 1363 4238 cum
1374 4180 1476 4252 terra,
1489 4178 1615 4243 familia
1631 4185 1826 4248 etomnibus
1838 4187 1945 4262 bonis,

1156 4276 1944 4360 quaempraesentiarumrationabiliterpossidet,

1155 4369 1216 4431 sub
1245 4372 1449 4448 protectione
1478 4379 1723 4453 susceperimus
1748 4382 1946 4458 Apostolicae

623 4491 785 4579 XXXVI
1157 4467 1250 4528 Sedis
1274 4470 1307 4529 et
1332 4471 1445 4532 nostra
1473 4473 1666 4548 statuentes,
1692 4479 1729 4538 ut
1756 4493 1795 4538 ea
1821 4479 1944 4552 omnia,

1155 4565 1327 4643 postquam
1342 4567 1407 4629 iter
1422 4570 1602 4648 arripuerit
1615 4574 1886 4648 transmarinum,
1899 4577 1948 4637 in·

351 4711 354 4721 .
385 4645 437 4705 Ad
450 4645 629 4706 Nicolaum
643 4644 803 4705 immilem
816 4645 857 4704 de
871 4645 1015 4718 SOWOii·
1153 4663 1248 4739 tagra
1263 4666 1420 4729 maneant
1447 4667 1480 4729 et
1494 4668 1615 4744 quieta,
1642 4670 1747 4733 donec
1777 4671 1817 4734 de
1840 4673 1945 4750 ipsius

568 4773 602 4830 19
620 4771 748 4830 deoemp
765 4773 844 4831 pm,
1068 4835 1069 4840 ἵ
1154 4761 1263 4824 reditu
1286 4762 1337 4823 vel
1362 4761 1454 4825 obitu
1485 4766 1671 4829 certissime
1702 4773 1944 4844 cognoscatur:

1153 4856 1354 4921 fraternitati
1377 4861 1498 4922 vestrae
1522 4879 1581 4940 per
1605 4864 1796 4941 apostolica
1821 4867 1945 4944 scripta

391 4898 520 4964 [Thfflffl’
531 4897 599 4948 ³¹⁰⁰·
612 4896 755 4960 numm
766 4901 785 4944 ι’
798 4897 818 4954 ¹¹
833 4910 859 4960 μ
872 4895 912 4954 π’
924 4910 951 4948 ¹¹⁹
962 4895 1014 4962 π’]
1153 4956 1359 5029 mandamns,
1377 4959 1538 5035 quatenus
1560 4961 1669 5037 ipsum
1691 4977 1791 5038 super
1810 4963 1863 5025 his
1878 4980 1945 5027 non

305 5025 342 5083 N.
357 5037 455 5081 comes
469 5022 504 5078 de
520 5023 630 5094 Sopron
642 5020 933 5092 crucesignatuscum
949 5019 1099 5080 bonissuis

359 5109 592 5182 ⁸⁰bAP⁰⁸20¹¹⁰⁸³
612 5107 694 5166 ΜΒ
711 5108 885 5180 ¹³²⁰⁸⁰⁶¹i⁰¹¹⁶
900 5109 1043 5184 “mmm'‘
1152 5151 1277 5212 tutores
1292 5154 1363 5229 ejus
1378 5152 1554 5228 indebitos,
1570 5171 1631 5232 per
1648 5173 1822 5218 censuram
1837 5159 1946 5222 eccle-
1988 5202 1992 5212 -
2030 5137 2037 5152 ⁸

346 5243 513 5304 Honorius
522 5241 710 5319 episcopus,
723 5257 1015 5306 seruasservorum
1025 5246 1096 5320 Dei,
1152 5247 1333 5320 siasticam,
1347 5249 1572 5326 appellatione
1584 5252 1778 5329 postposita,
1795 5268 1947 5332 compes-

305 5341 427 5404 dilecto
443 5339 511 5399 illio
520 5337 625 5400 nobili
634 5339 719 5411 viro,
730 5339 770 5400 N.
781 5339 893 5402 comiti
901 5340 941 5402 de
956 5343 1095 5420 Sopron,
1152 5343 1267 5406 cende.
1291 5347 1409 5407 Datum
1424 5347 1592 5416 Laterani,
1617 5351 1692 5410 XIV
1709 5349 1869 5412 kalendas
1884 5353 1944 5430 ja·

306 5435 524 5499 Gueuriensis
539 5435 705 5506 dioecesis,
723 5435 874 5510 salutem,
893 5438 955 5499 etc.
1151 5443 1273 5514 nuarii,
1288 5443 1498 5519 pontificatus
1517 5445 1622 5506 nostri
1638 5461 1725 5508 anno
1738 5447 1889 5522 septimo.

1153 5053 1350 5129 permittatis
1374 5054 1415 5115 ab
1433 5055 1600 5134 aliquibus
1620 5058 1802 5134 molestari,
1824 5063 1947 5124 moles·
2054 5117 2061 5134 .
