4244 6374
327 293 388 354 627

327 451 397 514 tras
415 466 517 530 super
528 451 629 514 boc...
645 450 757 514 abbati
780 451 821 514 de
834 451 1075 516 Claromarisco
1090 454 1123 517 et

328 549 557 627 conjudicibus
565 552 639 626 ejus
651 549 781 612 litteras
791 549 1007 612 destinantes.
1017 552 1122 614 caete-

328 663 402 709 rum
421 649 570 724 exparte
587 647 734 724 episcopi
754 663 846 709 more
865 663 926 709 suo
952 649 1123 726 exceptio-

327 744 426 806 nibus
449 745 635 816 insistente,
664 744 765 806 etad
802 744 920 806 sedem
953 746 1123 822 Apostoli·

326 857 401 904 cam
435 842 636 919 appellante,
677 841 809 904 demum
849 842 1121 919 procuratoribus

327 939 484 1016 partium,
509 939 546 999 in
574 939 688 1000 nostra
716 939 895 1016 praesentia
920 940 1119 1008 constitutis,

327 1036 485 1098 dilectum
510 1035 616 1098 illium
637 1037 789 1098 nostrum
810 1036 992 1112 AEgidium,
1017 1039 1122 1098 Sano-

326 1134 436 1196 torum
451 1135 577 1195 cosmae
602 1139 635 1195 et
649 1133 802 1194 Damiani
819 1133 995 1196 diaconum
1011 1135 1122 1196 cardi-

327 1232 437 1294 nalem
452 1232 603 1294 dedimus
622 1232 818 1304 auditorem,
835 1234 869 1294 et
894 1233 958 1306 his,
975 1249 1048 1310 ques
1064 1249 1123 1295 co-

328 1345 399 1391 ram
434 1330 506 1406 ipso
544 1329 679 1391 suerunt
719 1330 904 1406 proposita,
946 1329 1122 1405 diligenter

327 1425 461 1498 auditis,
479 1426 600 1488 iterum
615 1425 814 1486 indulsimus
835 1426 943 1488 eidem
966 1427 1121 1503 episcopo

326 1526 453 1600 septem
465 1539 608 1596 menses,
620 1523 827 1599 negotium...
840 1523 989 1586 abbati...
1002 1525 1118 1600 priori,

325 1619 395 1681 et..
416 1619 603 1697 ·subpriori
635 1616 748 1684 Sancti
772 1621 919 1684 Victoris
954 1621 1118 1684 Parisien.

326 1707 574 1780 committendo.
590 1719 778 1797 Eodemque
793 1735 927 1780 rursum
948 1720 1054 1781 relato
1078 1720 1120 1781 ad

326 1817 531 1879 audientiam
559 1817 720 1886 nostram,
750 1819 783 1878 et
812 1816 927 1878 eodem
957 1817 1121 1879 cardinali

326 1913 470 1992 partium
509 1913 780 1990 procuratoribus
817 1915 939 1976 iterum
969 1914 1120 1976 auditore

326 2025 496 2080 concesso,
512 2010 553 2071 ad
569 2026 699 2072 omnem
715 2011 924 2072 occasionem
940 2012 1120 2073 murmuris

326 2107 390 2184 ipsi
411 2109 566 2184 episcopo
582 2108 827 2184 amputandam,
844 2108 951 2169 eidem
973 2109 1015 2170 ad
1035 2108 1121 2170 iina-

325 2204 391 2265 lem
406 2204 659 2266 instructionem
681 2204 788 2282 ipsius
804 2221 906 2266 causa
920 2205 1120 2267 indulsimus

326 2302 409 2363 duos
427 2317 569 2374 menses,
591 2302 761 2378 negotium
776 2302 817 2364 ad
839 2303 972 2365 cosdem
989 2303 1120 2380 judices

326 2398 535 2471 remittendo
550 2399 688 2476 quicum
704 2399 836 2460 demum
850 2415 987 2462 oausam
1002 2401 1044 2461 ad
1057 2416 1119 2462 nos

324 2497 510 2558 remisisset
522 2496 729 2568 instructam,
747 2497 780 2558 et
798 2498 941 2574 partium
956 2510 1119 2574 procura-

325 2593 416 2656 tores
426 2593 467 2656 de
477 2594 530 2656 die
542 2594 674 2656 indiam
685 2595 883 2656 sententiam
892 2595 1117 2672 expectarent,

324 2691 398 2768 ipso
425 2692 580 2768 episcopo
607 2693 741 2753 interim
765 2691 864 2754 rebus
886 2693 1031 2755 bominis
1059 2709 1121 2754 ex·

257 2780 267 2810 *
324 2789 444 2864 empto,
461 2790 579 2866 atejus
603 2791 818 2867 procuratore
834 2790 875 2851 ad
900 2791 1045 2868 propria,
1064 2793 1121 2868 ju-

323 2885 412 2948 dicio
444 2886 493 2948 sic
525 2887 700 2963 pendente,
734 2903 901 2963 regresso,
934 2887 1118 2949 successori

322 2983 472 3060 ejusdem
484 2983 632 3061 episcopi
653 2999 713 3062 per
726 2984 878 3046 abbatem
906 2985 1019 3046 Sancti
1035 2986 1121 3046 Mar·

944 293 1121 356 BONORII
1142 297 1189 356 111
1209 297 1356 358 OPERA.

1488 589 1491 598 ,
1516 467 1631 555 ccxl

1215 628 1267 686 Ad
1279 627 1514 688 Raastctaaam
1529 631 1691 704 rapinam
1706 629 1747 692 dc
1762 633 1927 707 Aeconia.

1468 766 1502 824 la
1516 766 1585 823 maii
1598 766 1676 824 lati.

1307 887 1443 953 [Raynald
1457 889 1551 938 Anum.
1563 889 1596 940 ad
1606 903 1667 939 ann.
1679 889 1749 950 litt,
1762 889 1837 956 sib]

1177 1013 1368 1072 Russutanem
1383 1014 1514 1086 reginam
1529 1013 1565 1072 de
1589 1015 1722 1088 Anagnia
1745 1014 1842 1073 laudat
1856 1024 1971 1090 propter

1211 1100 1297 1158 fldem
1313 1116 1347 1159 ac
1360 1100 1485 1160 studium
1500 1117 1570 1176 erga
1590 1104 1749 1162 itomanam
1763 1105 1931 1162 Ecclesiam.

1216 1227 1395 1299 Honorius,
1408 1228 1471 1289 etc.

1215 1324 1356 1386 Multum
1380 1325 1489 1400 gavisi
1513 1341 1626 1387 sumus
1648 1327 1685 1387 in
1706 1328 1847 1389 Domino
1869 1343 1970 1406 super

1176 1420 1362 1496 devotione,
1380 1438 1477 1499 quam
1492 1422 1595 1484 habes
1610 1424 1652 1484 ad
1667 1441 1739 1496 nos,
1752 1427 1785 1487 et
1794 1426 1835 1486 ad
1846 1429 1970 1488 Roma·
2097 1433 2098 1504 Τ

1175 1534 1252 1580 nam
1264 1520 1457 1592 Ecclesiam,
1472 1522 1612 1582 matrem
1621 1505 1886 1585 Christianorum
1897 1539 1970 1584 om-

1175 1617 1268 1678 nium
1283 1617 1316 1678 et
1330 1617 1525 1692 magistram
1538 1639 1546 1678 ι
1558 1619 1591 1680 et
1601 1635 1702 1696 super
1719 1620 1774 1696 pio
1790 1620 1967 1692 desiderio,

1175 1714 1261 1791 quod
1275 1714 1378 1776 babes
1393 1714 1433 1777 de
1446 1714 1643 1778 liberatione
1656 1720 1768 1780 Terrae
1783 1719 1924 1790 Sancta,
1933 1719 1969 1778 in

1175 1827 1239 1889 qua
1264 1814 1423 1874 Dominus
1442 1816 1539 1874 lesus
1564 1814 1716 1877 cbristus
1740 1814 1969 1892 dignatusest

1175 1910 1312 1971 humani
1339 1910 1471 1986 generis
1495 1911 1627 1987 operari
1647 1913 1801 1984 salutem,
1828 1913 1965 1975 tradens

1174 2009 1272 2070 morti
1285 2009 1394 2069 crucis
1417 2007 1580 2070 ineffabili
1608 2009 1731 2085 pietate
1751 2011 1910 2087 seipsum,
1933 2011 1970 2070 ut

1174 2122 1278 2182 genus
1287 2107 1496 2168 humanuma
1509 2107 1614 2168 morte
1625 2108 1783 2185 perpetua
1798 2106 1967 2170 liberaret.

1176 2206 1282 2280 Super
1296 2205 1402 2266 morte
1423 2206 1533 2266 autem
1548 2205 1648 2266 clarae
1671 2205 1878 2268 memoriae...
1894 2205 1968 2266 ira-

1174 2301 1235 2362 tris
1265 2301 1314 2363 tui
1342 2302 1431 2378 regis
1460 2301 1723 2378 Georgianorum
1744 2302 1805 2365 tibi
1829 2307 1969 2380 paterno

1173 2400 1341 2476 compassi
1367 2415 1481 2460 sumus
1505 2399 1637 2474 affectu,
1663 2416 1703 2462 ao
1727 2400 1763 2462 in
1784 2415 1825 2462 eo
1848 2400 1968 2462 subse-

1175 2497 1969 2574 quentergavisi‚quodpaciflceobtinesregnum

1175 2597 1257 2671 ejus,
1274 2595 1360 2656 sieut
1372 2594 1466 2656 nobis
1480 2611 1539 2672 per
1552 2595 1642 2672 ipsas
1653 2595 1781 2657 litteras
1793 2595 1967 2668 intimasti,

1175 2692 1326 2768 optantes
1343 2691 1478 2753 utDeus
1504 2692 1540 2753 in
1558 2695 1653 2770 quus
1675 2708 1776 2754 manu
1795 2693 1872 2756 sunt
1889 2696 1969 2770 jura

1174 2805 1289 2864 regum
1316 2787 1349 2851 et
1375 2803 1490 2864 regna,
1515 2792 1548 2851 te
1575 2805 1615 2852 ac
1645 2791 1739 2852 tuum
1772 2805 1912 2866 regnum
1933 2791 2000 2852 in.

1174 2902 1236 2948 sua
1251 2886 1315 2948 dde
1327 2901 1367 2949 ac
1379 2886 1564 2960 devotione,
1582 2887 1680 2964 atque
1693 2889 1729 2948 in
1744 2887 1840 2950 bonis
1855 2887 1968 2950 omni·

1174 2984 1235 3046 bus
1250 2984 1429 3060 amplificet
1445 2985 1478 3047 et
1500 2985 1684 3049 conservet.
1707 2985 1775 3048 Etsi
1791 2986 1880 3048 enim
1904 2985 1967 3047 ab·

323 3081 386 3141 tini
401 3081 636 3142 ambianensis
651 3082 685 3143 et
696 3082 841 3157 collegas
856 3085 929 3159 ejus
941 3081 1119 3144 terminum
1175 3081 1285 3144 sentes
1321 3083 1424 3144 simus
1460 3098 1609 3160 corpore,
1644 3083 1825 3160 praesentes
1857 3084 1969 3146 tamen

324 3179 593 3254 peremptorium,
608 3193 673 3256 quo
688 3194 747 3254 per
762 3193 809 3250 se,
823 3179 876 3240 vel
889 3193 949 3255 per
963 3193 1119 3256 procura·
1175 3179 1304 3257 spiritu,
1318 3181 1351 3242 te
1364 3195 1404 3242 ac
1414 3180 1498 3242 alios
1512 3181 1713 3242 christianos
1728 3181 1824 3258 regni
1835 3181 1885 3243 tui
1899 3197 1970 3243 cor·

323 3275 430 3336 torem
452 3275 608 3337 idoneum
627 3276 741 3338 nostro
763 3291 799 3336 se
818 3276 1010 3352 conspectui
1029 3290 1119 3352 prae-
1174 3277 1225 3338 dis
1241 3278 1347 3340 oculis
1367 3278 1545 3350 intuemur,
1562 3279 1596 3339 et
1613 3279 1817 3341 delectamur
1840 3279 1875 3340 in
1892 3279 1966 3352 fide,

324 3371 481 3444 santaret,
514 3373 713 3435 sententiam
745 3373 951 3450 recepturus,
980 3372 1119 3436 lecimus
1174 3391 1273 3452 quam
1287 3374 1417 3437 habetis
1434 3375 1468 3436 in
1490 3376 1631 3437 Domino
1651 3379 1733 3438 Jesu
1747 3377 1891 3448 Christo,
1912 3377 1969 3438 cui

323 3469 490 3544 assignari
516 3491 524 3529 ε
554 3469 823 3546 procuratoribus
847 3471 951 3546 igitur
972 3471 1118 3547 partium
1174 3487 1213 3534 eo
1228 3473 1300 3549 ipso
1321 3473 1372 3534 est
1384 3474 1552 3549 acceptior
1567 3472 1647 3536 ildes
1657 3473 1779 3545 vestra,
1792 3473 1879 3552 quod
1894 3489 1969 3536 eam

324 3583 399 3628 cum
414 3583 515 3629 causa
529 3568 689 3629 instructa
702 3583 760 3645 pro
776 3567 941 3629 audienda
956 3569 1119 3630 sententia
1174 3570 1314 3631 servatis
1329 3570 1364 3630 in
1373 3570 1674 3632 medioinddelium
1687 3571 1869 3644 nationum,
1882 3571 1969 3634 inter

323 3665 359 3726 in
387 3665 501 3727 nostra
529 3667 708 3742 praeseutia
732 3666 931 3738 constitutis,
961 3665 1118 3727 dilectum
1174 3683 1255 3745 quas
1269 3667 1387 3730 lucetis
1411 3668 1507 3745 quasi
1528 3669 1673 3731 lucernae
1700 3668 1734 3729 in
1763 3668 1921 3740 tenebris,
1936 3674 1970 3731 et

323 3763 429 3824 illium
444 3763 595 3825 nostrum
615 3765 665 3836 G,
690 3763 804 3826 Sancti
818 3763 984 3825 Theodori
1005 3763 1120 3826 diaco·
1172 3765 1329 3827 redoletis
1344 3767 1442 3842 quasi
1457 3764 1528 3826 lilia
1550 3766 1638 3828 inter
1659 3766 1784 3842 spinas,
1811 3767 1967 3844 reporta-

321 3878 409 3923 num·
424 3861 639 3932 cardinalem,
656 3861 738 3938 ipsis
754 3861 904 3922 dedimus
920 3862 1116 3934 auditorem,
1176 3863 1240 3925 turi
1255 3862 1332 3925 ildei
1347 3863 1467 3925 vestrae
1478 3863 1732 3925 desiderabilem
1748 3863 1858 3936 tinem,
1876 3864 1969 3926 salu-

323 3959 380 4036 qui
395 3973 469 4020 cum
484 3959 688 4036 inspexisset
709 3959 784 4021 acta
795 3958 915 4036 judicii
939 3959 1119 4034 diligenter
1172 3961 1238 4022 tem
1254 3960 1605 4023 vestrarumvidelieet
1617 3961 1815 4022 animarum.
1829 3963 1969 4038 Propter

207 4107 220 4130 ,
324 4057 510 4118 etaudisset
520 4073 593 4135 quae
603 4059 835 4134 procuratores
843 4057 908 4134 ipsi
919 4057 1119 4119 curaverunt
1173 4058 1257 4135 quod
1276 4059 1367 4119 tuam
1385 4058 1601 4120 exhortamur
1619 4058 1655 4119 in
1670 4059 1812 4120 Domino
1826 4058 1967 4120 celsitu·

323 4167 507 4231 proponere
522 4169 634 4215 coram
650 4169 701 4222 eo,
718 4169 789 4226 nos,
807 4156 856 4215 eis
869 4169 928 4230 per
942 4157 1014 4231 ejus
1031 4153 1116 4216 ilde-
1174 4155 1297 4226 dinem,
1314 4154 1350 4216 ut
1362 4155 1452 4217 certa
1468 4155 1508 4216 de
1524 4155 1744 4232 promissione
1769 4155 1893 4217 Christi
1911 4154 1967 4215 di·

323 4250 387 4312 lem
401 4251 597 4313 relationem
611 4251 733 4313 auditis
744 4252 915 4328 etplenius
926 4251 1114 4324 intellectis,
1172 4249 1278 4312 centis
1295 4272 1303 4310 :
1318 4249 1380 4322 Qui
1395 4250 1607 4313 confitebitur
1622 4267 1673 4312 me
1689 4267 1802 4312 coram
1821 4251 1969 4312 bomini-

324 4347 511 4424 privilegiis
526 4363 655 4425 quoque
675 4364 714 4409 ac
729 4347 945 4424 indulgentiis
969 4350 1115 4426 Aposto-
1171 4347 1243 4420 bus,
1258 4347 1438 4410 confitebor
1451 4350 1484 4410 et
1497 4363 1763 4424 egoeumcoram
1772 4351 1965 4420 Patremeo,

323 4444 396 4506 licea
422 4445 516 4506 Sedis
543 4443 702 4507 exhibitis
728 4462 787 4522 pro
815 4447 1017 4508 monasterio
1044 4448 1116 4524 ipso
1171 4445 1227 4523 qui
1253 4446 1303 4507 est
1321 4446 1356 4507 in
1372 4446 1482 4519 coelis;
1508 4447 1542 4506 in
1563 4445 1785 4519 confessione,
1802 4462 1842 4508 ac
1869 4445 1968 4508 laude

323 4542 502 4620 diligenter
522 4543 693 4621 inspectis,
708 4543 748 4604 de
763 4543 903 4604 iratrum
927 4545 1116 4606 nostrorum
1171 4543 1278 4604 sancti
1297 4543 1443 4604 nominis
1464 4546 1538 4620 ejus
1557 4543 1654 4604 tirma
1674 4543 1868 4622 stabilisque
1886 4559 1967 4620 per·

321 4641 461 4704 consilio
490 4641 614 4703 dictum
640 4641 877 4704 monasterium
908 4641 1115 4704 decrevimus
1171 4639 1281 4710 sistas,
1309 4643 1342 4702 et
1359 4639 1401 4701 ad
1427 4639 1671 4717 persistendum
1692 4641 1729 4701 in
1752 4656 1792 4702 ea
1820 4639 1968 4702 subditos

321 4739 475 4812 liberum,
492 4741 525 4802 et
537 4740 578 4800 ad
601 4739 708 4802 solum
723 4743 907 4802 Romanum
921 4741 1115 4802 Pontiiloem
1170 4737 1966 4814 tuosexemplosanctaeconversationisinducaS,

321 4837 501 4915 pertinere,
523 4837 606 4898 illud
632 4836 673 4898 ab
695 4838 902 4914 impetitione
927 4837 1032 4914 partis
1055 4837 1117 4898 ad·
1171 4836 1207 4896 ut
1222 4837 1296 4912 post
1309 4835 1409 4912 hujus
1421 4835 1625 4898 transitoriae
1640 4837 1717 4898 vitae
1740 4833 1969 4898 inevitabilem

320 4951 426 4997 versae
446 4935 514 4997 tam
546 4934 735 5011 superbis,
764 4950 838 5012 quaa
867 4933 945 4997 olim
973 4950 993 4996 a
1028 4933 1115 4995 dicto
1170 4933 1306 5006 exitum,
1333 4947 1400 4994 una
1426 4948 1502 4995 cum
1527 4933 1610 5010 ipsis
1635 4947 1776 5009 regnum
1803 4931 1969 4994 merearis

320 5031 567 5110 praedecessore
583 5034 698 5094 nostro
713 5032 777 5108 ipsi
792 5031 1009 5094 ambianensi
1026 5031 1116 5108 epis-
1170 5030 1329 5107 consequi
1344 5030 1594 5108 sempiternum.

320 5144 403 5205 copo
426 5129 534 5206 quoad
558 5129 801 5206 possessorium
826 5128 1016 5206 adjudicata
1042 5128 1116 5189 lue-
1211 5129 1298 5189 sane
1311 5141 1411 5203 super
1424 5143 1464 5189 eo
1480 5127 1566 5205 quod
1581 5127 1622 5188 de
1637 5127 1792 5204 passagio
1801 5125 1970 5188 carissimi

319 5226 409 5298 runt,
426 5241 525 5302 quam
547 5241 647 5303 super
659 5226 747 5299 aliis,
765 5241 839 5304 quae
853 5225 895 5287 ad
906 5225 1117 5303 jurisdictio-
1170 5226 1205 5286 in
1219 5225 1350 5286 Christo
1365 5224 1428 5286 lilii
1440 5225 1545 5286 nostri
1563 5223 1733 5286 Frederiel
1747 5223 1889 5286 illustris
1902 5226 1972 5285 Ro-

319 5339 396 5386 nem
411 5338 470 5384 seu
486 5323 724 5400 subjectionem
739 5323 906 5400 pertinere
921 5323 1118 5395 noscuntur,¹
1170 5337 1343 5384 manorum
1372 5322 1584 5400 imperatoris
1618 5337 1749 5399 semper
1779 5319 1912 5398 augusti
1938 5319 1973 5383 et

319 5420 564 5483 sententialiter
580 5421 804 5483 absolventes.
831 5419 924 5482 Nulli
939 5435 1031 5496 ergo,
1052 5421 1114 5482 etc.
1170 5421 1260 5496 regis
1277 5421 1400 5482 Siciliae
1411 5419 1588 5482 certificari
1599 5419 1781 5492 desideras,
1802 5420 1888 5480 teau
1908 5435 1974 5479 ex-

321 5519 355 5579 Si
370 5519 444 5596 quis
459 5519 581 5590 autem,
593 5518 656 5579 etc.
673 5519 791 5580 Datum
805 5518 972 5592 Laterani,
987 5519 1030 5581 lV
1042 5517 1117 5578 idus
1173 5517 1308 5580 sortium
1324 5518 1416 5579 tuum
1432 5515 1473 5579 ad
1487 5517 1593 5594 ipsius
1604 5519 1716 5579 Terrae
1742 5516 1872 5578 Sanctae
1894 5531 1974 5576 suo-

320 5615 412 5688 maii,
428 5631 516 5677 anno
532 5617 660 5678 octavo.
1174 5631 1307 5676 cursum
1322 5615 1498 5692 magnifice
1512 5613 1972 5691 offerendo;fldeituaezelum
