4274 6388
165 305 226 366 ata
305 361 320 374 ,
718 293 721 298 ’
775 305 1004 368 emarcum.
1027 305 1106 402 nur,
1129 306 1201 368 vn.
1749 315 1809 381 att

166 461 279 526 dianta
302 463 487 526 venerabili
518 463 622 528 tratre
655 463 770 528 nostro
804 464 959 544 episcopo
1014 465 1246 542 pervenerunt,
1260 465 1317 528 ubi
1327 466 1501 530 animabus
1515 468 1711 546 glorificatis
1724 471 1805 536 teli-

166 559 360 620 Cesenaten.
387 559 420 621 et
437 559 566 622 dilectis
587 559 666 620 filiis
688 561 725 620 Β.
741 559 842 620 Esino
860 559 893 621 et
913 559 958 620 M.
1014 563 1098 625 citer
1112 563 1230 624 stolam
1244 564 1385 640 primam
1408 567 1528 643 adepti,
1552 569 1755 632 confidentes
1768 571 1805 634 in

166 655 383 716 Faventinen.
412 656 582 720 canonicis
606 655 828 718 amicabiliter
855 656 961 718 inter-
1014 660 1109 721 illum
1121 661 1312 738 intelligunt
1325 663 1509 736 veritatem,
1531 669 1564 727 et
1577 665 1691 729 fideles
1704 669 1739 730 in
1753 669 1807 729 di·

165 752 268 824 venit,
297 752 384 814 sicut
406 754 478 814 sine
492 752 657 829 pravitate
681 769 747 829 pax
771 753 849 814 inde
873 752 961 814 lacta
1015 757 1157 820 lectione
1179 760 1394 836 acquiescunt
1411 760 1520 822 eidem
1543 765 1722 826 secundam
1736 768 1808 829 sto-

166 850 227 920 est,
252 848 285 912 et
313 849 353 910 ab
369 849 509 926 utraque
531 851 625 925 parte
638 851 755 926 sponte
770 850 913 926 recepta,
929 849 963 912 et
1015 854 1081 915 lam
1098 855 1229 917 felicius
1245 857 1414 933 adepturi3
1431 858 1561 935 quando
1581 861 1709 924 scilicet
1720 863 1808 924 inci·-

166 945 327 1008 hacienus
351 945 488 1022 pacifice
510 945 699 1018 Observata,
728 947 761 1010 ot
779 947 816 1008 in
835 947 961 1016 instru-
1015 954 1131 1014 nerata
1144 969 1233 1016 nunc
1245 969 1384 1031 corpora
1399 956 1618 1032 glorificanda
1632 960 1808 1036 resurgent

166 1042 276 1104 mento
317 1043 394 1103 inde
430 1042 579 1105 consecto
602 1043 733 1121 plenius
761 1044 959 1124 continetur,
1016 1049 1153 1125 fulgida,
1171 1049 1285 1126 agilia,
1300 1051 1493 1134 subtilia,et
1503 1054 1809 1133 impassibiliaper-

166 1138 363 1201 auctoritate
385 1140 575 1216 apostolica
600 1141 845 1200 confirmamus.
868 1138 961 1200 Nulli
1015 1148 1113 1223 petuo
1135 1162 1210 1207 cum
1222 1149 1362 1210 Domino
1382 1153 1573 1225 regnatura.
1595 1153 1632 1212 In
1648 1154 1742 1228 cujus
1757 1153 1808 1214 rei

166 1251 245 1312 ergo
261 1236 394 1296 omnino
409 1236 581 1297 hominum
595 1236 695 1298 liceat
706 1236 792 1298 hanc
803 1236 959 1314 paginam
1015 1243 1309 1318 evidentissimum,
1324 1247 1358 1308 et
1372 1235 1561 1310 intaillibile
1576 1247 1808 1326 argumentum

166 1333 290 1394 nostrae
316 1333 578 1394 confirmationis
609 1333 810 1410 intringere,
845 1333 899 1394 vel
928 1333 961 1392 ei
1015 1341 1181 1416 gloriosus
1209 1343 1379 1416 Dominus,
1410 1360 1550 1422 quorum
1579 1347 1708 1408 animas
1737 1349 1809 1425 jam

167 1445 253 1492 ausu
266 1429 443 1491 temerario
455 1430 633 1492 contraire.
643 1431 678 1492 Si
689 1430 762 1508 quis
778 1430 889 1491 antem
897 1428 960 1491 hoc
1014 1437 1214 1514 glorificavit
1234 1439 1268 1500 in
1289 1441 1383 1509 coelo,
1406 1455 1654 1519 nonnumquam
1668 1459 1808 1522 corpora

167 1526 331 1588 attentare
345 1528 605 1604 praesumpserit,
620 1526 884 1604 indignationem
895 1541 962 1588 om·
1015 1533 1151 1597 interra
1167 1535 1329 1598 clarificat
1343 1535 1469 1599 iaciens
1485 1555 1536 1607 ea,
1553 1541 1650 1616 quasi
1663 1541 1806 1618 partici-

167 1623 347 1700 nipotentis
372 1623 432 1685 Dei
453 1639 494 1684 ac
516 1623 688 1686 beatorum
703 1625 794 1686 Petri
811 1623 845 1686 et
865 1622 961 1685 Pauli
1015 1632 1129 1709 pantia
1160 1630 1282 1694 divinae
1312 1633 1447 1708 gloriae,
1477 1634 1599 1697 divinis
1636 1638 1808 1710 miraculis

167 1719 392 1797 apostolorum
421 1722 494 1797 ejus
522 1737 558 1782 sc
582 1721 713 1783 noverit
735 1721 960 1782 incursurum·
1017 1743 1202 1800 coruscare,
1223 1729 1341 1806 quibus
1361 1730 1403 1792 ad
1417 1733 1666 1795 venerationem
1684 1735 1732 1796 eis
1747 1735 1809 1798 de-

167 1817 288 1878 Datnm
325 1805 501 1893 Laterani,
522 1820 552 1880 ΙΙ
585 1833 690 1880 nonas
719 1819 848 1896 aprilis,
872 1833 962 1880 anno
1016 1825 1118 1886 bitem
1137 1826 1374 1900 exhibendam,
1398 1843 1576 1907 eorumque
1599 1830 1810 1909 imploranda

168 1914 319 1990 septimo.
840 1925 842 1930 ’
1016 1921 1188 1998 suiihagia,
1214 1925 1331 1986 merito
1354 1925 1544 1987 invitemur.
1569 1927 1662 1989 Unde
1680 1929 1808 2004 gaude-

1017 2036 1089 2080 mus
1108 2020 1143 2080 in
1158 2023 1308 2094 Domino,
1321 2022 1354 2084 et
1366 2023 1402 2082 in
1415 2025 1487 2099 ejus
1502 2023 1656 2086 laudibus
1669 2025 1810 2094 delecta·

1016 2133 1110 2192 mur;
1136 2119 1221 2195 quod
1247 2118 1333 2181 sicut
1351 2120 1553 2182 venerabilis
1569 2120 1672 2183 trater
1696 2123 1809 2188 noster

514 2231 616 2320 XCV
1017 2215 1297 2292 archiepiscopus,
1321 2217 1354 2278 et
1380 2217 1491 2280 dilecti
1513 2217 1574 2278 tilii
1603 2220 1758 2293 decanus,
1776 2222 1810 2284 et

1018 2312 1199 2388 capitulum
1213 2313 1407 2386 liberatem,
1431 2329 1492 2376 nec
1512 2331 1578 2376 non
1596 2317 1809 2395 quamplures

168 2402 428 2476 Adeptscopum
445 2403 640 2474 Elimeia,
659 2401 692 2462 ct
710 2399 963 2462 mnteaatteet
1017 2409 1233 2470 eeclesiarum
1257 2412 1387 2486 praelati
1409 2411 1448 2472 de
1474 2412 1624 2490 partibus
1647 2402 1715 2476 illis
1740 2415 1810 2476 suis

367 2500 408 2560 de
426 2499 592 2560 Fontibus
615 2498 763 2559 abbate&
1017 2506 1113 2568 nobis
1128 2507 1248 2568 litteris
1263 2507 1388 2584 pluries
1402 2509 1611 2582 intimarunt,
1626 2511 1733 2573 felicis
1752 2528 1811 2574 re-

451 2627 580 2698 dapsilis
600 2625 680 2684 liis.
1019 2603 1220 2665 'cordationis
1256 2605 1456 2666 wilhelmus
1491 2608 1656 2683 quondam
1686 2610 1813 2672 Ebora-

273 2749 350 2815 [null.
364 2750 448 2808 hom,
462 2748 523 2799 edit.
541 2749 627 2807 Tam,
640 2749 682 2808 111,
697 2717 753 2807 3302
766 2762 792 2798 n.
805 2747 857 2814 ω’]
1018 2701 1128 2763 censis
1156 2701 1427 2779 archiepiscopus
1454 2703 1547 2765 tanta
1573 2705 1689 2766 vivens
1718 2706 1812 2770 fulsit

658 2863 661 2870 ,
1018 2799 1126 2874 gratia
1155 2799 1359 2870 meritorum,
1386 2799 1472 2876 quod
1496 2801 1570 2876 post
1592 2801 1721 2864 felicem
1738 2808 1811 2882 ejus

171 2873 340 2932 Commissio
358 2873 548 2944 inquisitionis
568 2886 653 2944 super
672 2871 741 2941 vita,
766 2877 794 2928 et
820 2871 964 2928 miraculis
1019 2895 1159 2966 obitum,
1192 2895 1233 2955 ad
1267 2896 1503 2957 ostendendam
1538 2899 1643 2975 ipsius
1671 2900 1813 2976 gloriam

276 2961 421 3022 Wi¹¹¹⁴³¹¹¹¹³
437 2960 643 3033 ³⁸⁰¹¹l⁰i³⁵⁰⁰¹³¹
658 2961 857 3018 ¹³¹³⁰i⁰⁰³¹¹⁸³b
1020 2993 1204 3054 sanctitatis
1233 2993 1393 3054 pominus
1425 2995 1465 3054 aa
1500 2994 1711 3071 sepulturum
1739 3000 1813 3075 ejus

211 3097 378 3158 Honorius
388 3096 573 3172 episcopus,
584 3110 700 3157 servus
711 3111 883 3157 servorum
892 3096 963 3167 Dei,
1020 3090 1133 3162 multa,
1151 3091 1184 3152 ot
1197 3106 1317 3166 magna
1331 3091 1492 3152 miracula
1505 3094 1673 3170 operatur.
1689 3095 1813 3158 Verum

171 3193 356 3256 venerabili
370 3179 466 3254 tratri
481 3193 635 3270 episcopo
646 3193 782 3269 Dlyensi
792 3193 825 3254 et
835 3192 965 3254 dilectis
1020 3188 1100 3249 licet
1113 3186 1296 3264 opportune
1310 3189 1497 3265 importune
1513 3189 1607 3251 nobis
1620 3190 1699 3252 totis
1714 3191 1813 3253 affec·

172 3291 251 3352 illlis
276 3291 316 3352 de
332 3289 490 3351 Fontibus
513 3289 601 3350 etde
621 3289 773 3351 Rievalle
792 3288 965 3350 abbatibus
1020 3284 1107 3346 tibus
1123 3285 1363 3361 supplicarunt,
1380 3287 1416 3347 ut
1440 3302 1515 3347 cum
1537 3287 1675 3349 lucerna
1690 3305 1756 3350 non
1771 3289 1816 3352 sit

173 3387 402 3450 Cisterciensis
410 3385 548 3458 ordinis,
566 3385 786 3448 Eboracensis
799 3385 963 3459 dioecesis,
1020 3382 1172 3459 ponenda
1187 3381 1378 3456 submodio,
1395 3383 1451 3445 sed
1463 3399 1564 3461 super
1577 3385 1815 3448 candelabrum

171 3484 312 3546 salutem
327 3484 361 3545 et
373 3483 597 3560 apostolicam
619 3482 896 3545 benedictionem.
1021 3477 1205 3552 statuenda,
1223 3493 1309 3551 eum,
1327 3496 1424 3557 quem
1438 3482 1597 3542 Dominus
1619 3483 1761 3546 honorat
1779 3484 1815 3546 in

213 3580 341 3641 Divinae
366 3579 570 3656 dispensatio
596 3579 747 3655 pietatis,
776 3595 850 3656 quae
878 3595 966 3640 nunc
1020 3575 1170 3638 Ecclesia
1181 3577 1409 3654 triumphanti,
1422 3593 1482 3638 nos
1493 3579 1527 3638 in
1538 3579 1695 3641 militanti
1706 3582 1817 3642 Eccle-

172 3677 374 3739 terribilium
385 3691 522 3736 suorum
535 3676 675 3738 virtutes
687 3676 967 3753 ostendensquasi
1022 3671 1071 3731 sia
1085 3670 1285 3741 sanctorum,
1302 3670 1453 3746 catalogo
1468 3671 1659 3734 adscribere
1676 3673 1816 3736 debere-
1946 3737 1949 3742 ,

174 3773 370 3852 quibusdam
398 3773 518 3845 minis,
552 3773 586 3834 et
612 3772 895 3849 increpationibus
924 3772 966 3833 ad
1021 3783 1107 3839 mus,
1122 3783 1183 3828 nos
1204 3767 1325 3839 tamen,
1343 3767 1479 3845 provide
1494 3769 1710 3841 attendentes,
1728 3771 1813 3847 quod

174 3869 401 3948 poenitentiam
423 3869 567 3940 conterit
586 3871 788 3944 peccatores,
803 3885 891 3930 nnnc
906 3884 969 3930 au·
1021 3865 1057 3926 in
1069 3867 1137 3927 tam
1151 3865 1264 3925 saneto
1279 3865 1410 3939 negotio
1424 3880 1490 3925 non
1503 3867 1563 3936 est,
1574 3866 1639 3926 nisi
1652 3883 1727 3926 cum
1742 3881 1816 3928 ma-

172 3969 240 4029 tem
263 3981 332 4028 suae
355 3965 530 4026 suavitatis
545 3965 782 4027 abundantiam
805 3964 967 4026 exhibens
1022 3963 1157 4025 turitate
1170 3961 1312 4038 plurima
1327 3960 1582 4039 procedendum,
1597 3962 1639 4024 ad
1654 3966 1815 4040 majorem
1932 3973 1934 3978 '

174 4066 332 4142 tanquam
354 4061 536 4135 blanditiis,
562 4064 595 4125 et
609 4062 781 4140 promissis
802 4059 969 4140 quoslibet
1023 4059 1224 4124 evidentiam
1249 4058 1400 4142 veritatis
1419 4057 1614 4121 discretioni
1634 4062 1755 4124 vestrae
1774 4063 1816 4126 de

175 4162 217 4224 ad
243 4159 366 4221 Christi
393 4158 498 4220 allicit
518 4160 703 4230 caritatem,
726 4159 897 4236 quac'totis
918 4159 969 4220 est
1023 4174 1088 4236 qua
1098 4158 1230 4235 plenam
1242 4155 1278 4217 in
1294 4156 1433 4217 Domino
1449 4156 1603 4218 fiduciam
1615 4158 1812 4247 obtinemus,

175 4257 348 4320 effectibus
376 4271 396 4317 a
422 4255 552 4316 cunctis
584 4254 737 4316 fidelibus
765 4256 965 4318 veneranda.
1023 4254 1281 4333 parapostohca
1298 4253 1420 4330 scripta
1431 4253 1638 4338 mandamus,
1653 4261 1816 4332 quatenus

175 4358 292 4432 Nuper
319 4367 462 4430 namque
487 4353 523 4412 in
542 4352 693 4430 pluribus
707 4353 791 4415 locis
810 4353 968 4415 Dominus
1023 4351 1182 4415 habentes
1206 4366 1276 4428 prae
1298 4351 1404 4411 oculis
1419 4347 1527 4412 solum
1542 4355 1655 4426 Deum,
1673 4355 1730 4431 qui
1749 4371 1816 4418 non

176 4455 301 4516 terram
325 4451 482 4526 tangens,
508 4449 541 4512 et
572 4448 699 4511 iaciens
728 4465 801 4511 eam
827 4452 969 4512 tremere
1023 4451 1150 4526 indiget
1178 4447 1360 4508 mendaciis
1389 4447 1543 4526 alicujus,
1569 4450 1637 4510 tam
1665 4450 1704 4512 de
1733 4451 1813 4526 vita,

176 4549 299 4612 multos
313 4547 497 4612 conterruit
510 4546 552 4609 ad
568 4547 719 4619 salutem,
732 4547 765 4608 et
778 4549 814 4608 in
829 4547 969 4610 diversis
1024 4563 1122 4626 quam
1144 4545 1184 4606 de
1203 4544 1374 4606 miraculis
1389 4546 1495 4606 sancti
1512 4545 1662 4622 praedicti
1681 4550 1817 4625 perqui-

177 4645 327 4725 partibus
356 4660 442 4706 nova
465 4644 628 4706 miracula
655 4643 831 4716 suscitans,
857 4645 969 4706 multis
1024 4645 1135 4706 rentes
1160 4642 1301 4704 sollicite
1319 4642 1504 4713 veritatem,
1528 4659 1601 4719 quae
1619 4641 1816 4706 inveneritis

178 4743 297 4805 salutis
322 4742 445 4818 gaudia
469 4741 599 4804 coelitus
624 4740 797 4816 irrogavit.
821 4744 863 4804 Ut
881 4741 970 4804 enim
1024 4757 1086 4819 per
1108 4743 1237 4802 vestras
1260 4738 1356 4798 nobis
1373 4740 1502 4800 litteras
1526 4739 1698 4812 intimetis,
1723 4742 1758 4801 nt
1772 4756 1816 4803 ex

179 4841 276 4903 tidem
302 4839 459 4901 Ecclesiae
481 4854 549 4900 suae
573 4838 707 4901 roboret
728 4840 761 4901 et
786 4839 968 4912 confirmet,
1024 4839 1138 4902 vestra
1161 4836 1325 4899 relatione
1344 4834 1547 4896 sufficienter
1567 4835 1720 4897 instructi
1736 4851 1816 4912 pro-

179 4953 270 5016 spem
286 4936 394 5012 erigat
408 4935 441 4997 et
461 4935 594 5006 exaltet,
615 4936 787 4998 caritatem
803 4935 973 4998 continuet
1026 4937 1180 4999 cedamus
1209 4933 1340 5004 exinde,
1371 4933 1468 5008 prout
1500 4933 1680 4993 secundum
1712 4933 1815 4996 Deum

179 5036 213 5098 ot
227 5033 397 5104 accendat,
410 5031 447 5095 ut
460 5031 608 5094 maletot
621 5031 819 5108 pravitatem
831 5033 970 5094 haereti·-
1025 5031 1207 5096 viderimus
1219 5029 1472 5107 procedendum.
1485 5027 1577 5099 Quod
1588 5028 1617 5088 si
1627 5043 1816 5092 nonomnes

179 5145 264 5204 eam,
295 5129 437 5208 perfidos
452 5128 492 5190 ad
506 5127 596 5190 viam
612 5129 751 5192 advocet
760 5130 924 5201 veritatis,
940 5130 973 5191 et
1026 5131 1060 5192 in
1089 5127 1308 5206 exsequendis
1337 5126 1510 5203 potueritis
1542 5125 1724 5200 interesse,
1752 5128 1818 5190 duo

179 5229 221 5292 ad
240 5227 469 5306 poenitentiam
480 5211 616 5288 revoc‘et
629 5227 833 5302 peccatores,
850 5227 971 5288 minn-
1025 5227 1172 5290 vestrum
1196 5239 1237 5286 ea
1264 5223 1481 5285 nihilominus
1499 5223 1734 5300 exsequantur.
1750 5226 1818 5287 Da-

179 5326 234 5389 cat
247 5325 379 5388 sanctos
399 5339 488 5391 suos,
513 5323 570 5400 qui
589 5323 735 5399 legitime
750 5323 916 5387 certantes
936 5323 972 5385 in
1025 5327 1096 5388 tum
1119 5321 1286 5394 Laterani,
1314 5320 1413 5382 nonis
1439 5319 1572 5397 aprilis,
1591 5317 1817 5397 'pontificatus

180 5422 245 5485 hac
259 5420 408 5484 Ecclesia
422 5420 580 5483 militanti
595 5420 636 5482 ad
649 5420 819 5484 coelestam
829 5421 972 5499 patriam
1027 5420 1133 5485 nostri
1146 5433 1234 5484 anno
1244 5417 1394 5496 septimo.
