4274 6388
162 269 224 330 237

202 443 221 488 c
237 424 411 489 Universis
430 423 555 490 sanctae
569 423 686 490 matris
706 427 863 492 Ecclesiae
879 429 958 490 liliis

162 522 205 586 ad
220 541 301 602 quos
320 540 470 604 praesens
488 525 647 602 scriptum
665 527 867 602 pervenerit,
885 527 960 590 Ste-

161 621 293 698 phanus
320 621 540 699 permissione
564 621 676 683 divina
706 623 958 686 cantuariensis

162 717 445 796 archiepiscopus,
474 718 574 780 totius
602 719 731 796 Angliae
764 721 889 796 primas
924 722 958 783 et

161 815 285 877 sanctae
299 817 456 877 Romanae
469 815 626 876 Ecclesiae
642 816 834 889 cardinalis,
852 819 955 880 acter-

161 911 290 974 namin
304 911 442 973 Domino
454 912 605 974 salutem.
624 916 707 975 Ante
719 914 829 976 cordis
842 915 958 977 oculos

163 1009 349 1072 statuentes
372 1009 616 1071 inaestimabilis
640 1009 844 1072 affluentiam
869 1013 958 1074 cari-

160 1107 251 1180 tatis
272 1121 336 1183 qua
352 1105 590 1169 monasterium
608 1107 862 1170 pontiniacense
874 1108 957 1171 bea-

158 1203 329 1266 tissimum
362 1205 542 1282 martyrem
574 1205 734 1267 Thomam
767 1207 955 1284 praedeces-

161 1316 270 1364 sorem
296 1303 447 1364 nostrum
474 1301 510 1363 in
536 1302 638 1364 exilio
663 1303 875 1366 constitutum
899 1303 958 1366 be-

159 1400 262 1475 nigne
296 1398 433 1476 recepit,
470 1399 503 1461 et
535 1399 565 1461 ei
594 1399 685 1476 pium
716 1401 956 1478 compassionis

160 1495 316 1559 solatium
330 1495 538 1558 abundanter
560 1496 722 1575 impendit
740 1518 747 1558 :
768 1514 899 1560 necnon
914 1497 955 1560 ad

160 1593 354 1652 memoriam
377 1596 571 1655 revocantes
598 1591 755 1671 obsequia
776 1594 909 1671 pietatis
936 1609 955 1654 a

159 1689 363 1750 monasterio
388 1689 577 1766 supradicto
604 1689 700 1751 nobis
724 1687 955 1752 exsulantibus

159 1784 314 1848 hilariter
332 1787 365 1848 et
379 1785 554 1848 affluenter
572 1787 735 1864 impensa,
756 1788 875 1850 merito
896 1803 955 1848 nos

158 1883 201 1944 ad
216 1883 249 1944 id
264 1883 406 1946 fatemur
418 1883 605 1955 adstrictos,
618 1885 654 1946 ut
664 1884 822 1946 iratribus
833 1883 954 1946 ibidem

157 1978 459 2042 Deoservientibus
469 1981 560 2042 vices
570 1981 753 2058 rependere
764 1981 955 2043 studeamus

158 2076 194 2138 in
221 2075 380 2153 obsequio
407 2077 569 2140 caritatis.
596 2078 758 2140 Volumus
780 2078 885 2154 igitur
913 2079 954 2140 ad

157 2174 387 2236 universitatis
398 2177 517 2236 vestrae
528 2173 682 2238 notitiam
693 2177 879 2252 pervenire,
894 2193 955 2238 nos

157 2271 200 2332 00
219 2287 383 2334 consensu
402 2271 524 2348 prioris
546 2273 579 2334 et
599 2274 783 2336 conventus
802 2273 954 2336 ecclesiae

158 2369 281 2430 Christi
287 2369 549 2440 cantuariensis,
558 2369 644 2432 dicto
659 2371 861 2432 monasterio
870 2374 955 2434 Pon·

156 2465 335 2528 tiniacensi
347 2482 386 2528 ac
400 2463 448 2545 [in
461 2464 512 2546 eo]
527 2465 610 2528 viris
623 2466 790 2543 religiosis
801 2471 868 2530 Deo
882 2485 954 2530 ser-

156 2563 336 2634 vientibus,
352 2563 474 2625 intuitu
490 2564 549 2625 Dei
563 2565 768 2626 concessisse
782 2566 908 2642 pariter
921 2568 955 2628 et

156 2660 287 2722 dedisse
302 2660 343 2723 de
357 2660 500 2724 ecclesia
514 2663 690 2736 Rumenal,
706 2664 842 2726 nomine
855 2662 954 2725 bone·

157 2758 237 2831 ficii,
255 2758 496 2837 quinquaginta
515 2775 645 2822 marcas
665 2776 794 2823 annuas
817 2759 954 2824 sterlin-

157 2873 275 2933 gorum
287 2855 449 2918 bonorum
465 2857 497 2918 et
513 2856 670 2933 legalium
685 2873 705 2918 a
721 2858 869 2936 quolibet
883 2874 954 2919 rec·

156 2957 229 3016 tore
256 2954 293 3016 in
319 2953 435 3017 eadem
466 2954 609 3015 ecclesia
643 2955 830 3017 successive
853 2955 952 3017 iusti-

156 3052 290 3124 tuendo,
316 3051 377 3114 sub
404 3067 502 3128 poena
523 3051 679 3112 beneficii
700 3052 764 3124 sui,
792 3054 952 3130 perpetuo

156 3150 230 3211 sine
245 3148 439 3211 difficultate
454 3149 685 3226 percipiendas
699 3149 735 3210 in
749 3149 877 3211 duobus
889 3151 953 3212 ter·

156 3247 268 3321 minis,
290 3246 447 3309 videlicet
465 3245 507 3306 ad
526 3245 646 3308 Natale
669 3247 800 3308 Domini
815 3247 952 3321 triginta

155 3360 298 3418 marcae,
315 3345 347 3407 et
366 3343 407 3404 ad
427 3342 547 3406 festum
563 3345 597 3406 S.
613 3344 775 3406 lobannis
793 3344 952 3420 Baptistae

155 3442 276 3518 viginti
287 3457 429 3504 marcas.
443 3443 492 3502 lta
504 3441 603 3518 plane
617 3441 702 3519 quod
716 3441 745 3502 si
757 3442 830 3518 ipse
841 3443 951 3504 rector

154 3540 191 3600 in
205 3539 354 3616 praelatis
377 3539 530 3602 terminis
554 3554 575 3600 a
595 3539 762 3602 solutione
786 3539 951 3602 dictarum

156 3653 345 3701 marcarum
364 3637 557 3708 cessaverit,
573 3636 606 3698 et
626 3637 714 3698 inira
730 3637 950 3714 quadraginta

157 3736 227 3797 dies
243 3736 317 3813 post
332 3735 472 3796 statutos
486 3734 659 3806 terminos,
676 3734 716 3795 de
735 3735 866 3797 damnis
885 3751 950 3812 pa·

155 3833 239 3896 riter
260 3834 293 3894 et
317 3832 473 3910 expensis
498 3847 581 3908 quas
605 3831 684 3894 dicti
707 3831 828 3894 tratres
852 3847 951 3894 occa-

156 3930 250 3994 sione
282 3945 349 3992 non
382 3928 478 3990 sactae
515 3927 692 3990 solutionis
726 3929 948 4004 incurrerint,

157 4043 223 4089 una
260 4041 335 4088 cum
366 4025 533 4088 solutione
569 4025 680 4088 debita
710 4027 950 4104 quinquaginta

155 4139 345 4187 marcarum
360 4139 428 4184 nou
443 4121 652 4184 satisfaceret
670 4122 807 4196 eisdem,
829 4123 950 4186 dictam

153 4236 287 4298 poenam
310 4220 472 4282 incurrat.
493 4219 542 4279 Ad
562 4221 722 4296 majorem
743 4220 844 4283 etiam
862 4237 952 4299 prae·
982 4289 989 4314 ι,

154 4319 216 4382 sati
234 4317 428 4381 monasterii
449 4315 673 4391 securitatem,
689 4318 791 4380 simul
811 4317 852 4381 00
866 4335 950 4382 000-

155 4431 255 4478 sensu
269 4415 392 4494 prioris
406 4416 440 4479 et
454 4416 638 4476 conventus
660 4414 811 4476 ecclesiae
827 4416 950 4480 christi

155 4513 407 4575 cantuariensis
429 4512 634 4590 providimus
651 4514 685 4573 et
701 4513 889 4586 statuimus,
915 4515 951 4576 ut

155 4609 298 4689 quilibet
316 4611 426 4672 rector
437 4610 473 4670 in
488 4609 630 4672 ecclesia
643 4609 684 4670 de
696 4611 860 4671 Rumenal
874 4627 950 4674 suo-

154 4708 282 4776 cessive
305 4706 541 4779 instituendus,
577 4707 614 4769 in
641 4722 704 4769 sua
725 4707 948 4780 institutione,

153 4807 208 4868 vel
222 4808 349 4884 postea,
367 4821 470 4882 quum
483 4804 663 4882 requisitus
678 4804 780 4867 luerit
800 4820 819 4867 a
833 4821 950 4882 procu·

152 4906 264 4969 ratore
276 4902 536 4979 Pontiniacensi,
549 4903 851 4988 solemniterjuret,
863 4903 949 4980 quod

153 5002 260 5066 dictas
281 4986 412 5064 marcas
433 5001 470 5062 in
493 5000 646 5064 terminis
668 5001 799 5062 statutis
823 5015 949 5078 procu-

153 5099 259 5162 ratori
290 5097 541 5160 Pontiniacensi
576 5098 751 5159 annuatim
785 5098 951 5175 persolvet

154 5197 216 5258 sub
231 5212 330 5274 poena
343 5211 502 5273 expressa
517 5196 683 5272 superius.
704 5198 746 5258 Ut
764 5196 867 5272 igitur
879 5196 951 5260 haec

153 5296 268 5358 nostra
283 5294 449 5357 ordinatio
468 5294 662 5370 perpetuam
682 5293 831 5356 obtineat
846 5294 952 5356 firmi-

153 5394 267 5465 tatem,
295 5407 369 5455 eam
393 5391 551 5470 praesenti
575 5391 699 5469 scripto
719 5391 821 5467 sigilli
844 5393 950 5456 nostri

153 5489 363 5568 appositione
385 5487 513 5550 munito
533 5486 690 5550 duximus
713 5488 948 5570 roborandam.

153 5589 271 5652 Actum
287 5602 376 5650 anno
390 5586 508 5663 gratiae
522 5587 707 5651 lttchXll.
724 5603 742 5647 s

775 269 1004 334 srrsronrm
1026 271 1106 332 nra.
1128 240 1209 335 vul

1747 275 1809 336 238

1054 431 1146 494 Nulli
1160 447 1241 510 ergo
1257 434 1393 496 omnino
1404 430 1579 498 bominum
1598 433 1699 498 liceat
1717 435 1807 496 banc

1014 531 1171 607 paginam
1190 532 1312 594 nostrae
1330 532 1591 596 confirmationis
1608 532 1806 609 intringere,

1013 627 1065 690 vel
1090 628 1121 689 ei
1146 644 1230 690 ausu
1253 629 1430 691 temerario
1457 631 1636 692 contraire.
1667 630 1702 691 Si
1733 630 1807 709 quis

1014 726 1122 788 autem
1145 725 1208 787 hoc
1231 721 1396 788 attentare
1412 727 1671 804 presumpserit,
1695 726 1807 804 indig-

1013 821 1180 885 nationem
1216 823 1451 902 omnipotentis
1478 823 1545 888 ‚Dei
1575 824 1607 887 et
1632 824 1805 887 beatorum

1013 921 1103 983 Petri
1117 921 1150 982 et
1168 921 1265 981 Pauli
1281 921 1507 997 apostolorum
1522 923 1595 998 ojus
1614 936 1650 982 se
1674 921 1806 984 noverit

1012 1017 1234 1084 incursurum.
1251 1018 1370 1079 Datum
1384 1018 1550 1090 Laterani,
1568 1020 1614 1079 111
1627 1033 1734 1078 nonas
1748 1033 1806 1078 no·

1011 1113 1168 1186 vembris,
1186 1115 1397 1192 pontificatus
1413 1114 1518 1178 nostrl
1540 1131 1629 1176 anno
1651 1113 1802 1192 septimo.

1363 1407 1455 1494 XVI

1050 1557 1103 1617 Ad
1119 1557 1330 1632 stapionem
1343 1558 1497 1620 cebetem
1512 1557 1548 1620 et
1559 1529 1765 1620 conparatum

1290 1658 1524 1716 cassinenses.

1275 1785 1292 1842 3
1306 1784 1439 1840 novemb.
1455 1785 1532 1842 tata.

1135 1906 1258 1972 [Gattule.
1270 1905 1334 1958 ilist.
1346 1905 1432 1957 abbat.
1444 1907 1551 1966 Cassio„
1563 1907 1595 1966 ll,
1607 1905 1676 1972 000]

1053 2032 1102 2090 Eis
1116 2031 1188 2090 3000
1201 2031 1350 2088 obulorum
1364 2045 1515 2090 aureorum
1528 2045 1563 2088 ac
1576 2031 1629 2090 000
1644 2031 1758 2090 0000000

1342 2120 1469 2178 remittit.

1048 2237 1218 2300 Honorius
1226 2236 1413 2314 episcopus,
1424 2251 1540 2298 servus
1551 2237 1800 2310 servorumDel,

1009 2334 1139 2397 dilectis
1161 2333 1278 2395 tiliis...
1301 2333 1413 2396 abbati
1435 2335 1468 2395 et
1490 2335 1667 2396 conventui
1692 2335 1804 2396 cassi-

1008 2434 1116 2506 nensi,
1151 2431 1293 2494 salutem
1329 2431 1362 2493 et
1393 2431 1617 2507 apostolicam
1644 2431 1803 2493 benedic-

1007 2531 1143 2592 tionem.

1049 2628 1084 2688 Si
1100 2627 1202 2689 sedes
1215 2625 1405 2704 apostolica
1418 2626 1472 2704 pia
1489 2627 1596 2689 mater
1614 2625 1656 2687 ad
1670 2624 1802 2702 ignotos

1008 2725 1176 2786 interdum
1189 2724 1291 2786 ubera
1307 2725 1456 2786 caritatis
1469 2723 1627 2796 extendit,
1645 2723 1706 2785 bos
1721 2737 1803 2785 con-

1008 2821 1101 2884 venit
1126 2822 1237 2898 potius
1262 2821 1315 2882 his
1346 2821 1487 2890 nutrire,
1515 2836 1656 2898 qnorum
1680 2820 1801 2896 religio

1008 2919 1123 2980 sancta
1138 2919 1198 2990 est,
1215 2919 1248 2980 et
1262 2919 1304 2980 00
1317 2918 1464 2994 regulari
1479 2917 1691 2980 observantia
1706 2917 1808 2978 nobis

1007 3016 1146 3077 constat.
1167 3019 1217 3076 Ex
1231 3014 1406 3076 devotione
1420 3015 1534 3090 igitur,
1551 3029 1652 3091 quam
1669 3013 1713 3074 ad
1729 3029 1807 3074 mo·

1007 3112 1190 3174 nasterium
1216 3112 1413 3173 cassinense
1437 3112 1598 3173 hactenus
1622 3110 1810 3172 babuimus·

1007 3209 1040 3270 et
1050 3207 1220 3282 habemus,
1230 3209 1295 3270 tria
1308 3208 1413 3270 millia
1423 3207 1597 3270 obulorum
1608 3223 1809 3280 aureorum,

1006 3305 1062 3383 qui
1078 3322 1219 3368 camerae
1240 3308 1363 3368 nostrae
1386 3321 1407 3367 a
1426 3307 1575 3383 ternpore
1597 3303 1705 3366 ielicis
1724 3320 1799 3367 me-

1006 3405 1121 3464 moriae
1137 3402 1323 3465 lnnocentii
1339 3419 1432 3480 papae
1452 3401 1707 3480 praedecessoris
1720 3417 1803 3464 nos-

1005 3500 1049 3562 tri
1065 3516 1084 3560 a
1101 3500 1306 3563 monasterio
1324 3499 1462 3578 praetem
1481 3499 1654 3571 debentur,-
1668 3515 1709 3561 ac
1723 3512 1804 3560 sex-

1006 3599 1120 3659 centos
1132 3597 1278 3670 fiscatos,
1290 3612 1372 3675 quos
1383 3597 1460 3657 dum
1470 3595 1505 3657 in
1519 3597 1639 3657 minori
1652 3611 1801 3657 essemus

1006 3694 1115 3756 cilicio
1129 3695 1311 3767 constituti,
1327 3709 1347 3755 a
1367 3693 1463 3755 nobis
1478 3694 1591 3756 mutuo
1610 3692 1808 3770 recepistis,

1004 3791 1098 3854 vobis
1120 3791 1154 3853 et
1177 3791 1380 3854 monasterio
1401 3791 1513 3853 vestro
1536 3789 1734 3852 remittimus
1758 3789 1810 3852 00

1004 3889 1114 3966 gratia
1135 3888 1283 3966 speciali.
1300 3888 1420 3950 Datum
1434 3887 1602 3960 Laterani,
1625 3888 1670 3948 llI
1692 3901 1798 3948 nonas

1004 3983 1803 4063 novembrispontiflcatusnostriannosepttmm

1238 4240 1240 4251 ’
1343 4287 1457 4377 nvn

1004 4441 1057 4503 Ad
1082 4440 1266 4502 universos
1291 4439 1420 4502 cnrtstt
1444 4440 1561 4512 fideles
1586 4453 1652 4513 per
1678 4441 1800 4504 Veton-

1138 4538 1251 4598 ernam
1265 4538 1439 4598 dioecesim
1453 4537 1666 4600 constitutos.

1269 4667 1288 4724 e
1305 4665 1438 4724 novemb.
1456 4667 1535 4725 teat.

1158 4789 1309 4854 [Maurique
1323 4788 1390 4839 dnn.
1403 4788 1515 4848 Cisterc,
1527 4789 1568 4848 tv,
1584 4789 1652 4854 200]

1005 4909 1062 4966 Eos
1072 4911 1156 4980 rogat
1166 4911 1194 4962 et
1204 4904 1332 4962 bortatur
1343 4911 1374 4962 ut
1386 4905 1580 4978 eleemosynis
1594 4893 1808 4962 monasterium

1039 4994 1206 5052 monialium
1217 4992 1253 5050 00
1265 4995 1412 5052 comentio
1426 4999 1596 5060 sustentent,
1610 4991 1809 5066 omnibusque-

1039 5082 1095 5140 hoc
1118 5081 1287 5139 iacientibus
1311 5080 1520 5154 indulgentiam
1542 5079 1668 5154 quinque
1688 5079 1808 5140 dierum

1040 5169 1187 5244 elargitur.

1046 5299 1152 5369 Quum
1183 5294 1422 5357 monasterium
1452 5295 1646 5358 monialium
1675 5296 1715 5357 de
1739 5298 1808 5360 co-

1005 5394 1142 5464 mentio,
1180 5392 1413 5454 Cisterciensis
1447 5393 1587 5461 ordinis,
1614 5393 1803 5458 valentinae

1006 5491 1171 5562 dioecesis,
1189 5503 1295 5566 nuper
1311 5489 1413 5552 luerit
1427 5489 1610 5568 improviso
1625 5490 1728 5558 vicini
1744 5491 1810 5554 nu-

1008 5589 1107 5652 minis
1128 5587 1331 5650 incremento
1354 5587 1570 5660 destructum,
1590 5588 1638 5652 ita
1656 5587 1742 5666 quod
1762 5589 1807 5652 ad
