4258 6394
333 311 393 376 teo

628 479 828 567 LXXXIII

349 635 402 696 Ad
422 634 627 708 episcopum,
644 631 872 706 prepositum
891 630 925 694 ct
945 634 1103 708 potorem

458 729 493 790 S.
509 729 662 790 Firmino·
675 731 715 789 cic
729 728 991 804 Montcpcssoto.

591 859 626 916 23
638 857 768 916 decemb.
781 859 859 918 llis.

350 979 493 1046 [litmoires
504 980 535 1031 de
547 980 573 1030 le
581 980 677 1034 Socittt
688 981 830 1046 urchtolog.
842 980 874 1034 de
885 979 1053 1046 llontpellier,
1061 981 1093 1040 V,

630 1075 656 1126 p.
667 1061 722 1120 obt,
733 1075 759 1113 n.
768 1061 821 1125 ie]

329 1166 571 1239 compositionem
593 1173 651 1224 tarn
675 1181 761 1240 super
792 1167 914 1225 ecclesia
943 1168 1015 1224 intra
1042 1179 1124 1239 paro·

364 1253 460 1314 chiam
475 1257 503 1313 S.
519 1256 637 1313 Firmtni
658 1254 849 1314 construenda
865 1269 950 1328 mann
969 1269 1056 1328 super
1069 1269 1124 1313 ooe·

364 1344 485 1402 maleno
497 1343 597 1402 initam
612 1342 772 1402 coufirmat.

368 1459 536 1522 Honorius
545 1459 731 1537 episcopus,
741 1473 858 1521 servus
868 1473 1039 1522 servorum
1050 1459 1121 1532 Dei,

327 1556 513 1618 venerabili
530 1556 627 1618 fratri
650 1557 816 1634 episcopo,
833 1559 866 1621 et
891 1557 1021 1620 dilectis
1043 1557 1123 1618 tiliis

327 1653 505 1730 praeposito
513 1653 546 1715 et
559 1653 663 1730 priori
672 1654 930 1715 Sanctil'irmini
943 1655 983 1717 de
992 1655 1124 1716 Monte-

327 1749 471 1828 pessuto,
486 1749 735 1826 Magalonensis
753 1751 918 1818 dioecesis,
934 1751 1123 1813 salutemet

326 1847 551 1924 apostolicam
566 1846 842 1909 benedictionem.

368 1945 415 2005 Ea
429 1959 502 2020 puae
510 1943 637 2021 judicio
646 1945 699 2006 vel
713 1945 889 2006 concordia
899 1944 1124 2006 terminantur

328 2041 424 2102 firma
453 2040 574 2102 debent
599 2041 631 2103 et
658 2040 787 2103 illibata
813 2042 1004 2118 persistere,
1030 2040 1063 2103 et
1081 2057 1124 2102 ne

327 2137 363 2198 in
386 2137 542 2199 recidivae
566 2137 788 2200 contentionis
809 2139 999 2214 scrupulum
1028 2139 1121 2199 rela-

326 2232 459 2306 bantur,
476 2235 665 2310 Apostolico
685 2235 839 2297 convenit
858 2235 1013 2312 praesidio
1027 2249 1122 2296 com-

327 2331 464 2391 muniri.
482 2333 528 2392 Ea
541 2331 685 2408 propter,
715 2332 918 2394 venerabilis
932 2333 967 2392 in
991 2332 1122 2394 Christo

326 2425 432 2488 irater
442 2427 555 2488 noster
569 2428 735 2504 episcope,
752 2444 792 2490 ac
807 2429 917 2491 dilecti
933 2430 969 2490 in
983 2429 1122 2490 Domino

326 2523 388 2585 illii
401 2525 579 2601 praeposite
595 2540 635 2586 ac
648 2527 750 2602 prior,
762 2527 882 2588 vestris
893 2527 993 2604 justis
1005 2525 1127 2604 postu-

326 2621 508 2683 lationibus
518 2623 613 2698 grato
624 2625 859 2686 concurrentes
869 2639 1020 2696 assensu,
1033 2639 1119 2684 com·

324 2719 616 2796 positionemque
638 2719 727 2781 inter
748 2736 809 2782 vos
833 2737 877 2782 ex
899 2721 993 2798 parte
1008 2735 1075 2780 una
1089 2720 1123 2781 et

324 2816 470 2894 priorem
482 2819 515 2878 et
525 2816 645 2878 iratres
659 2817 787 2879 ordinis
799 2818 1060 2880 Praedicatorum
1078 2833 1121 2878 ex

325 2913 520 2986 alteratam
529 2930 630 2991 super
641 2915 782 2976 ecclesia
794 2916 982 2977 cumtribus
990 2915 1119 2977 tantum
1242 2926 1248 2936 ·

310 3021 312 3026 ·
326 3011 486 3072 altaribus
496 3012 585 3073 intra
598 3011 791 3088 parochiam
803 3013 917 3075 Sancti
926 3012 1066 3073 Firmini
1081 3011 1121 3072 de

326 3108 604 3184 Montepessuloa
621 3108 718 3169 dictis
730 3109 887 3171 iratribus
901 3108 1121 3170 construenda

325 3219 424 3280 quam
439 3219 539 3280 super
553 3204 742 3266 coemeterio
757 3205 799 3266 ad
823 3219 906 3281 opus
931 3204 1121 3267 eorumdem

325 3299 466 3361 fratrum
479 3302 512 3363 et
524 3316 760 3362 conversorum
769 3316 905 3363 suorum
915 3301 1046 3365 tanturn
1059 3301 1123 3362 ha·

277 3428 290 3439 κ
324 3395 443 3468 hendo,
469 3412 597 3459 necnon
624 3398 772 3458 manuali
798 3397 997 3470 obedientia,
1024 3399 1117 3461 salva

326 3493 378 3554 sui
391 3493 517 3554 ordinis
531 3493 741 3556 observantia
755 3495 915 3572 regulari,
928 3494 1001 3568 tibi,
1017 3494 1122 3557 frater

942 313 1121 376 Honesti
1142 315 1188 376 111
1208 315 1357 378 OPERA.

1475 483 1669 572 LXXXIV

1289 597 1651 712 Ac'aucuteptsccpum
1662 638 1855 700 Bituricae.

1436 765 1609 824 mdecemh.
1628 767 1706 826 itii.

1194 885 1311 952 magea,
1322 887 1366 938 hh.
1376 887 1441 946 VIII,
1453 889 1526 953 epist.
1541 889 1595 939 teo.
1607 889 1662 940 ldss.
1678 891 1714 942 La
1728 889 1805 941 Porta
1814 890 1849 942 du
1859 891 1953 956 lircil]

1177 1010 1293 1070 Mandat
1309 1018 1340 1070 ut
1360 1011 1395 1070 de
1418 1013 1587 1086 quibusdam
1606 1015 1736 1074 ecclesiis
1758 1031 1817 1074 sna
1837 1016 1972 1076 dioecesis

1212 1115 1300 1158 unum
1329 1101 1498 1160 canonicum
1525 1100 1561 1159 ad
1589 1102 1651 1175 ejus
1678 1103 1825 1162 servitium
1848 1120 1971 1164 evocare

1213 1189 1311 1262 possit.

1217 1315 1397 1388 Honorius,
1422 1315 1498 1388 etc,
1523 1315 1968 1394 archiepiscopoBituricen.

1218 1411 1378 1474 Precibus
1392 1411 1458 1474 tuis
1483 1412 1663 1489 benignum
1677 1415 1906 1492 impartientes
1915 1431 1967 1478 as·

1178 1509 1968 1588 sensum,auctoritatetibipraesentiumindulge·

1177 1623 1261 1678 mus,
1283 1609 1320 1668 ut
1339 1607 1379 1668 de
1402 1607 1545 1682 singulis
1560 1607 1712 1669 ecclesiis
1726 1609 1792 1670 tuae
1816 1608 1970 1670 dioecesis

1177 1703 1374 1766 habentibus
1394 1705 1567 1766 denarium
1592 1705 1827 1766 canonicorum
1852 1719 1971 1765 narme-

1177 1801 1323 1874 rum,sel
1337 1804 1508 1878 majorem,
1522 1801 1623 1864 liceat
1633 1801 1694 1863 tibi
1705 1818 1808 1862 unum
1818 1801 1860 1863 ad
1874 1804 1968 1864 tuum

1153 1887 1154 1890 ’
1177 1897 1347 1960 servitium
1370 1913 1522 1970 evocare,
1536 1899 1592 1976 qui
1608 1897 1846 1975 quamdiutuis
1866 1899 1969 1960 insis-

1176 1997 1249 2057 tant
1274 1995 1393 2058 ottlciis
1414 1995 1543 2071 integre
1560 1995 1686 2058 tructus
1712 1996 1970 2074 suarumperoi-

1177 2093 1270 2169 piant
1283 2091 1547 2169 praebendarum,
1559 2108 1626 2153 non
1637 2092 1790 2155 obstante
1801 2093 1969 2154 contraria

1178 2190 1426 2261 consuetudine,
1443 2189 1495 2250 vel
1513 2190 1635 2252 statuto
1648 2206 1854 2268 quacumque
1868 2190 1968 2250 tlrrni·

1176 2287 1244 2349 tate
1256 2287 1391 2348 vallato.
1412 2286 1505 2348 Nulli
1517 2303 1607 2364 ergo,
1624 2289 1699 2359 etc,
1713 2287 1800 2349 hauc
1811 2287 1968 2363 paginam

1177 2385 1299 2446 nostrae
1315 2385 1539 2446 concessionis
1553 2384 1748 2462 intringere,
1762 2386 1824 2446 etc.
1843 2385 1877 2444 Si
1894 2384 1969 2461 quis

1177 2483 1298 2553 autem,
1327 2481 1388 2543 etc.
1419 2482 1536 2545 Datum
1565 2482 1733 2556 Laterani,
1764 2484 1809 2542 IX
1831 2481 1965 2542 kalend.

1172 2578 1322 2656 januarii
1338 2594 1425 2640 anno
1437 2579 1563 2642 octavo.

1486 2919 1659 3007 LXXXV

1296 3073 1650 3146 Adorcbtcptsccpum
1661 3073 1845 3136 Narbonae.

1399 3185 1401 3190 ’
1435 3209 1613 3269 mueoemu.
1629 3211 1708 3270 rana.

1277 3341 1412 3406 [Vnissdte
1426 3343 1533 3420 ilistoipe
1545 3343 1579 3394 dc
1588 3345 1748 3408 Langucdoc,
1760 3359 1787 3410 p.
1798 3345 1866 3410 282]

1212 3467 1245 3524 Εἰ
1262 3467 1380 3524 mandat
1394 3473 1424 3525 ut
1438 3468 1466 3524 in
1481 3469 1686 3542 compositione
1703 3485 1768 3527 curn
1783 3471 1933 3528 Acontio

1323 3555 1465 3614 'tolosano
1472 3553 1520 3612 det
1530 3570 1646 3629 operam
1661 3555 1819 3616 oltlcacem.

248 5387 251 5396 ,
318 5336 463 5400 titlcatus
477 5335 582 5397 nostri
597 5348 687 5396 anno
703 5333 829 5396 octavo.

324 3590 491 3668 episcope,
506 3606 546 3652 ac
559 3593 691 3652 tuorum
711 3591 846 3654 cuilibet
873 3607 1118 3664 successorum,

325 3703 344 3750 a
360 3687 471 3764 priore
487 3689 543 3764 qui
557 3703 617 3765 pro
629 3689 777 3764 tempore
788 3689 980 3751 instituetur
994 3689 1121 3752 ibidem
1215 3681 1383 3744 Honorius
1392 3681 1577 3758 episcopus,
1589 3697 1704 3744 Serius
1714 3699 1883 3747 servorum
1893 3687 1967 3760 Dei,

326 3801 385 3862 pro
401 3800 436 3846 ee
451 3801 491 3847 ac
513 3786 583 3848 suis
604 3785 764 3848 fratribus
778 3785 976 3858 exhibenda,
991 3788 1025 3849 et
1038 3787 1119 3864 qui·
1151 3773 1152 3778 ’
1175 3777 1424 3855 archiepiscopo
1446 3777 1623 3851 Narbonae,
1640 3779 1780 3844 salutem
1802 3783 1836 3845 et
1861 3786 1970 3860 Apos-

322 3880 461 3944 busdam
474 3881 550 3943 aliis
565 3882 726 3955 articulis,
748 3883 914 3945 mediante
935 3883 1119 3946 venerabili
1174 3875 1308 3938 tolicam
1321 3873 1594 3937 benedictionem.

323 3978 429 4042 trahe
468 3981 582 4042 nostro
612 3981 789 4043 portuensi
831 3981 1002 4058 episcopo,
1041 3981 1120 4042 tuna
1214 3971 1411 4048 Recepimus
1438 3971 1567 4033 litteras
1589 3971 1710 4034 nobilis
1740 3973 1805 4036 viri
1837 3977 1889 4047 R,
1907 3975 1967 4038 dlii

322 4075 521 4152 apostolicae
536 4074 630 4136 Sedis
641 4075 763 4152 legato,
780 4075 999 4138 amicabiliter
1014 4076 1121 4138 inter·
1174 4069 1338 4146 diffindam
1358 4071 1397 4130 R·
1424 4069 1554 4131 comitis
1580 4071 1720 4140 T0108ae‚
1747 4072 1965 4146 continentes,

322 4171 424 4244 venit,
443 4173 540 4248 prout
553 4172 589 4233 iu
608 4171 713 4248 ipsius
728 4171 848 4235 litteris
861 4173 991 4250 plenius
1009 4173 1119 4235 conti-
1174 4167 1259 4245 quod
1273 4167 1323 4228 est
1338 4167 1503 4230 solemnes
1518 4167 1652 4230 nuntios
1665 4169 1706 4229 ad
1720 4171 1867 4248 nostram
1880 4187 1969 4248 prae-

324 4269 436 4341 netur,
467 4269 553 4330 sicut
577 4269 654 4340 rite,
694 4269 766 4330 sine
791 4269 954 4346 pravitate
982 4268 1121 4348 provide
1174 4262 1608 4338 sent1mtransmtssurus,
1634 4264 1782 4330 facturus
1808 4282 1868 4344 pro
1895 4268 1968 4344 ipso

322 4363 413 4427 sacta
426 4366 487 4436 est,
499 4365 532 4425 et
539 4364 580 4425 ab
594 4367 734 4442 utraque
744 4369 838 4442 parte
848 4368 964 4444 sponte
972 4367 1117 4444 recepta,
1174 4361 1295 4422 nostrae
1310 4359 1551 4437 beneplacitum
1567 4362 1759 4426 uoluntatis.
1770 4365 1876 4435 Quum
1885 4380 1964 4440 ergo

323 4459 521 4522 auctoritate
531 4460 721 4536 apostolica
736 4462 980 4536 confirmamus,
994 4465 1116 4539 etprae·
1174 4457 1213 4520 de
1228 4459 1272 4529 te,
1287 4458 1455 4546 tamquam
1469 4473 1588 4534 magno
1600 4461 1633 4520 et
1651 4457 1841 4522 honorabili
1852 4461 1968 4524 Eccle-

323 4555 427 4618 sentis
437 4557 553 4633 scripti
565 4558 750 4634 patrocinio
762 4560 1015 4624 communimus.
1026 4558 1121 4622 Nulli
1173 4553 1232 4614 siae
1245 4553 1304 4618 Dei
1320 4553 1480 4626 membro,
1494 4555 1641 4631 gerimus
1661 4555 1816 4618 fiduciam
1837 4559 1968 4634 specia-

324 4653 459 4716 omnino
475 4655 646 4716 hominum
661 4656 760 4719 liceat
770 4657 857 4720 hanc
867 4657 1025 4736 paginam
1040 4672 1120 4719 nos·
1173 4651 1250 4722 lem.
1261 4650 1450 4730 <tertiisque
1461 4667 1657 4728 i081101181¹ffl
1671 4669 1691 4713 fl
1705 4653 1750 4726 Ie,
1764 4653 1817 4716 cui
1828 4657 1899 4732 jam
1911 4655 1970 4716 du·

321 4752 382 4814 trm
398 4751 661 4814 confirmationis
680 4754 876 4831 intringere,
902 4754 955 4815 vel
977 4754 1009 4814 ei
1034 4767 1120 4814 ausu
1172 4748 1249 4809 dum
1265 4765 1365 4824 super
1384 4750 1446 4810 hoc
1467 4749 1648 4812 direximus
1667 4750 1806 4824 litteras,
1827 4768 1968 4830 exspec-

322 4851 501 4912 temerario
522 4851 700 4915 contraire.
717 4851 754 4912 Si
769 4851 844 4930 quis
859 4850 969 4914 autem
984 4849 1118 4912 hocat-
1172 4845 1290 4919 temus,
1331 4845 1573 4909 fraternitatem
1599 4847 1690 4910 tuam
1724 4849 1967 4912 sollicitandam

322 4949 452 5010 tentare
474 4949 733 5026 praesumpserit,
761 4947 1023 5023 indignationem
1042 4962 1116 5010 om·
1173 4942 1328 5005 duximus
1343 4943 1376 5006 et
1397 4943 1605 5018 hortandam,
1629 4961 1688 5022 per
1701 4946 1892 5022 Apostolica
1906 4947 1967 5009 tibi

321 5042 502 5122 nipotentis
516 5044 575 5105 Dei
590 5059 630 5105 ac
656 5043 828 5104 beatorum
855 5042 946 5102 Petri
961 5043 994 5102 et
1018 5041 1115 5104 Pauli
1173 5041 1297 5118 scripta
1326 5039 1544 5114 mandantes,
1574 5043 1748 5118 quatenus,
1786 5044 1966 5106 secundum

321 5142 550 5218 apostolorum
579 5144 652 5218 ejus
676 5155 712 5200 se
735 5139 866 5202 nouerit
891 5123 1114 5202 incursurum.
1173 5138 1283 5200 datum
1298 5135 1359 5200 tibi
1382 5153 1405 5211 ,a
1432 5139 1499 5202 Deo
1513 5139 1734 5216 prudentiam,
1752 5141 1809 5204 des
1833 5157 1968 5218 operam

318 5240 436 5302 Datum
452 5238 619 5308 Laterani,
636 5239 665 5296 X
680 5235 841 5297 kalendas
847 5237 1009 5314 januarii,
1027 5254 1115 5314 pon·
1172 5235 1353 5306 efficacem,
1370 5235 1407 5297 ut
1420 5235 1511 5297 terra
1538 5235 1585 5297 ita
1613 5239 1775 5314 purgetur
1787 5238 1965 5311 haereticis,

1172 5332 1263 5394 etita
1286 5331 1436 5393 ecclesiis
1452 5331 1509 5394 flat
1523 5332 1689 5394 restitutio
1713 5333 1910 5408 ablatorum,
1935 5339 1970 5398 et

1172 5445 1246 5491 cum
1263 5427 1366 5490 nobili
1381 5427 1454 5489 viro
1477 5432 1515 5489 Α.
1532 5430 1645 5491 comiti
1668 5432 1833 5494 Tolosano
1854 5434 1969 5496 taliter

1104 5583 1108 5592 .
1172 5527 1400 5604 componatur,
1419 5525 1505 5604 quod
1527 5525 1568 5588 nd
1596 5527 1780 5592 audiendos
1796 5533 1867 5610 jam
1887 5531 1968 5594 dicti

1173 5624 1296 5688 nobilis
1310 5623 1444 5686 nuntios
1469 5638 1568 5688 aures
1582 5625 1789 5703 Apostolicas
1803 5627 1968 5690 inclinare
