<?xml version="1.0" encoding="UTF-8"?>
<!DOCTYPE html PUBLIC "-//W3C//DTD XHTML 1.0 Transitional//EN"
    "http://www.w3.org/TR/xhtml1/DTD/xhtml1-transitional.dtd">
<html xmlns="http://www.w3.org/1999/xhtml" xml:lang="en" lang="en">
 <head>
  <title>
</title>
<meta http-equiv="Content-Type" content="text/html;charset=utf-8" />
  <meta name='ocr-system' content='tesseract 3.04.00' />
  <meta name='ocr-capabilities' content='ocr_page ocr_carea ocr_par ocr_line ocrx_word'/>
</head>
<body>
  <div class='ocr_page' id='page_1' title='image "./mediiaevibiblio00unkngoog_0413.png"; bbox 0 0 4262 6382; ppageno 0'>
   <div class='ocr_carea' id='block_1_1' title="bbox 150 290 211 352">
    <p class='ocr_par' dir='ltr' id='par_1_1' title="bbox 150 290 211 352">
     <span class='ocr_line' id='line_1_1' title="bbox 150 290 211 352; baseline 0.066 -4"><span class='ocrx_word' id='word_1_1' title='bbox 150 290 211 352; x_wconf 85' lang='lat'><strong>701</strong></span> 
     </span>
    </p>
   </div>
   <div class='ocr_carea' id='block_1_2' title="bbox 144 442 946 2066">
    <p class='ocr_par' dir='ltr' id='par_1_2' title="bbox 144 442 946 2066">
     <span class='ocr_line' id='line_1_2' title="bbox 150 442 944 524; baseline 0.005 -17"><span class='ocrx_word' id='word_1_2' title='bbox 150 461 258 507; x_wconf 83' lang='lat' dir='ltr'><strong>naara</strong></span> <span class='ocrx_word' id='word_1_3' title='bbox 268 445 438 520; x_wconf 88' lang='lat' dir='ltr'><strong>curarunt,</strong></span> <span class='ocrx_word' id='word_1_4' title='bbox 457 446 543 524; x_wconf 89' lang='lat' dir='ltr'><strong>quod</strong></span> <span class='ocrx_word' id='word_1_5' title='bbox 562 461 676 508; x_wconf 89' lang='lat' dir='ltr'><strong>eorum</strong></span> <span class='ocrx_word' id='word_1_6' title='bbox 691 442 810 510; x_wconf 84' lang='lat' dir='ltr'><strong>civitas</strong></span> <span class='ocrx_word' id='word_1_7' title='bbox 830 449 944 512; x_wconf 89' lang='lat' dir='ltr'><strong>multt-</strong></span> 
     </span>
     <span class='ocr_line' id='line_1_3' title="bbox 148 543 944 622; baseline 0.004 -18"><span class='ocrx_word' id='word_1_8' title='bbox 148 543 230 620; x_wconf 84' lang='lat' dir='ltr'><strong>plex</strong></span> <span class='ocrx_word' id='word_1_9' title='bbox 243 543 480 606; x_wconf 82' lang='lat' dir='ltr'><strong>detrimentum.</strong></span> <span class='ocrx_word' id='word_1_10' title='bbox 493 543 635 605; x_wconf 81' lang='lat' dir='ltr'>incurrit</span> <span class='ocrx_word' id='word_1_11' title='bbox 653 561 695 605; x_wconf 80' lang='lat' dir='ltr'><strong>ex</strong></span> <span class='ocrx_word' id='word_1_12' title='bbox 713 561 751 606; x_wconf 91' lang='lat' dir='ltr'><strong>eo</strong></span> <span class='ocrx_word' id='word_1_13' title='bbox 776 547 861 622; x_wconf 84' lang='lat' dir='ltr'><strong>quod</strong></span> <span class='ocrx_word' id='word_1_14' title='bbox 878 563 944 608; x_wconf 90' lang='lat' dir='ltr'><strong>una</strong></span> 
     </span>
     <span class='ocr_line' id='line_1_4' title="bbox 147 641 941 720; baseline 0.004 -19"><span class='ocrx_word' id='word_1_15' title='bbox 147 657 230 717; x_wconf 90' lang='lat' dir='ltr'><strong>pars</strong></span> <span class='ocrx_word' id='word_1_16' title='bbox 247 643 318 718; x_wconf 87' lang='lat' dir='ltr'><strong>ejus</strong></span> <span class='ocrx_word' id='word_1_17' title='bbox 333 643 383 702; x_wconf 92' lang='lat' dir='ltr'><strong>est</strong></span> <span class='ocrx_word' id='word_1_18' title='bbox 397 643 516 703; x_wconf 88' lang='lat' dir='ltr'><strong>vestrae</strong></span> <span class='ocrx_word' id='word_1_19' title='bbox 537 641 764 718; x_wconf 83' lang='lat' dir='ltr'><strong>jurisdictioni</strong></span> <span class='ocrx_word' id='word_1_20' title='bbox 784 643 941 720; x_wconf 89' lang='lat' dir='ltr'><strong>subjecta.</strong></span> 
     </span>
     <span class='ocr_line' id='line_1_5' title="bbox 149 736 943 816; baseline 0.003 -18"><span class='ocrx_word' id='word_1_21' title='bbox 149 739 246 799; x_wconf 82' lang='lat' dir='ltr'>Unde</span> <span class='ocrx_word' id='word_1_22' title='bbox 261 736 356 799; x_wconf 91' lang='lat' dir='ltr'><strong>nobis</strong></span> <span class='ocrx_word' id='word_1_23' title='bbox 369 738 539 800; x_wconf 88' lang='lat' dir='ltr'><strong>humiliter</strong></span> <span class='ocrx_word' id='word_1_24' title='bbox 555 738 794 816; x_wconf 69' lang='lat' dir='ltr'><strong>supplicatum,</strong></span> <span class='ocrx_word' id='word_1_25' title='bbox 813 742 848 802; x_wconf 89' lang='lat' dir='ltr'><strong>ut</strong></span> <span class='ocrx_word' id='word_1_26' title='bbox 869 757 943 802; x_wconf 91' lang='lat' dir='ltr'><strong>cum</strong></span> 
     </span>
     <span class='ocr_line' id='line_1_6' title="bbox 147 833 944 912; baseline 0.005 -18"><span class='ocrx_word' id='word_1_27' title='bbox 147 833 278 896; x_wconf 89' lang='lat' dir='ltr'><strong>utilitas</strong></span> <span class='ocrx_word' id='word_1_28' title='bbox 291 835 423 911; x_wconf 91' lang='lat' dir='ltr'><strong>publica</strong></span> <span class='ocrx_word' id='word_1_29' title='bbox 435 835 634 910; x_wconf 73' lang='lat' dir='ltr'><strong>gravitaret</strong></span> <span class='ocrx_word' id='word_1_30' title='bbox 648 837 838 912; x_wconf 87' lang='lat' dir='ltr'><strong>hujusmodi</strong></span> <span class='ocrx_word' id='word_1_31' title='bbox 857 837 944 898; x_wconf 92' lang='lat' dir='ltr'><strong>divi-</strong></span> 
     </span>
     <span class='ocr_line' id='line_1_7' title="bbox 148 931 944 1011; baseline 0.004 -20"><span class='ocrx_word' id='word_1_32' title='bbox 148 931 944 1011; x_wconf 80' lang='lat' dir='ltr'><strong>sicnelaedatur,etipstprojurisdtcttone,quam</strong></span> 
     </span>
     <span class='ocr_line' id='line_1_8' title="bbox 148 1028 942 1106; baseline 0.005 -18"><span class='ocrx_word' id='word_1_33' title='bbox 148 1028 306 1090; x_wconf 90' lang='lat' dir='ltr'><strong>obtinetis</strong></span> <span class='ocrx_word' id='word_1_34' title='bbox 324 1029 358 1088; x_wconf 90' lang='lat' dir='ltr'><strong>in</strong></span> <span class='ocrx_word' id='word_1_35' title='bbox 374 1029 467 1105; x_wconf 92' lang='lat' dir='ltr'><strong>parte</strong></span> <span class='ocrx_word' id='word_1_36' title='bbox 487 1029 644 1106; x_wconf 90' lang='lat' dir='ltr'><strong>praedicta</strong></span> <span class='ocrx_word' id='word_1_37' title='bbox 664 1030 757 1091; x_wconf 91' lang='lat' dir='ltr'><strong>vobis</strong></span> <span class='ocrx_word' id='word_1_38' title='bbox 773 1032 805 1091; x_wconf 90' lang='lat' dir='ltr'><strong>et</strong></span> <span class='ocrx_word' id='word_1_39' title='bbox 825 1032 942 1093; x_wconf 88' lang='lat' dir='ltr'><strong>Eccle-</strong></span> 
     </span>
     <span class='ocr_line' id='line_1_9' title="bbox 147 1125 944 1203; baseline 0.006 -19"><span class='ocrx_word' id='word_1_40' title='bbox 147 1125 210 1186; x_wconf 88' lang='lat' dir='ltr'><strong>siae</strong></span> <span class='ocrx_word' id='word_1_41' title='bbox 225 1125 344 1186; x_wconf 87' lang='lat' dir='ltr'><strong>vestrae</strong></span> <span class='ocrx_word' id='word_1_42' title='bbox 377 1125 482 1185; x_wconf 91' lang='lat' dir='ltr'><strong>velint</strong></span> <span class='ocrx_word' id='word_1_43' title='bbox 498 1127 841 1203; x_wconf 77' lang='lat' dir='ltr'><strong>recompensationem</strong></span> <span class='ocrx_word' id='word_1_44' title='bbox 863 1143 944 1189; x_wconf 92' lang='lat' dir='ltr'><strong>con-</strong></span> 
     </span>
     <span class='ocr_line' id='line_1_10' title="bbox 145 1221 943 1300; baseline 0.004 -18"><span class='ocrx_word' id='word_1_45' title='bbox 145 1237 266 1298; x_wconf 90' lang='lat' dir='ltr'><strong>gruam</strong></span> <span class='ocrx_word' id='word_1_46' title='bbox 289 1221 457 1292; x_wconf 78' lang='lat' dir='ltr'><strong>exhibere,</strong></span> <span class='ocrx_word' id='word_1_47' title='bbox 482 1239 543 1282; x_wconf 88' lang='lat' dir='ltr'><strong>uos</strong></span> <span class='ocrx_word' id='word_1_48' title='bbox 568 1223 609 1283; x_wconf 88' lang='lat' dir='ltr'><strong>ad</strong></span> <span class='ocrx_word' id='word_1_49' title='bbox 632 1224 704 1300; x_wconf 73' lang='lat' dir='ltr'><strong>ep‘us</strong></span> <span class='ocrx_word' id='word_1_50' title='bbox 720 1224 943 1300; x_wconf 75' lang='lat' dir='ltr'><strong>receptionem</strong></span> 
     </span>
     <span class='ocr_line' id='line_1_11' title="bbox 145 1317 943 1396; baseline 0.005 -18"><span class='ocrx_word' id='word_1_51' title='bbox 145 1317 307 1378; x_wconf 91' lang='lat' dir='ltr'><strong>inducere</strong></span> <span class='ocrx_word' id='word_1_52' title='bbox 317 1318 541 1394; x_wconf 86' lang='lat' dir='ltr'><strong>dignaremur.</strong></span> <span class='ocrx_word' id='word_1_53' title='bbox 556 1319 698 1396; x_wconf 86' lang='lat' dir='ltr'><strong>ideoque</strong></span> <span class='ocrx_word' id='word_1_54' title='bbox 709 1318 943 1382; x_wconf 88' lang='lat' dir='ltr'><strong>discretionem</strong></span> 
     </span>
     <span class='ocr_line' id='line_1_12' title="bbox 144 1413 945 1488; baseline 0.001 -13"><span class='ocrx_word' id='word_1_55' title='bbox 144 1415 292 1476; x_wconf 89' lang='lat' dir='ltr'><strong>vestram</strong></span> <span class='ocrx_word' id='word_1_56' title='bbox 307 1415 505 1476; x_wconf 89' lang='lat' dir='ltr'><strong>monendam</strong></span> <span class='ocrx_word' id='word_1_57' title='bbox 526 1413 729 1488; x_wconf 77' lang='lat' dir='ltr'><strong>induximus,</strong></span> <span class='ocrx_word' id='word_1_58' title='bbox 747 1418 779 1477; x_wconf 90' lang='lat' dir='ltr'><strong>et</strong></span> <span class='ocrx_word' id='word_1_59' title='bbox 804 1417 945 1478; x_wconf 85' lang='lat' dir='ltr'><strong>hortan-</strong></span> 
     </span>
     <span class='ocr_line' id='line_1_13' title="bbox 148 1511 946 1589; baseline 0.004 -18"><span class='ocrx_word' id='word_1_60' title='bbox 148 1511 225 1573; x_wconf 92' lang='lat' dir='ltr'><strong>dam</strong></span> <span class='ocrx_word' id='word_1_61' title='bbox 241 1527 301 1588; x_wconf 92' lang='lat' dir='ltr'><strong>per</strong></span> <span class='ocrx_word' id='word_1_62' title='bbox 317 1511 507 1587; x_wconf 83' lang='lat' dir='ltr'><strong>Apostolica</strong></span> <span class='ocrx_word' id='word_1_63' title='bbox 522 1511 616 1572; x_wconf 91' lang='lat' dir='ltr'><strong>vobis</strong></span> <span class='ocrx_word' id='word_1_64' title='bbox 637 1512 761 1589; x_wconf 90' lang='lat' dir='ltr'><strong>scripta</strong></span> <span class='ocrx_word' id='word_1_65' title='bbox 783 1512 946 1574; x_wconf 86' lang='lat' dir='ltr'><strong>mandan-</strong></span> 
     </span>
     <span class='ocr_line' id='line_1_14' title="bbox 147 1605 946 1684; baseline 0.004 -15"><span class='ocrx_word' id='word_1_66' title='bbox 147 1609 212 1680; x_wconf 89' lang='lat' dir='ltr'><strong>tes,</strong></span> <span class='ocrx_word' id='word_1_67' title='bbox 229 1606 391 1684; x_wconf 85' lang='lat' dir='ltr'><strong>quatenus</strong></span> <span class='ocrx_word' id='word_1_68' title='bbox 415 1605 539 1667; x_wconf 91' lang='lat' dir='ltr'><strong>eisdem</strong></span> <span class='ocrx_word' id='word_1_69' title='bbox 554 1607 683 1668; x_wconf 88' lang='lat' dir='ltr'><strong>civibus</strong></span> <span class='ocrx_word' id='word_1_70' title='bbox 697 1624 755 1670; x_wconf 90' lang='lat' dir='ltr'><strong>vos</strong></span> <span class='ocrx_word' id='word_1_71' title='bbox 777 1609 812 1669; x_wconf 90' lang='lat' dir='ltr'><strong>iu</strong></span> <span class='ocrx_word' id='word_1_72' title='bbox 841 1609 892 1668; x_wconf 90' lang='lat' dir='ltr'><strong>bis</strong></span> <span class='ocrx_word' id='word_1_73' title='bbox 913 1609 946 1672; x_wconf 88' lang='lat' dir='ltr'><strong>et</strong></span> 
     </span>
     <span class='ocr_line' id='line_1_15' title="bbox 148 1703 943 1780; baseline 0.003 -16"><span class='ocrx_word' id='word_1_74' title='bbox 148 1705 229 1765; x_wconf 89' lang='lat' dir='ltr'><strong>aliis</strong></span> <span class='ocrx_word' id='word_1_75' title='bbox 241 1704 399 1780; x_wconf 88' lang='lat' dir='ltr'><strong>quantum</strong></span> <span class='ocrx_word' id='word_1_76' title='bbox 415 1703 507 1764; x_wconf 91' lang='lat' dir='ltr'><strong>salvo</strong></span> <span class='ocrx_word' id='word_1_77' title='bbox 515 1707 604 1780; x_wconf 84' lang='lat' dir='ltr'><strong>jure,</strong></span> <span class='ocrx_word' id='word_1_78' title='bbox 629 1720 668 1765; x_wconf 90' lang='lat' dir='ltr'><strong>ac</strong></span> <span class='ocrx_word' id='word_1_79' title='bbox 688 1705 815 1766; x_wconf 89' lang='lat' dir='ltr'><strong>honore</strong></span> <span class='ocrx_word' id='word_1_80' title='bbox 831 1705 943 1768; x_wconf 91' lang='lat' dir='ltr'><strong>eccle-</strong></span> 
     </span>
     <span class='ocr_line' id='line_1_16' title="bbox 148 1799 945 1875; baseline 0.003 -15"><span class='ocrx_word' id='word_1_81' title='bbox 148 1801 210 1861; x_wconf 90' lang='lat' dir='ltr'><strong>siae</strong></span> <span class='ocrx_word' id='word_1_82' title='bbox 222 1801 341 1860; x_wconf 88' lang='lat' dir='ltr'><strong>vestrae</strong></span> <span class='ocrx_word' id='word_1_83' title='bbox 356 1799 517 1875; x_wconf 73' lang='lat' dir='ltr'><strong>poteritis</strong></span> <span class='ocrx_word' id='word_1_84' title='bbox 532 1800 718 1864; x_wconf 79' lang='lat' dir='ltr'><strong>exhibeatis</strong></span> <span class='ocrx_word' id='word_1_85' title='bbox 742 1801 945 1863; x_wconf 77' lang='lat' dir='ltr'><strong>favorabiles</strong></span> 
     </span>
     <span class='ocr_line' id='line_1_17' title="bbox 147 1895 944 1972; baseline 0.004 -16"><span class='ocrx_word' id='word_1_86' title='bbox 147 1898 184 1958; x_wconf 89' lang='grc'><strong>31</strong></span> <span class='ocrx_word' id='word_1_87' title='bbox 195 1895 366 1972; x_wconf 88' lang='lat' dir='ltr'><strong>benignos.</strong></span> <span class='ocrx_word' id='word_1_88' title='bbox 384 1899 501 1958; x_wconf 84' lang='lat' dir='ltr'><strong>Datum</strong></span> <span class='ocrx_word' id='word_1_89' title='bbox 522 1898 689 1970; x_wconf 86' lang='lat' dir='ltr'><strong>Laterani,</strong></span> <span class='ocrx_word' id='word_1_90' title='bbox 706 1900 767 1960; x_wconf 87' lang='lat' dir='ltr'><strong>XII</strong></span> <span class='ocrx_word' id='word_1_91' title='bbox 781 1897 944 1960; x_wconf 86' lang='lat' dir='ltr'><strong>kalendas</strong></span> 
     </span>
     <span class='ocr_line' id='line_1_18' title="bbox 151 1992 526 2066; baseline 0.008 -14"><span class='ocrx_word' id='word_1_92' title='bbox 151 1992 310 2066; x_wconf 90' lang='lat' dir='ltr'><strong>octobris,</strong></span> <span class='ocrx_word' id='word_1_93' title='bbox 325 2009 414 2054; x_wconf 91' lang='lat' dir='ltr'><strong>anno</strong></span> <span class='ocrx_word' id='word_1_94' title='bbox 427 2010 526 2055; x_wconf 91' lang='lat' dir='ltr'><strong>nono.</strong></span> 
     </span>
    </p>
   </div>
   <div class='ocr_carea' id='block_1_3' title="bbox 508 2243 585 2330">
    <p class='ocr_par' dir='ltr' id='par_1_3' title="bbox 508 2243 585 2330">
     <span class='ocr_line' id='line_1_19' title="bbox 508 2243 585 2330; baseline 0.013 -1"><span class='ocrx_word' id='word_1_95' title='bbox 508 2243 585 2330; x_wconf 89' lang='lat' dir='ltr'><strong>XII</strong></span> 
     </span>
    </p>
   </div>
   <div class='ocr_carea' id='block_1_4' title="bbox 147 2394 945 2566">
    <p class='ocr_par' dir='ltr' id='par_1_4' title="bbox 147 2394 945 2566">
     <span class='ocr_line' id='line_1_20' title="bbox 147 2394 945 2469; baseline 0.005 -15"><span class='ocrx_word' id='word_1_96' title='bbox 147 2394 420 2458; x_wconf 81' lang='lat' dir='ltr'><strong>AdMourtttum</strong></span> <span class='ocrx_word' id='word_1_97' title='bbox 433 2396 638 2469; x_wconf 80' lang='lat' dir='ltr'><strong>episcopum,</strong></span> <span class='ocrx_word' id='word_1_98' title='bbox 651 2397 817 2458; x_wconf 75' lang='lat' dir='ltr'><strong>decultum</strong></span> <span class='ocrx_word' id='word_1_99' title='bbox 830 2396 945 2458; x_wconf 79' lang='grc'><strong>311313·</strong></span> 
     </span>
     <span class='ocr_line' id='line_1_21' title="bbox 189 2492 881 2566; baseline 0.003 -16"><span class='ocrx_word' id='word_1_100' title='bbox 189 2492 340 2566; x_wconf 76' lang='grc'><strong>31313333</strong></span> <span class='ocrx_word' id='word_1_101' title='bbox 354 2496 547 2552; x_wconf 76' lang='lat' dir='ltr'><strong>scholarum</strong></span> <span class='ocrx_word' id='word_1_102' title='bbox 559 2495 881 2554; x_wconf 74' lang='lat' dir='ltr'><strong>cenomanensium.</strong></span> 
     </span>
    </p>
   </div>
   <div class='ocr_carea' id='block_1_5' title="bbox 304 2619 791 2798">
    <p class='ocr_par' dir='ltr' id='par_1_5' title="bbox 304 2619 791 2798">
     <span class='ocr_line' id='line_1_22' title="bbox 439 2619 654 2680; baseline 0 -2"><span class='ocrx_word' id='word_1_103' title='bbox 439 2619 560 2680; x_wconf 80' lang='grc'><strong>133131.</strong></span> <span class='ocrx_word' id='word_1_104' title='bbox 574 2620 654 2678; x_wconf 73' lang='lat' dir='ltr'><strong>litt.</strong></span> 
     </span>
     <span class='ocr_line' id='line_1_23' title="bbox 304 2732 791 2798; baseline 0 -14"><span class='ocrx_word' id='word_1_105' title='bbox 304 2732 398 2797; x_wconf 79' lang='grc'><strong>[1131113</strong></span> <span class='ocrx_word' id='word_1_106' title='bbox 408 2734 555 2793; x_wconf 82' lang='grc'><strong>3131311333,</strong></span> <span class='ocrx_word' id='word_1_107' title='bbox 568 2733 635 2795; x_wconf 71' lang='lat' dir='ltr'><strong>stt,</strong></span> <span class='ocrx_word' id='word_1_108' title='bbox 650 2735 710 2784; x_wconf 87' lang='lat' dir='ltr'><strong>iost.</strong></span> <span class='ocrx_word' id='word_1_109' title='bbox 723 2735 791 2798; x_wconf 60' lang='lat' dir='ltr'><strong>tlon</strong></span> 
     </span>
    </p>
   </div>
   <div class='ocr_carea' id='block_1_6' title="bbox 147 2847 946 3008">
    <p class='ocr_par' dir='ltr' id='par_1_6' title="bbox 147 2847 946 3008">
     <span class='ocr_line' id='line_1_24' title="bbox 147 2847 946 2906; baseline -0.001 -1"><span class='ocrx_word' id='word_1_110' title='bbox 147 2849 199 2906; x_wconf 89' lang='lat' dir='ltr'><strong>Eis</strong></span> <span class='ocrx_word' id='word_1_111' title='bbox 213 2847 330 2905; x_wconf 88' lang='lat' dir='ltr'><strong>mandat</strong></span> <span class='ocrx_word' id='word_1_112' title='bbox 344 2856 373 2906; x_wconf 92' lang='lat' dir='ltr'><strong>ut</strong></span> <span class='ocrx_word' id='word_1_113' title='bbox 397 2849 552 2906; x_wconf 85' lang='lat' dir='ltr'><strong>Rotonensi</strong></span> <span class='ocrx_word' id='word_1_114' title='bbox 577 2849 751 2906; x_wconf 90' lang='lat' dir='ltr'><strong>monasterio</strong></span> <span class='ocrx_word' id='word_1_115' title='bbox 774 2847 946 2906; x_wconf 80' lang='lat' dir='ltr'><strong>visitationis</strong></span> 
     </span>
     <span class='ocr_line' id='line_1_25' title="bbox 402 2935 714 3008; baseline 0.003 -15"><span class='ocrx_word' id='word_1_116' title='bbox 402 2935 527 2993; x_wconf 84' lang='lat' dir='ltr'><strong>officium</strong></span> <span class='ocrx_word' id='word_1_117' title='bbox 539 2937 714 3008; x_wconf 88' lang='lat' dir='ltr'><strong>impendant.</strong></span> 
     </span>
    </p>
   </div>
   <div class='ocr_carea' id='block_1_7' title="bbox 146 3051 947 5552">
    <p class='ocr_par' dir='ltr' id='par_1_7' title="bbox 148 3051 947 3503">
     <span class='ocr_line' id='line_1_26' title="bbox 190 3051 944 3130; baseline -0.003 -16"><span class='ocrx_word' id='word_1_118' title='bbox 190 3051 944 3130; x_wconf 84' lang='lat' dir='ltr'><strong>Honoriusepiscopus,servasservorumDei,</strong></span> 
     </span>
     <span class='ocr_line' id='line_1_27' title="bbox 148 3148 946 3228; baseline -0.001 -17"><span class='ocrx_word' id='word_1_119' title='bbox 148 3148 336 3211; x_wconf 91' lang='lat' dir='ltr'><strong>venerabili</strong></span> <span class='ocrx_word' id='word_1_120' title='bbox 364 3149 459 3212; x_wconf 87' lang='lat' dir='ltr'><strong>fratri</strong></span> <span class='ocrx_word' id='word_1_121' title='bbox 485 3152 641 3228; x_wconf 91' lang='lat' dir='ltr'><strong>episcopo</strong></span> <span class='ocrx_word' id='word_1_122' title='bbox 658 3150 690 3211; x_wconf 91' lang='lat' dir='ltr'><strong>et</strong></span> <span class='ocrx_word' id='word_1_123' title='bbox 716 3149 846 3210; x_wconf 90' lang='lat' dir='ltr'><strong>dilectis</strong></span> <span class='ocrx_word' id='word_1_124' title='bbox 868 3149 946 3210; x_wconf 87' lang='grc'><strong>111113</strong></span> 
     </span>
     <span class='ocr_line' id='line_1_28' title="bbox 149 3245 947 3322; baseline 0 -15"><span class='ocrx_word' id='word_1_125' title='bbox 149 3245 277 3308; x_wconf 90' lang='lat' dir='ltr'><strong>decano</strong></span> <span class='ocrx_word' id='word_1_126' title='bbox 291 3248 323 3307; x_wconf 88' lang='lat' dir='ltr'><strong>et</strong></span> <span class='ocrx_word' id='word_1_127' title='bbox 337 3248 495 3322; x_wconf 86' lang='lat' dir='ltr'><strong>magistro</strong></span> <span class='ocrx_word' id='word_1_128' title='bbox 511 3247 700 3308; x_wconf 91' lang='lat' dir='ltr'><strong>scholarum</strong></span> <span class='ocrx_word' id='word_1_129' title='bbox 716 3248 947 3308; x_wconf 89' lang='lat' dir='ltr'><strong>Cenomanen-</strong></span> 
     </span>
     <span class='ocr_line' id='line_1_29' title="bbox 150 3343 945 3420; baseline 0 -16"><span class='ocrx_word' id='word_1_130' title='bbox 150 3345 250 3414; x_wconf 91' lang='lat' dir='ltr'><strong>sinm,</strong></span> <span class='ocrx_word' id='word_1_131' title='bbox 283 3343 423 3405; x_wconf 89' lang='lat' dir='ltr'><strong>salutem</strong></span> <span class='ocrx_word' id='word_1_132' title='bbox 460 3345 494 3404; x_wconf 89' lang='lat' dir='ltr'><strong>et</strong></span> <span class='ocrx_word' id='word_1_133' title='bbox 524 3343 748 3420; x_wconf 77' lang='lat' dir='ltr'><strong>apostoticam</strong></span> <span class='ocrx_word' id='word_1_134' title='bbox 785 3343 945 3405; x_wconf 90' lang='lat' dir='ltr'><strong>benedic-</strong></span> 
     </span>
     <span class='ocr_line' id='line_1_30' title="bbox 148 3440 286 3503; baseline -0.029 0"><span class='ocrx_word' id='word_1_135' title='bbox 148 3440 286 3503; x_wconf 89' lang='lat' dir='ltr'><strong>tionem.</strong></span> 
     </span>
    </p>

    <p class='ocr_par' dir='ltr' id='par_1_8' title="bbox 146 3535 947 5552">
     <span class='ocr_line' id='line_1_31' title="bbox 190 3535 945 3614; baseline 0 -16"><span class='ocrx_word' id='word_1_136' title='bbox 190 3537 329 3598; x_wconf 90' lang='lat' dir='ltr'><strong>Auditos</strong></span> <span class='ocrx_word' id='word_1_137' title='bbox 353 3535 557 3598; x_wconf 89' lang='lat' dir='ltr'><strong>subditorum</strong></span> <span class='ocrx_word' id='word_1_138' title='bbox 583 3553 702 3614; x_wconf 88' lang='lat' dir='ltr'><strong>graves</strong></span> <span class='ocrx_word' id='word_1_139' title='bbox 729 3539 762 3600; x_wconf 89' lang='grc'><strong>31</strong></span> <span class='ocrx_word' id='word_1_140' title='bbox 793 3554 945 3600; x_wconf 89' lang='lat' dir='ltr'><strong>enormes</strong></span> 
     </span>
     <span class='ocr_line' id='line_1_32' title="bbox 149 3634 945 3710; baseline -0.001 -14"><span class='ocrx_word' id='word_1_141' title='bbox 149 3649 309 3696; x_wconf 83' lang='lat' dir='ltr'><strong>excessus</strong></span> <span class='ocrx_word' id='word_1_142' title='bbox 333 3649 399 3694; x_wconf 89' lang='lat' dir='ltr'><strong>non</strong></span> <span class='ocrx_word' id='word_1_143' title='bbox 428 3650 603 3710; x_wconf 90' lang='lat' dir='ltr'><strong>possumus</strong></span> <span class='ocrx_word' id='word_1_144' title='bbox 626 3634 719 3695; x_wconf 90' lang='lat' dir='ltr'><strong>salva</strong></span> <span class='ocrx_word' id='word_1_145' title='bbox 742 3635 945 3695; x_wconf 91' lang='lat' dir='ltr'><strong>conscientia</strong></span> 
     </span>
     <span class='ocr_line' id='line_1_33' title="bbox 148 3729 947 3808; baseline 0.003 -18"><span class='ocrx_word' id='word_1_146' title='bbox 148 3729 341 3806; x_wconf 85' lang='lat' dir='ltr'><strong>relinquere</strong></span> <span class='ocrx_word' id='word_1_147' title='bbox 356 3731 572 3803; x_wconf 87' lang='lat' dir='ltr'><strong>indiscussos,</strong></span> <span class='ocrx_word' id='word_1_148' title='bbox 596 3732 782 3808; x_wconf 88' lang='lat' dir='ltr'><strong>praesertim</strong></span> <span class='ocrx_word' id='word_1_149' title='bbox 798 3748 872 3791; x_wconf 92' lang='lat' dir='ltr'><strong>cum</strong></span> <span class='ocrx_word' id='word_1_150' title='bbox 888 3748 947 3808; x_wconf 89' lang='lat' dir='ltr'><strong>per</strong></span> 
     </span>
     <span class='ocr_line' id='line_1_34' title="bbox 149 3827 945 3904; baseline 0.003 -18"><span class='ocrx_word' id='word_1_151' title='bbox 149 3842 271 3904; x_wconf 87' lang='lat' dir='ltr'><strong>graves</strong></span> <span class='ocrx_word' id='word_1_152' title='bbox 288 3828 510 3904; x_wconf 85' lang='lat' dir='ltr'><strong>honestasque</strong></span> <span class='ocrx_word' id='word_1_153' title='bbox 538 3843 698 3904; x_wconf 88' lang='lat' dir='ltr'><strong>personas</strong></span> <span class='ocrx_word' id='word_1_154' title='bbox 727 3827 769 3888; x_wconf 92' lang='lat' dir='ltr'><strong>ad</strong></span> <span class='ocrx_word' id='word_1_155' title='bbox 798 3831 945 3890; x_wconf 91' lang='lat' dir='ltr'><strong>nostram</strong></span> 
     </span>
     <span class='ocr_line' id='line_1_35' title="bbox 150 3923 945 4000; baseline 0.001 -16"><span class='ocrx_word' id='word_1_156' title='bbox 150 3923 357 3984; x_wconf 88' lang='lat' dir='ltr'><strong>audientiam</strong></span> <span class='ocrx_word' id='word_1_157' title='bbox 384 3923 605 4000; x_wconf 89' lang='lat' dir='ltr'><strong>perferuntur.</strong></span> <span class='ocrx_word' id='word_1_158' title='bbox 633 3927 719 3986; x_wconf 91' lang='lat' dir='ltr'><strong>Sane</strong></span> <span class='ocrx_word' id='word_1_159' title='bbox 738 3925 945 3986; x_wconf 90' lang='lat' dir='ltr'><strong>venerabiles</strong></span> 
     </span>
     <span class='ocr_line' id='line_1_36' title="bbox 149 4019 944 4094; baseline 0.003 -14"><span class='ocrx_word' id='word_1_160' title='bbox 149 4020 272 4080; x_wconf 89' lang='lat' dir='ltr'><strong>fratres</strong></span> <span class='ocrx_word' id='word_1_161' title='bbox 286 4021 392 4081; x_wconf 88' lang='lat' dir='ltr'><strong>nostri</strong></span> <span class='ocrx_word' id='word_1_162' title='bbox 405 4019 622 4092; x_wconf 86' lang='lat' dir='ltr'><strong>Redonensis,</strong></span> <span class='ocrx_word' id='word_1_163' title='bbox 636 4021 798 4094; x_wconf 91' lang='lat' dir='ltr'><strong>Dolensis,</strong></span> <span class='ocrx_word' id='word_1_164' title='bbox 816 4023 944 4082; x_wconf 88' lang='lat' dir='ltr'><strong>Macto-</strong></span> 
     </span>
     <span class='ocr_line' id='line_1_37' title="bbox 150 4116 945 4195; baseline -0.001 -16"><span class='ocrx_word' id='word_1_165' title='bbox 150 4116 289 4189; x_wconf 89' lang='lat' dir='ltr'><strong>viensis,</strong></span> <span class='ocrx_word' id='word_1_166' title='bbox 304 4117 493 4177; x_wconf 88' lang='lat' dir='ltr'><strong>Briocensls</strong></span> <span class='ocrx_word' id='word_1_167' title='bbox 508 4118 541 4179; x_wconf 92' lang='grc'><strong>31</strong></span> <span class='ocrx_word' id='word_1_168' title='bbox 560 4117 781 4178; x_wconf 82' lang='lat' dir='ltr'><strong>Tricoriansis</strong></span> <span class='ocrx_word' id='word_1_169' title='bbox 798 4119 945 4195; x_wconf 91' lang='lat' dir='ltr'><strong>episcopi</strong></span> 
     </span>
     <span class='ocr_line' id='line_1_38' title="bbox 146 4212 946 4291; baseline 0.001 -17"><span class='ocrx_word' id='word_1_170' title='bbox 146 4216 220 4291; x_wconf 90' lang='lat' dir='ltr'><strong>jam</strong></span> <span class='ocrx_word' id='word_1_171' title='bbox 235 4213 379 4274; x_wconf 90' lang='lat' dir='ltr'><strong>secundo</strong></span> <span class='ocrx_word' id='word_1_172' title='bbox 397 4213 467 4274; x_wconf 89' lang='lat' dir='ltr'><strong>suis</strong></span> <span class='ocrx_word' id='word_1_173' title='bbox 492 4212 588 4280; x_wconf 86' lang='lat' dir='ltr'><strong>nobis</strong></span> <span class='ocrx_word' id='word_1_174' title='bbox 612 4213 731 4274; x_wconf 87' lang='lat' dir='ltr'><strong>litteris</strong></span> <span class='ocrx_word' id='word_1_175' title='bbox 749 4212 946 4276; x_wconf 88' lang='lat' dir='ltr'><strong>intimarunt</strong></span> 
     </span>
     <span class='ocr_line' id='line_1_39' title="bbox 151 4308 944 4390; baseline 0.001 -20"><span class='ocrx_word' id='word_1_176' title='bbox 151 4309 239 4390; x_wconf 85' lang='lat' dir='ltr'><strong>quod</strong></span> <span class='ocrx_word' id='word_1_177' title='bbox 257 4309 492 4372; x_wconf 91' lang='lat' dir='ltr'><strong>monasterium</strong></span> <span class='ocrx_word' id='word_1_178' title='bbox 508 4311 696 4375; x_wconf 84' lang='lat' dir='ltr'><strong>Rotonense</strong></span> <span class='ocrx_word' id='word_1_179' title='bbox 711 4308 794 4372; x_wconf 90' lang='lat' dir='ltr'><strong>adeo</strong></span> <span class='ocrx_word' id='word_1_180' title='bbox 809 4312 860 4372; x_wconf 88' lang='lat' dir='ltr'><strong>est</strong></span> <span class='ocrx_word' id='word_1_181' title='bbox 873 4311 944 4371; x_wconf 90' lang='lat' dir='ltr'><strong>dis-</strong></span> 
     </span>
     <span class='ocr_line' id='line_1_40' title="bbox 151 4406 945 4482; baseline 0 -14"><span class='ocrx_word' id='word_1_182' title='bbox 151 4406 297 4470; x_wconf 87' lang='lat' dir='ltr'><strong>solutum</strong></span> <span class='ocrx_word' id='word_1_183' title='bbox 311 4407 346 4466; x_wconf 93' lang='lat' dir='ltr'><strong>in</strong></span> <span class='ocrx_word' id='word_1_184' title='bbox 369 4406 531 4482; x_wconf 89' lang='grc'><strong>33311333</strong></span> <span class='ocrx_word' id='word_1_185' title='bbox 557 4407 592 4468; x_wconf 92' lang='lat' dir='ltr'><strong>in</strong></span> <span class='ocrx_word' id='word_1_186' title='bbox 611 4406 779 4478; x_wconf 90' lang='lat' dir='ltr'><strong>membris,</strong></span> <span class='ocrx_word' id='word_1_187' title='bbox 796 4409 832 4468; x_wconf 89' lang='lat' dir='ltr'><strong>ut</strong></span> <span class='ocrx_word' id='word_1_188' title='bbox 852 4407 945 4468; x_wconf 90' lang='lat' dir='ltr'><strong>nulla</strong></span> 
     </span>
     <span class='ocr_line' id='line_1_41' title="bbox 150 4504 945 4579; baseline -0.001 -13"><span class='ocrx_word' id='word_1_189' title='bbox 150 4504 201 4566; x_wconf 90' lang='lat' dir='ltr'><strong>ibi</strong></span> <span class='ocrx_word' id='word_1_190' title='bbox 215 4504 268 4566; x_wconf 91' lang='lat' dir='ltr'><strong>vel</strong></span> <span class='ocrx_word' id='word_1_191' title='bbox 294 4504 425 4565; x_wconf 89' lang='lat' dir='ltr'><strong>modica</strong></span> <span class='ocrx_word' id='word_1_192' title='bbox 450 4506 603 4568; x_wconf 85' lang='lat' dir='ltr'><strong>servetur</strong></span> <span class='ocrx_word' id='word_1_193' title='bbox 630 4504 796 4579; x_wconf 84' lang='lat' dir='ltr'><strong>regularis</strong></span> <span class='ocrx_word' id='word_1_194' title='bbox 819 4505 945 4566; x_wconf 91' lang='lat' dir='ltr'><strong>ordinis</strong></span> 
     </span>
     <span class='ocr_line' id='line_1_42' title="bbox 151 4599 946 4678; baseline 0 -16"><span class='ocrx_word' id='word_1_195' title='bbox 151 4599 341 4676; x_wconf 89' lang='lat' dir='ltr'><strong>disciplina,</strong></span> <span class='ocrx_word' id='word_1_196' title='bbox 358 4601 437 4678; x_wconf 90' lang='lat' dir='ltr'><strong>quin</strong></span> <span class='ocrx_word' id='word_1_197' title='bbox 457 4601 524 4661; x_wconf 93' lang='lat' dir='ltr'><strong>imo</strong></span> <span class='ocrx_word' id='word_1_198' title='bbox 540 4601 691 4678; x_wconf 90' lang='lat' dir='ltr'><strong>personis</strong></span> <span class='ocrx_word' id='word_1_199' title='bbox 711 4603 946 4664; x_wconf 87' lang='lat' dir='ltr'><strong>commoranti-</strong></span> 
     </span>
     <span class='ocr_line' id='line_1_43' title="bbox 150 4696 945 4771; baseline 0.001 -12"><span class='ocrx_word' id='word_1_200' title='bbox 150 4698 215 4759; x_wconf 91' lang='lat' dir='ltr'><strong>bus</strong></span> <span class='ocrx_word' id='word_1_201' title='bbox 225 4696 260 4758; x_wconf 92' lang='lat' dir='ltr'><strong>in</strong></span> <span class='ocrx_word' id='word_1_202' title='bbox 273 4697 387 4760; x_wconf 89' lang='lat' dir='ltr'><strong>eodem</strong></span> <span class='ocrx_word' id='word_1_203' title='bbox 400 4697 520 4761; x_wconf 87' lang='lat' dir='ltr'><strong>deditis</strong></span> <span class='ocrx_word' id='word_1_204' title='bbox 535 4698 785 4760; x_wconf 86' lang='lat' dir='ltr'><strong>incontinentiae</strong></span> <span class='ocrx_word' id='word_1_205' title='bbox 800 4699 893 4771; x_wconf 91' lang='lat' dir='ltr'><strong>vitio,</strong></span> <span class='ocrx_word' id='word_1_206' title='bbox 906 4714 945 4760; x_wconf 88' lang='lat' dir='ltr'><strong>ac</strong></span> 
     </span>
     <span class='ocr_line' id='line_1_44' title="bbox 152 4793 945 4871; baseline -0.001 -15"><span class='ocrx_word' id='word_1_207' title='bbox 152 4793 395 4870; x_wconf 77' lang='lat' dir='ltr'><strong>negotiationes</strong></span> <span class='ocrx_word' id='word_1_208' title='bbox 410 4795 444 4855; x_wconf 91' lang='lat' dir='ltr'><strong>et</strong></span> <span class='ocrx_word' id='word_1_209' title='bbox 457 4793 524 4854; x_wconf 93' lang='lat' dir='ltr'><strong>alia</strong></span> <span class='ocrx_word' id='word_1_210' title='bbox 537 4795 728 4856; x_wconf 84' lang='lat' dir='ltr'><strong>monasticae</strong></span> <span class='ocrx_word' id='word_1_211' title='bbox 746 4794 945 4871; x_wconf 82' lang='lat' dir='ltr'><strong>professioni</strong></span> 
     </span>
     <span class='ocr_line' id='line_1_45' title="bbox 152 4889 945 4970; baseline 0 -18"><span class='ocrx_word' id='word_1_212' title='bbox 152 4906 289 4970; x_wconf 86' lang='lat' dir='ltr'><strong>prorsus</strong></span> <span class='ocrx_word' id='word_1_213' title='bbox 305 4889 473 4952; x_wconf 87' lang='lat' dir='ltr'><strong>contraria</strong></span> <span class='ocrx_word' id='word_1_214' title='bbox 502 4890 744 4959; x_wconf 84' lang='lat' dir='ltr'><strong>exercentibus,</strong></span> <span class='ocrx_word' id='word_1_215' title='bbox 773 4892 855 4953; x_wconf 93' lang='lat' dir='ltr'><strong>odor</strong></span> <span class='ocrx_word' id='word_1_216' title='bbox 869 4891 945 4953; x_wconf 85' lang='lat' dir='ltr'><strong>vitae</strong></span> 
     </span>
     <span class='ocr_line' id='line_1_46' title="bbox 152 4985 945 5066; baseline 0 -17"><span class='ocrx_word' id='word_1_217' title='bbox 152 4991 189 5049; x_wconf 91' lang='lat' dir='ltr'><strong>in</strong></span> <span class='ocrx_word' id='word_1_218' title='bbox 201 4989 314 5058; x_wconf 87' lang='lat' dir='ltr'><strong>vitam,</strong></span> <span class='ocrx_word' id='word_1_219' title='bbox 331 4987 389 5064; x_wconf 85' lang='lat' dir='ltr'><strong>qui</strong></span> <span class='ocrx_word' id='word_1_220' title='bbox 401 4986 441 5048; x_wconf 89' lang='lat' dir='ltr'><strong>de</strong></span> <span class='ocrx_word' id='word_1_221' title='bbox 456 4985 528 5047; x_wconf 93' lang='lat' dir='ltr'><strong>loco</strong></span> <span class='ocrx_word' id='word_1_222' title='bbox 541 4987 613 5063; x_wconf 90' lang='lat' dir='ltr'><strong>ipso</strong></span> <span class='ocrx_word' id='word_1_223' title='bbox 629 4988 810 5066; x_wconf 89' lang='lat' dir='ltr'><strong>antiquitus</strong></span> <span class='ocrx_word' id='word_1_224' title='bbox 825 5005 945 5065; x_wconf 92' lang='lat' dir='ltr'><strong>proce-</strong></span> 
     </span>
     <span class='ocr_line' id='line_1_47' title="bbox 153 5084 944 5158; baseline 0.003 -13"><span class='ocrx_word' id='word_1_225' title='bbox 153 5085 261 5158; x_wconf 88' lang='lat' dir='ltr'><strong>debat,</strong></span> <span class='ocrx_word' id='word_1_226' title='bbox 279 5085 314 5146; x_wconf 91' lang='lat' dir='ltr'><strong>in</strong></span> <span class='ocrx_word' id='word_1_227' title='bbox 326 5084 461 5146; x_wconf 89' lang='lat' dir='ltr'><strong>odoram</strong></span> <span class='ocrx_word' id='word_1_228' title='bbox 476 5085 603 5156; x_wconf 89' lang='lat' dir='ltr'><strong>mortis,</strong></span> <span class='ocrx_word' id='word_1_229' title='bbox 619 5085 654 5144; x_wconf 92' lang='lat' dir='ltr'><strong>in</strong></span> <span class='ocrx_word' id='word_1_230' title='bbox 675 5086 812 5146; x_wconf 90' lang='lat' dir='ltr'><strong>mortem</strong></span> <span class='ocrx_word' id='word_1_231' title='bbox 832 5087 944 5148; x_wconf 87' lang='lat' dir='ltr'><strong>muta-</strong></span> 
     </span>
     <span class='ocr_line' id='line_1_48' title="bbox 153 5181 947 5258; baseline -0.001 -15"><span class='ocrx_word' id='word_1_232' title='bbox 153 5183 245 5243; x_wconf 86' lang='lat' dir='ltr'><strong>tione</strong></span> <span class='ocrx_word' id='word_1_233' title='bbox 259 5181 439 5244; x_wconf 90' lang='lat' dir='ltr'><strong>damnabili</strong></span> <span class='ocrx_word' id='word_1_234' title='bbox 455 5182 504 5243; x_wconf 89' lang='lat' dir='ltr'><strong>est</strong></span> <span class='ocrx_word' id='word_1_235' title='bbox 533 5197 725 5242; x_wconf 88' lang='lat' dir='ltr'><strong>conversus.</strong></span> <span class='ocrx_word' id='word_1_236' title='bbox 749 5183 828 5242; x_wconf 88' lang='lat' dir='ltr'><strong>Cum</strong></span> <span class='ocrx_word' id='word_1_237' title='bbox 844 5183 947 5258; x_wconf 89' lang='lat' dir='ltr'><strong>igitur</strong></span> 
     </span>
     <span class='ocr_line' id='line_1_49' title="bbox 153 5275 944 5356; baseline 0.004 -19"><span class='ocrx_word' id='word_1_238' title='bbox 153 5277 313 5340; x_wconf 89' lang='lat' dir='ltr'><strong>instantia</strong></span> <span class='ocrx_word' id='word_1_239' title='bbox 328 5280 442 5342; x_wconf 90' lang='lat' dir='ltr'><strong>nostra</strong></span> <span class='ocrx_word' id='word_1_240' title='bbox 457 5275 650 5356; x_wconf 87' lang='lat' dir='ltr'><strong>quotidiana</strong></span> <span class='ocrx_word' id='word_1_241' title='bbox 670 5278 713 5343; x_wconf 89' lang='lat' dir='ltr'><strong>sit</strong></span> <span class='ocrx_word' id='word_1_242' title='bbox 727 5280 944 5340; x_wconf 90' lang='lat' dir='ltr'><strong>ecclesiarum</strong></span> 
     </span>
     <span class='ocr_line' id='line_1_50' title="bbox 156 5373 944 5444; baseline 0.004 -10"><span class='ocrx_word' id='word_1_243' title='bbox 156 5375 302 5436; x_wconf 91' lang='lat' dir='ltr'><strong>omnium</strong></span> <span class='ocrx_word' id='word_1_244' title='bbox 331 5373 517 5437; x_wconf 87' lang='lat' dir='ltr'><strong>sollicitudo</strong></span> <span class='ocrx_word' id='word_1_245' title='bbox 546 5375 716 5444; x_wconf 88' lang='lat' dir='ltr'><strong>continua,</strong></span> <span class='ocrx_word' id='word_1_246' title='bbox 750 5376 944 5438; x_wconf 90' lang='lat' dir='ltr'><strong>discretioni</strong></span> 
     </span>
     <span class='ocr_line' id='line_1_51' title="bbox 154 5471 942 5552; baseline 0.01 -22"><span class='ocrx_word' id='word_1_247' title='bbox 154 5471 275 5534; x_wconf 88' lang='grc'><strong>3331333</strong></span> <span class='ocrx_word' id='word_1_248' title='bbox 299 5487 359 5548; x_wconf 94' lang='grc'><strong>333</strong></span> <span class='ocrx_word' id='word_1_249' title='bbox 384 5473 573 5548; x_wconf 77' lang='grc'><strong>1333131133</strong></span> <span class='ocrx_word' id='word_1_250' title='bbox 596 5473 719 5552; x_wconf 86' lang='grc'><strong>3331313</strong></span> <span class='ocrx_word' id='word_1_251' title='bbox 734 5473 942 5548; x_wconf 88' lang='lat' dir='ltr'><strong>mandamus,</strong></span> 
     </span>
    </p>
   </div>
   <div class='ocr_carea' id='block_1_8' title="bbox 768 291 1176 356">
    <p class='ocr_par' dir='ltr' id='par_1_9' title="bbox 768 291 1176 356">
     <span class='ocr_line' id='line_1_52' title="bbox 768 291 1176 356; baseline 0.005 -4"><span class='ocrx_word' id='word_1_252' title='bbox 768 291 994 354; x_wconf 78' lang='lat' dir='ltr'><strong>EPISTOLAE.</strong></span> <span class='ocrx_word' id='word_1_253' title='bbox 1019 294 1096 356; x_wconf 84' lang='lat' dir='ltr'><strong>LIB.</strong></span> <span class='ocrx_word' id='word_1_254' title='bbox 1121 296 1176 356; x_wconf 89' lang='lat' dir='ltr'><strong>IX.</strong></span> 
     </span>
    </p>
   </div>
   <div class='ocr_carea' id='block_1_9' title="bbox 1733 303 1794 363">
    <p class='ocr_par' dir='ltr' id='par_1_10' title="bbox 1733 303 1794 363">
     <span class='ocr_line' id='line_1_53' title="bbox 1733 303 1794 363; baseline 0.016 -1"><span class='ocrx_word' id='word_1_255' title='bbox 1733 303 1794 363; x_wconf 83' lang='lat'><strong>702</strong></span> 
     </span>
    </p>
   </div>
   <div class='ocr_carea' id='block_1_10' title="bbox 997 451 1794 1496">
    <p class='ocr_par' dir='ltr' id='par_1_11' title="bbox 997 451 1794 1496">
     <span class='ocr_line' id='line_1_54' title="bbox 999 451 1794 534; baseline 0.014 -23"><span class='ocrx_word' id='word_1_256' title='bbox 999 451 1161 528; x_wconf 88' lang='lat' dir='ltr'><strong>qnatenus</strong></span> <span class='ocrx_word' id='word_1_257' title='bbox 1175 452 1215 513; x_wconf 90' lang='lat' dir='ltr'><strong>ad</strong></span> <span class='ocrx_word' id='word_1_258' title='bbox 1231 453 1472 516; x_wconf 89' lang='lat' dir='ltr'><strong>monasterium</strong></span> <span class='ocrx_word' id='word_1_259' title='bbox 1486 456 1595 533; x_wconf 90' lang='lat' dir='ltr'><strong>ipsum</strong></span> <span class='ocrx_word' id='word_1_260' title='bbox 1609 460 1794 534; x_wconf 88' lang='lat' dir='ltr'><strong>personali-</strong></span> 
     </span>
     <span class='ocr_line' id='line_1_55' title="bbox 997 549 1792 627; baseline 0.013 -18"><span class='ocrx_word' id='word_1_261' title='bbox 997 549 1049 610; x_wconf 92' lang='lat' dir='ltr'><strong>ler</strong></span> <span class='ocrx_word' id='word_1_262' title='bbox 1074 549 1281 619; x_wconf 90' lang='lat' dir='ltr'><strong>accedentes,</strong></span> <span class='ocrx_word' id='word_1_263' title='bbox 1309 551 1508 627; x_wconf 89' lang='lat' dir='ltr'><strong>impendatis</strong></span> <span class='ocrx_word' id='word_1_264' title='bbox 1532 555 1563 614; x_wconf 91' lang='lat' dir='ltr'><strong>ei</strong></span> <span class='ocrx_word' id='word_1_265' title='bbox 1590 554 1792 619; x_wconf 83' lang='lat' dir='ltr'><strong>visitationis</strong></span> 
     </span>
     <span class='ocr_line' id='line_1_56' title="bbox 999 647 1792 729; baseline 0.009 -21"><span class='ocrx_word' id='word_1_266' title='bbox 999 647 1144 711; x_wconf 84' lang='lat' dir='ltr'><strong>officinm</strong></span> <span class='ocrx_word' id='word_1_267' title='bbox 1159 648 1232 710; x_wconf 90' lang='lat' dir='ltr'><strong>vice</strong></span> <span class='ocrx_word' id='word_1_268' title='bbox 1252 649 1376 720; x_wconf 90' lang='lat' dir='ltr'><strong>nostra,</strong></span> <span class='ocrx_word' id='word_1_269' title='bbox 1403 649 1437 710; x_wconf 90' lang='grc'><strong>31</strong></span> <span class='ocrx_word' id='word_1_270' title='bbox 1450 649 1611 712; x_wconf 88' lang='lat' dir='ltr'><strong>babentes</strong></span> <span class='ocrx_word' id='word_1_271' title='bbox 1621 667 1691 729; x_wconf 76' lang='grc'><strong>333</strong></span> <span class='ocrx_word' id='word_1_272' title='bbox 1706 670 1792 715; x_wconf 89' lang='lat' dir='ltr'><strong>ocu-</strong></span> 
     </span>
     <span class='ocr_line' id='line_1_57' title="bbox 999 743 1793 822; baseline 0.013 -19"><span class='ocrx_word' id='word_1_273' title='bbox 999 743 1041 804; x_wconf 93' lang='lat' dir='ltr'><strong>lis</strong></span> <span class='ocrx_word' id='word_1_274' title='bbox 1072 744 1180 804; x_wconf 89' lang='lat' dir='ltr'><strong>solnm</strong></span> <span class='ocrx_word' id='word_1_275' title='bbox 1207 748 1322 818; x_wconf 87' lang='lat' dir='ltr'><strong>Deum,</strong></span> <span class='ocrx_word' id='word_1_276' title='bbox 1349 746 1524 822; x_wconf 86' lang='lat' dir='ltr'><strong>corrigatis</strong></span> <span class='ocrx_word' id='word_1_277' title='bbox 1552 749 1583 808; x_wconf 90' lang='lat' dir='ltr'><strong>et</strong></span> <span class='ocrx_word' id='word_1_278' title='bbox 1604 749 1793 812; x_wconf 88' lang='lat' dir='ltr'><strong>reformetis</strong></span> 
     </span>
     <span class='ocr_line' id='line_1_58' title="bbox 999 841 1793 925; baseline 0.011 -25"><span class='ocrx_word' id='word_1_279' title='bbox 999 841 1121 902; x_wconf 90' lang='lat' dir='ltr'><strong>ibidem</strong></span> <span class='ocrx_word' id='word_1_280' title='bbox 1134 842 1201 902; x_wconf 92' lang='lat' dir='ltr'><strong>tam</strong></span> <span class='ocrx_word' id='word_1_281' title='bbox 1217 842 1251 902; x_wconf 91' lang='lat' dir='ltr'><strong>in</strong></span> <span class='ocrx_word' id='word_1_282' title='bbox 1267 842 1375 919; x_wconf 90' lang='lat' dir='ltr'><strong>capite</strong></span> <span class='ocrx_word' id='word_1_283' title='bbox 1386 858 1484 919; x_wconf 83' lang='lat' dir='ltr'><strong>quam</strong></span> <span class='ocrx_word' id='word_1_284' title='bbox 1500 843 1535 903; x_wconf 92' lang='lat' dir='ltr'><strong>in</strong></span> <span class='ocrx_word' id='word_1_285' title='bbox 1548 844 1704 907; x_wconf 90' lang='lat' dir='ltr'><strong>membris</strong></span> <span class='ocrx_word' id='word_1_286' title='bbox 1719 863 1793 925; x_wconf 88' lang='lat' dir='ltr'><strong>quae</strong></span> 
     </span>
     <span class='ocr_line' id='line_1_59' title="bbox 999 939 1794 1004; baseline 0.006 -5"><span class='ocrx_word' id='word_1_287' title='bbox 999 939 1214 999; x_wconf 88' lang='lat' dir='ltr'><strong>correctionis</strong></span> <span class='ocrx_word' id='word_1_288' title='bbox 1230 939 1262 1000; x_wconf 89' lang='lat' dir='ltr'><strong>et</strong></span> <span class='ocrx_word' id='word_1_289' title='bbox 1276 939 1523 1000; x_wconf 77' lang='lat' dir='ltr'><strong>reformationis</strong></span> <span class='ocrx_word' id='word_1_290' title='bbox 1536 940 1646 1002; x_wconf 90' lang='lat' dir='ltr'><strong>ofilcio</strong></span> <span class='ocrx_word' id='word_1_291' title='bbox 1668 944 1794 1004; x_wconf 91' lang='lat' dir='ltr'><strong>videri·</strong></span> 
     </span>
     <span class='ocr_line' id='line_1_60' title="bbox 998 1034 1793 1114; baseline 0.005 -18"><span class='ocrx_word' id='word_1_292' title='bbox 998 1035 1041 1096; x_wconf 91' lang='lat' dir='ltr'><strong>tis</strong></span> <span class='ocrx_word' id='word_1_293' title='bbox 1055 1034 1218 1110; x_wconf 82' lang='lat' dir='ltr'><strong>indigere,</strong></span> <span class='ocrx_word' id='word_1_294' title='bbox 1235 1049 1274 1096; x_wconf 92' lang='grc'><strong>33</strong></span> <span class='ocrx_word' id='word_1_295' title='bbox 1296 1051 1426 1112; x_wconf 83' lang='lat' dir='ltr'><strong>eaquae</strong></span> <span class='ocrx_word' id='word_1_296' title='bbox 1448 1053 1508 1112; x_wconf 92' lang='lat' dir='ltr'><strong>pro</strong></span> <span class='ocrx_word' id='word_1_297' title='bbox 1530 1039 1636 1114; x_wconf 88' lang='lat' dir='ltr'><strong>ipsius</strong></span> <span class='ocrx_word' id='word_1_298' title='bbox 1654 1039 1793 1112; x_wconf 84' lang='grc'><strong>133133-</strong></span> 
     </span>
     <span class='ocr_line' id='line_1_61' title="bbox 999 1131 1794 1196; baseline 0.006 -5"><span class='ocrx_word' id='word_1_299' title='bbox 999 1131 1196 1193; x_wconf 87' lang='lat' dir='ltr'><strong>formatione</strong></span> <span class='ocrx_word' id='word_1_300' title='bbox 1211 1132 1374 1193; x_wconf 86' lang='lat' dir='ltr'><strong>duxeritis</strong></span> <span class='ocrx_word' id='word_1_301' title='bbox 1398 1133 1572 1194; x_wconf 88' lang='lat' dir='ltr'><strong>statuenda</strong></span> <span class='ocrx_word' id='word_1_302' title='bbox 1588 1134 1720 1196; x_wconf 88' lang='lat' dir='ltr'><strong>faciatis</strong></span> <span class='ocrx_word' id='word_1_303' title='bbox 1734 1136 1794 1196; x_wconf 87' lang='lat' dir='ltr'><strong>lir-</strong></span> 
     </span>
     <span class='ocr_line' id='line_1_62' title="bbox 998 1228 1793 1304; baseline 0.005 -16"><span class='ocrx_word' id='word_1_304' title='bbox 998 1229 1096 1290; x_wconf 90' lang='lat' dir='ltr'><strong>miter</strong></span> <span class='ocrx_word' id='word_1_305' title='bbox 1115 1228 1296 1290; x_wconf 91' lang='lat' dir='ltr'><strong>observari.</strong></span> <span class='ocrx_word' id='word_1_306' title='bbox 1326 1229 1603 1303; x_wconf 79' lang='lat' dir='ltr'><strong>contradictores,</strong></span> <span class='ocrx_word' id='word_1_307' title='bbox 1620 1237 1682 1292; x_wconf 92' lang='grc'><strong>313.</strong></span> <span class='ocrx_word' id='word_1_308' title='bbox 1701 1231 1793 1304; x_wconf 87' lang='lat' dir='ltr'><strong>Quod</strong></span> 
     </span>
     <span class='ocr_line' id='line_1_63' title="bbox 999 1325 1791 1399; baseline 0.008 -14"><span class='ocrx_word' id='word_1_309' title='bbox 999 1325 1109 1389; x_wconf 90' lang='lat' dir='ltr'><strong>sinon</strong></span> <span class='ocrx_word' id='word_1_310' title='bbox 1128 1340 1278 1388; x_wconf 74' lang='lat' dir='ltr'><strong>omnes„</strong></span> <span class='ocrx_word' id='word_1_311' title='bbox 1297 1325 1416 1391; x_wconf 87' lang='lat' dir='ltr'><strong>Datum</strong></span> <span class='ocrx_word' id='word_1_312' title='bbox 1440 1327 1609 1399; x_wconf 87' lang='lat' dir='ltr'><strong>Laterani,</strong></span> <span class='ocrx_word' id='word_1_313' title='bbox 1625 1329 1669 1391; x_wconf 85' lang='lat' dir='ltr'><strong>Vl</strong></span> <span class='ocrx_word' id='word_1_314' title='bbox 1684 1343 1791 1391; x_wconf 83' lang='lat' dir='ltr'><strong>nouas</strong></span> 
     </span>
     <span class='ocr_line' id='line_1_64' title="bbox 999 1423 1381 1496; baseline -0.008 -11"><span class='ocrx_word' id='word_1_315' title='bbox 999 1423 1154 1496; x_wconf 87' lang='grc'><strong>33131313,</strong></span> <span class='ocrx_word' id='word_1_316' title='bbox 1172 1438 1260 1484; x_wconf 88' lang='lat' dir='ltr'><strong>auno</strong></span> <span class='ocrx_word' id='word_1_317' title='bbox 1282 1437 1381 1487; x_wconf 90' lang='lat' dir='ltr'><strong>nono.</strong></span> 
     </span>
    </p>
   </div>
   <div class='ocr_carea' id='block_1_11' title="bbox 1348 1724 1448 1811">
    <p class='ocr_par' dir='ltr' id='par_1_12' title="bbox 1348 1724 1448 1811">
     <span class='ocr_line' id='line_1_65' title="bbox 1348 1724 1448 1811; baseline 0 -1"><span class='ocrx_word' id='word_1_318' title='bbox 1348 1724 1448 1811; x_wconf 89' lang='lat' dir='ltr'>XIII</span> 
     </span>
    </p>
   </div>
   <div class='ocr_carea' id='block_1_12' title="bbox 999 1879 1795 2150">
    <p class='ocr_par' dir='ltr' id='par_1_13' title="bbox 999 1879 1795 2150">
     <span class='ocr_line' id='line_1_66' title="bbox 999 1879 1795 1956; baseline 0.003 -12"><span class='ocrx_word' id='word_1_319' title='bbox 999 1883 1052 1944; x_wconf 78' lang='lat' dir='ltr'><strong>Ad</strong></span> <span class='ocrx_word' id='word_1_320' title='bbox 1064 1879 1201 1944; x_wconf 83' lang='lat' dir='ltr'><strong>abbates</strong></span> <span class='ocrx_word' id='word_1_321' title='bbox 1222 1881 1263 1942; x_wconf 84' lang='lat' dir='ltr'><strong>dc</strong></span> <span class='ocrx_word' id='word_1_322' title='bbox 1285 1883 1486 1956; x_wconf 80' lang='lat' dir='ltr'><strong>Nepomucb</strong></span> <span class='ocrx_word' id='word_1_323' title='bbox 1508 1887 1641 1946; x_wconf 78' lang='lat' dir='ltr'><strong>ordinis</strong></span> <span class='ocrx_word' id='word_1_324' title='bbox 1661 1887 1795 1948; x_wconf 77' lang='lat' dir='ltr'><strong>Cister-</strong></span> 
     </span>
     <span class='ocr_line' id='line_1_67' title="bbox 1040 1979 1794 2056; baseline 0.008 -17"><span class='ocrx_word' id='word_1_325' title='bbox 1040 1979 1278 2050; x_wconf 63' lang='lat' dir='ltr'><strong>adsuefactos</strong></span> <span class='ocrx_word' id='word_1_326' title='bbox 1296 1979 1429 2050; x_wconf 80' lang='lat' dir='ltr'><strong>ostroc,</strong></span> <span class='ocrx_word' id='word_1_327' title='bbox 1457 1983 1647 2056; x_wconf 75' lang='lat' dir='ltr'><strong>Propensts</strong></span> <span class='ocrx_word' id='word_1_328' title='bbox 1667 1986 1794 2045; x_wconf 75' lang='grc'><strong>1113333-</strong></span> 
     </span>
     <span class='ocr_line' id='line_1_68' title="bbox 1039 2075 1653 2150; baseline 0.005 -14"><span class='ocrx_word' id='word_1_329' title='bbox 1039 2078 1088 2138; x_wconf 85' lang='grc'><strong>313</strong></span> <span class='ocrx_word' id='word_1_330' title='bbox 1103 2075 1136 2136; x_wconf 87' lang='grc'><strong>31</strong></span> <span class='ocrx_word' id='word_1_331' title='bbox 1147 2076 1375 2150; x_wconf 69' lang='lat' dir='ltr'><strong>propositum</strong></span> <span class='ocrx_word' id='word_1_332' title='bbox 1389 2077 1653 2140; x_wconf 79' lang='lat' dir='ltr'><strong>olomucensem.</strong></span> 
     </span>
    </p>
   </div>
   <div class='ocr_carea' id='block_1_13' title="bbox 1118 2205 1673 2396">
    <p class='ocr_par' dir='ltr' id='par_1_14' title="bbox 1118 2205 1673 2396">
     <span class='ocr_line' id='line_1_69' title="bbox 1285 2205 1501 2268; baseline -0.014 -2"><span class='ocrx_word' id='word_1_333' title='bbox 1285 2205 1303 2266; x_wconf 81' lang='grc'><strong>1</strong></span> <span class='ocrx_word' id='word_1_334' title='bbox 1315 2205 1408 2264; x_wconf 88' lang='lat' dir='ltr'><strong>octob.</strong></span> <span class='ocrx_word' id='word_1_335' title='bbox 1421 2207 1501 2268; x_wconf 76' lang='lat' dir='ltr'><strong>itti.</strong></span> 
     </span>
     <span class='ocr_line' id='line_1_70' title="bbox 1118 2327 1673 2396; baseline 0.007 -19"><span class='ocrx_word' id='word_1_336' title='bbox 1118 2327 1236 2392; x_wconf 71' lang='lat' dir='ltr'><strong>useel,</strong></span> <span class='ocrx_word' id='word_1_337' title='bbox 1251 2327 1313 2378; x_wconf 82' lang='lat' dir='ltr'><strong>cod.</strong></span> <span class='ocrx_word' id='word_1_338' title='bbox 1325 2327 1389 2393; x_wconf 84' lang='lat' dir='ltr'><strong>dipl.</strong></span> <span class='ocrx_word' id='word_1_339' title='bbox 1405 2329 1534 2390; x_wconf 69' lang='lat' dir='ltr'><strong>nonas,</strong></span> <span class='ocrx_word' id='word_1_340' title='bbox 1552 2327 1584 2389; x_wconf 89' lang='lat' dir='ltr'><strong>tt,</strong></span> <span class='ocrx_word' id='word_1_341' title='bbox 1602 2327 1673 2396; x_wconf 77' lang='grc'><strong>3333</strong></span> 
     </span>
    </p>
   </div>
   <div class='ocr_carea' id='block_1_14' title="bbox 1000 2453 1795 2704">
    <p class='ocr_par' dir='ltr' id='par_1_15' title="bbox 1000 2453 1795 2704">
     <span class='ocr_line' id='line_1_71' title="bbox 1000 2453 1794 2530; baseline 0.008 -20"><span class='ocrx_word' id='word_1_342' title='bbox 1000 2453 1247 2522; x_wconf 85' lang='lat' dir='ltr'><strong>Nepomuccnsem</strong></span> <span class='ocrx_word' id='word_1_343' title='bbox 1270 2460 1297 2510; x_wconf 86' lang='lat' dir='ltr'><strong>et</strong></span> <span class='ocrx_word' id='word_1_344' title='bbox 1317 2454 1530 2512; x_wconf 86' lang='lat' dir='ltr'><strong>ostrowcnsem</strong></span> <span class='ocrx_word' id='word_1_345' title='bbox 1545 2454 1662 2513; x_wconf 87' lang='lat' dir='ltr'><strong>abbates</strong></span> <span class='ocrx_word' id='word_1_346' title='bbox 1675 2465 1703 2514; x_wconf 87' lang='grc'><strong>31</strong></span> <span class='ocrx_word' id='word_1_347' title='bbox 1722 2473 1794 2530; x_wconf 83' lang='grc'><strong>333·</strong></span> 
     </span>
     <span class='ocr_line' id='line_1_72' title="bbox 1036 2541 1795 2617; baseline 0.012 -20"><span class='ocrx_word' id='word_1_348' title='bbox 1036 2543 1158 2613; x_wconf 86' lang='lat' dir='ltr'><strong>positum</strong></span> <span class='ocrx_word' id='word_1_349' title='bbox 1183 2541 1401 2599; x_wconf 81' lang='lat' dir='ltr'><strong>olomucensem</strong></span> <span class='ocrx_word' id='word_1_350' title='bbox 1426 2543 1462 2600; x_wconf 93' lang='lat' dir='ltr'><strong>ad</strong></span> <span class='ocrx_word' id='word_1_351' title='bbox 1489 2542 1654 2617; x_wconf 87' lang='lat' dir='ltr'><strong>eligendum</strong></span> <span class='ocrx_word' id='word_1_352' title='bbox 1689 2561 1795 2606; x_wconf 90' lang='lat' dir='ltr'><strong>novum</strong></span> 
     </span>
     <span class='ocr_line' id='line_1_73' title="bbox 1035 2629 1739 2704; baseline 0.007 -18"><span class='ocrx_word' id='word_1_353' title='bbox 1035 2629 1200 2701; x_wconf 88' lang='lat' dir='ltr'><strong>episcopum</strong></span> <span class='ocrx_word' id='word_1_354' title='bbox 1213 2633 1388 2702; x_wconf 75' lang='lat' dir='ltr'><strong>pragensem</strong></span> <span class='ocrx_word' id='word_1_355' title='bbox 1403 2631 1581 2689; x_wconf 89' lang='lat' dir='ltr'><strong>consiliarios</strong></span> <span class='ocrx_word' id='word_1_356' title='bbox 1600 2633 1739 2704; x_wconf 84' lang='lat' dir='ltr'><strong>providet.</strong></span> 
     </span>
    </p>
   </div>
   <div class='ocr_carea' id='block_1_15' title="bbox 999 2761 1804 5554">
    <p class='ocr_par' dir='ltr' id='par_1_16' title="bbox 1001 2761 1795 3226">
     <span class='ocr_line' id='line_1_74' title="bbox 1040 2761 1790 2842; baseline 0.004 -16"><span class='ocrx_word' id='word_1_357' title='bbox 1040 2761 1207 2826; x_wconf 86' lang='lat' dir='ltr'><strong>Honorius</strong></span> <span class='ocrx_word' id='word_1_358' title='bbox 1218 2764 1527 2841; x_wconf 77' lang='lat' dir='ltr'><strong>episcopusservus</strong></span> <span class='ocrx_word' id='word_1_359' title='bbox 1538 2769 1790 2842; x_wconf 83' lang='lat' dir='ltr'><strong>servorumoei,</strong></span> 
     </span>
     <span class='ocr_line' id='line_1_75' title="bbox 1001 2860 1795 2936; baseline 0.008 -16"><span class='ocrx_word' id='word_1_360' title='bbox 1001 2860 1130 2920; x_wconf 82' lang='lat' dir='ltr'><strong>dilectis</strong></span> <span class='ocrx_word' id='word_1_361' title='bbox 1145 2860 1223 2922; x_wconf 90' lang='lat' dir='ltr'><strong>filiis</strong></span> <span class='ocrx_word' id='word_1_362' title='bbox 1237 2860 1321 2920; x_wconf 55' lang='grc'><strong>(13.3</strong></span> <span class='ocrx_word' id='word_1_363' title='bbox 1342 2861 1546 2936; x_wconf 89' lang='lat' dir='ltr'><strong>Nepomuch,</strong></span> <span class='ocrx_word' id='word_1_364' title='bbox 1563 2861 1795 2926; x_wconf 80' lang='lat' dir='ltr'><strong>cisterciensis</strong></span> 
     </span>
     <span class='ocr_line' id='line_1_76' title="bbox 1001 2955 1794 3036; baseline 0.006 -19"><span class='ocrx_word' id='word_1_365' title='bbox 1001 2956 1128 3018; x_wconf 90' lang='lat' dir='ltr'><strong>ordinis</strong></span> <span class='ocrx_word' id='word_1_366' title='bbox 1142 2957 1210 3016; x_wconf 89' lang='lat' dir='ltr'><strong>et...</strong></span> <span class='ocrx_word' id='word_1_367' title='bbox 1223 2955 1263 3016; x_wconf 94' lang='lat' dir='ltr'><strong>de</strong></span> <span class='ocrx_word' id='word_1_368' title='bbox 1279 2959 1398 3018; x_wconf 86' lang='lat' dir='ltr'><strong>ostrov</strong></span> <span class='ocrx_word' id='word_1_369' title='bbox 1412 2957 1596 3030; x_wconf 84' lang='lat' dir='ltr'><strong>abbatibus,</strong></span> <span class='ocrx_word' id='word_1_370' title='bbox 1614 2961 1794 3036; x_wconf 82' lang='lat' dir='ltr'><strong>Pragensis</strong></span> 
     </span>
     <span class='ocr_line' id='line_1_77' title="bbox 1002 3052 1794 3130; baseline 0.01 -19"><span class='ocrx_word' id='word_1_371' title='bbox 1002 3052 1165 3124; x_wconf 79' lang='grc'><strong>3113333313,</strong></span> <span class='ocrx_word' id='word_1_372' title='bbox 1182 3053 1264 3114; x_wconf 82' lang='lat' dir='ltr'><strong>et...</strong></span> <span class='ocrx_word' id='word_1_373' title='bbox 1290 3053 1505 3130; x_wconf 86' lang='lat' dir='ltr'><strong>praepositum</strong></span> <span class='ocrx_word' id='word_1_374' title='bbox 1531 3054 1794 3128; x_wconf 82' lang='lat' dir='ltr'><strong>olomucensem,</strong></span> 
     </span>
     <span class='ocr_line' id='line_1_78' title="bbox 1001 3149 1723 3226; baseline 0.003 -14"><span class='ocrx_word' id='word_1_375' title='bbox 1001 3150 1141 3226; x_wconf 77' lang='lat' dir='ltr'><strong>salutem</strong></span> <span class='ocrx_word' id='word_1_376' title='bbox 1163 3149 1196 3212; x_wconf 91' lang='lat' dir='ltr'><strong>et</strong></span> <span class='ocrx_word' id='word_1_377' title='bbox 1209 3151 1433 3226; x_wconf 75' lang='lat' dir='ltr'><strong>apostolicam</strong></span> <span class='ocrx_word' id='word_1_378' title='bbox 1447 3150 1723 3214; x_wconf 87' lang='lat' dir='ltr'><strong>benedictionem.</strong></span> 
     </span>
    </p>

    <p class='ocr_par' dir='ltr' id='par_1_17' title="bbox 999 3246 1804 5554">
     <span class='ocr_line' id='line_1_79' title="bbox 1039 3246 1795 3326; baseline 0.004 -18"><span class='ocrx_word' id='word_1_379' title='bbox 1039 3246 1254 3309; x_wconf 87' lang='lat' dir='ltr'><strong>Attendeutes</strong></span> <span class='ocrx_word' id='word_1_380' title='bbox 1280 3248 1418 3308; x_wconf 88' lang='lat' dir='ltr'><strong>multum</strong></span> <span class='ocrx_word' id='word_1_381' title='bbox 1446 3248 1603 3324; x_wconf 80' lang='lat' dir='ltr'><strong>expedire</strong></span> <span class='ocrx_word' id='word_1_382' title='bbox 1632 3251 1795 3326; x_wconf 87' lang='lat' dir='ltr'><strong>Pragensi</strong></span> 
     </span>
     <span class='ocr_line' id='line_1_80' title="bbox 1001 3343 1795 3422; baseline 0.005 -16"><span class='ocrx_word' id='word_1_383' title='bbox 1001 3345 1161 3416; x_wconf 85' lang='lat' dir='ltr'><strong>ecclesiae,</strong></span> <span class='ocrx_word' id='word_1_384' title='bbox 1189 3346 1226 3406; x_wconf 89' lang='lat' dir='ltr'><strong>ut</strong></span> <span class='ocrx_word' id='word_1_385' title='bbox 1253 3343 1347 3406; x_wconf 89' lang='lat' dir='ltr'><strong>bonae</strong></span> <span class='ocrx_word' id='word_1_386' title='bbox 1375 3345 1583 3406; x_wconf 89' lang='lat' dir='ltr'><strong>memoriae...</strong></span> <span class='ocrx_word' id='word_1_387' title='bbox 1614 3349 1795 3422; x_wconf 84' lang='lat' dir='ltr'><strong>Pragensis</strong></span> 
     </span>
     <span class='ocr_line' id='line_1_81' title="bbox 1001 3441 1796 3522; baseline 0.005 -20"><span class='ocrx_word' id='word_1_388' title='bbox 1001 3442 1188 3518; x_wconf 90' lang='lat' dir='ltr'><strong>episcopus,</strong></span> <span class='ocrx_word' id='word_1_389' title='bbox 1210 3441 1266 3518; x_wconf 91' lang='lat' dir='ltr'><strong>qni</strong></span> <span class='ocrx_word' id='word_1_390' title='bbox 1288 3457 1397 3518; x_wconf 86' lang='lat' dir='ltr'><strong>usque</strong></span> <span class='ocrx_word' id='word_1_391' title='bbox 1419 3442 1461 3504; x_wconf 92' lang='lat' dir='ltr'><strong>ad</strong></span> <span class='ocrx_word' id='word_1_392' title='bbox 1480 3443 1619 3506; x_wconf 86' lang='lat' dir='ltr'><strong>mortem</strong></span> <span class='ocrx_word' id='word_1_393' title='bbox 1648 3460 1708 3522; x_wconf 91' lang='lat' dir='ltr'><strong>pro</strong></span> <span class='ocrx_word' id='word_1_394' title='bbox 1723 3447 1796 3522; x_wconf 84' lang='lat' dir='ltr'><strong>ejus</strong></span> 
     </span>
     <span class='ocr_line' id='line_1_82' title="bbox 1000 3538 1795 3617; baseline 0.005 -19"><span class='ocrx_word' id='word_1_395' title='bbox 1000 3538 1151 3602; x_wconf 87' lang='lat' dir='ltr'><strong>libertate</strong></span> <span class='ocrx_word' id='word_1_396' title='bbox 1164 3539 1314 3610; x_wconf 85' lang='lat' dir='ltr'><strong>certavit,</strong></span> <span class='ocrx_word' id='word_1_397' title='bbox 1330 3539 1439 3601; x_wconf 88' lang='lat' dir='ltr'><strong>virum</strong></span> <span class='ocrx_word' id='word_1_398' title='bbox 1450 3541 1595 3615; x_wconf 79' lang='lat' dir='ltr'><strong>expertae</strong></span> <span class='ocrx_word' id='word_1_399' title='bbox 1611 3540 1795 3617; x_wconf 88' lang='lat' dir='ltr'><strong>probibatis</strong></span> 
     </span>
     <span class='ocr_line' id='line_1_83' title="bbox 1000 3635 1795 3714; baseline 0.008 -20"><span class='ocrx_word' id='word_1_400' title='bbox 1000 3635 1121 3698; x_wconf 87' lang='lat' dir='ltr'><strong>habeat</strong></span> <span class='ocrx_word' id='word_1_401' title='bbox 1146 3651 1383 3704; x_wconf 89' lang='lat' dir='ltr'><strong>successorem,</strong></span> <span class='ocrx_word' id='word_1_402' title='bbox 1414 3637 1575 3710; x_wconf 84' lang='lat' dir='ltr'><strong>Pragensi</strong></span> <span class='ocrx_word' id='word_1_403' title='bbox 1596 3638 1742 3714; x_wconf 88' lang='lat' dir='ltr'><strong>capitulo</strong></span> <span class='ocrx_word' id='word_1_404' title='bbox 1758 3638 1795 3700; x_wconf 90' lang='lat' dir='ltr'><strong>in</strong></span> 
     </span>
     <span class='ocr_line' id='line_1_84' title="bbox 1001 3732 1796 3810; baseline 0.004 -18"><span class='ocrx_word' id='word_1_405' title='bbox 1001 3732 1199 3793; x_wconf 89' lang='lat' dir='ltr'><strong>celebranda</strong></span> <span class='ocrx_word' id='word_1_406' title='bbox 1215 3732 1379 3792; x_wconf 89' lang='lat' dir='ltr'><strong>electione</strong></span> <span class='ocrx_word' id='word_1_407' title='bbox 1391 3732 1557 3807; x_wconf 84' lang='lat' dir='ltr'><strong>pontificis</strong></span> <span class='ocrx_word' id='word_1_408' title='bbox 1569 3748 1639 3805; x_wconf 92' lang='lat' dir='ltr'><strong>vos,</strong></span> <span class='ocrx_word' id='word_1_409' title='bbox 1657 3733 1697 3794; x_wconf 93' lang='lat' dir='ltr'><strong>de</strong></span> <span class='ocrx_word' id='word_1_410' title='bbox 1712 3750 1796 3810; x_wconf 82' lang='lat' dir='ltr'><strong>quo·-</strong></span> 
     </span>
     <span class='ocr_line' id='line_1_85' title="bbox 1000 3827 1797 3906; baseline 0 -16"><span class='ocrx_word' id='word_1_411' title='bbox 1000 3829 1293 3906; x_wconf 88' lang='lat' dir='ltr'><strong>rumprovidentia</strong></span> <span class='ocrx_word' id='word_1_412' title='bbox 1317 3828 1464 3902; x_wconf 79' lang='lat' dir='ltr'><strong>gerimus</strong></span> <span class='ocrx_word' id='word_1_413' title='bbox 1488 3827 1643 3888; x_wconf 83' lang='lat' dir='ltr'><strong>fiduciam</strong></span> <span class='ocrx_word' id='word_1_414' title='bbox 1665 3830 1797 3906; x_wconf 87' lang='lat' dir='ltr'><strong>specia-</strong></span> 
     </span>
     <span class='ocr_line' id='line_1_86' title="bbox 999 3923 1796 4000; baseline 0 -14"><span class='ocrx_word' id='word_1_415' title='bbox 999 3926 1075 3998; x_wconf 88' lang='lat' dir='ltr'><strong>lem,</strong></span> <span class='ocrx_word' id='word_1_416' title='bbox 1090 3925 1300 3987; x_wconf 87' lang='lat' dir='ltr'><strong>consiliarios</strong></span> <span class='ocrx_word' id='word_1_417' title='bbox 1315 3923 1470 3984; x_wconf 77' lang='lat' dir='ltr'><strong>duximus</strong></span> <span class='ocrx_word' id='word_1_418' title='bbox 1484 3924 1715 4000; x_wconf 88' lang='lat' dir='ltr'><strong>providendos,</strong></span> <span class='ocrx_word' id='word_1_419' title='bbox 1728 3927 1796 3986; x_wconf 87' lang='lat' dir='ltr'><strong>eis-</strong></span> 
     </span>
     <span class='ocr_line' id='line_1_87' title="bbox 1000 4021 1793 4100; baseline 0.001 -17"><span class='ocrx_word' id='word_1_420' title='bbox 1000 4039 1063 4100; x_wconf 87' lang='lat' dir='ltr'><strong>que</strong></span> <span class='ocrx_word' id='word_1_421' title='bbox 1078 4022 1271 4099; x_wconf 88' lang='lat' dir='ltr'><strong>perscripta</strong></span> <span class='ocrx_word' id='word_1_422' title='bbox 1282 4024 1396 4082; x_wconf 88' lang='lat' dir='ltr'><strong>nostra</strong></span> <span class='ocrx_word' id='word_1_423' title='bbox 1411 4021 1652 4092; x_wconf 89' lang='lat' dir='ltr'><strong>mandavimus,</strong></span> <span class='ocrx_word' id='word_1_424' title='bbox 1666 4025 1702 4084; x_wconf 86' lang='lat' dir='ltr'><strong>ui</strong></span> <span class='ocrx_word' id='word_1_425' title='bbox 1717 4039 1793 4084; x_wconf 92' lang='lat' dir='ltr'><strong>cum</strong></span> 
     </span>
     <span class='ocr_line' id='line_1_88' title="bbox 1000 4119 1795 4196; baseline 0.001 -15"><span class='ocrx_word' id='word_1_426' title='bbox 1000 4119 1139 4181; x_wconf 92' lang='lat' dir='ltr'><strong>consilio</strong></span> <span class='ocrx_word' id='word_1_427' title='bbox 1155 4121 1266 4178; x_wconf 88' lang='lat' dir='ltr'><strong>vestro</strong></span> <span class='ocrx_word' id='word_1_428' title='bbox 1286 4133 1473 4194; x_wconf 88' lang='lat' dir='ltr'><strong>personam,</strong></span> <span class='ocrx_word' id='word_1_429' title='bbox 1491 4134 1564 4196; x_wconf 75' lang='grc'><strong>333</strong></span> <span class='ocrx_word' id='word_1_430' title='bbox 1588 4121 1681 4181; x_wconf 80' lang='lat' dir='ltr'><strong>tanto</strong></span> <span class='ocrx_word' id='word_1_431' title='bbox 1710 4135 1795 4182; x_wconf 83' lang='lat' dir='ltr'><strong>con-</strong></span> 
     </span>
     <span class='ocr_line' id='line_1_89' title="bbox 999 4213 1796 4293; baseline 0.003 -17"><span class='ocrx_word' id='word_1_432' title='bbox 999 4216 1099 4292; x_wconf 87' lang='lat' dir='ltr'><strong>gruat</strong></span> <span class='ocrx_word' id='word_1_433' title='bbox 1113 4216 1207 4276; x_wconf 87' lang='lat' dir='ltr'><strong>oneri</strong></span> <span class='ocrx_word' id='word_1_434' title='bbox 1226 4216 1259 4276; x_wconf 91' lang='lat' dir='ltr'><strong>et</strong></span> <span class='ocrx_word' id='word_1_435' title='bbox 1272 4215 1403 4286; x_wconf 89' lang='lat' dir='ltr'><strong>honori,</strong></span> <span class='ocrx_word' id='word_1_436' title='bbox 1424 4213 1489 4275; x_wconf 90' lang='lat' dir='ltr'><strong>sibi</strong></span> <span class='ocrx_word' id='word_1_437' title='bbox 1504 4215 1632 4292; x_wconf 88' lang='lat' dir='ltr'><strong>eligant</strong></span> <span class='ocrx_word' id='word_1_438' title='bbox 1645 4216 1680 4276; x_wconf 91' lang='lat' dir='ltr'><strong>in</strong></span> <span class='ocrx_word' id='word_1_439' title='bbox 1705 4217 1796 4293; x_wconf 87' lang='lat' dir='ltr'><strong>epis-</strong></span> 
     </span>
     <span class='ocr_line' id='line_1_90' title="bbox 1000 4314 1796 4391; baseline 0.004 -16"><span class='ocrx_word' id='word_1_440' title='bbox 1000 4329 1117 4390; x_wconf 92' lang='lat' dir='ltr'><strong>copum</strong></span> <span class='ocrx_word' id='word_1_441' title='bbox 1132 4314 1165 4374; x_wconf 88' lang='lat' dir='ltr'><strong>et</strong></span> <span class='ocrx_word' id='word_1_442' title='bbox 1176 4315 1352 4388; x_wconf 89' lang='lat' dir='ltr'><strong>pastorem,</strong></span> <span class='ocrx_word' id='word_1_443' title='bbox 1370 4327 1409 4373; x_wconf 90' lang='lat' dir='ltr'><strong>ac</strong></span> <span class='ocrx_word' id='word_1_444' title='bbox 1424 4328 1499 4374; x_wconf 88' lang='lat' dir='ltr'><strong>cum</strong></span> <span class='ocrx_word' id='word_1_445' title='bbox 1514 4328 1589 4374; x_wconf 90' lang='lat' dir='ltr'><strong>cum</strong></span> <span class='ocrx_word' id='word_1_446' title='bbox 1605 4314 1733 4391; x_wconf 86' lang='lat' dir='ltr'><strong>aliquot</strong></span> <span class='ocrx_word' id='word_1_447' title='bbox 1753 4331 1796 4378; x_wconf 86' lang='lat' dir='ltr'><strong>ex</strong></span> 
     </span>
     <span class='ocr_line' id='line_1_91' title="bbox 999 4409 1797 4485; baseline 0.001 -14"><span class='ocrx_word' id='word_1_448' title='bbox 999 4409 1197 4472; x_wconf 88' lang='lat' dir='ltr'><strong>electoribus</strong></span> <span class='ocrx_word' id='word_1_449' title='bbox 1226 4412 1299 4485; x_wconf 86' lang='lat' dir='ltr'><strong>ejus</strong></span> <span class='ocrx_word' id='word_1_450' title='bbox 1334 4410 1590 4470; x_wconf 85' lang='lat' dir='ltr'><strong>examinandum</strong></span> <span class='ocrx_word' id='word_1_451' title='bbox 1614 4412 1647 4472; x_wconf 89' lang='grc'><strong>31</strong></span> <span class='ocrx_word' id='word_1_452' title='bbox 1673 4412 1797 4474; x_wconf 86' lang='lat' dir='ltr'><strong>contir-</strong></span> 
     </span>
     <span class='ocr_line' id='line_1_92' title="bbox 1000 4505 1795 4583; baseline 0 -15"><span class='ocrx_word' id='word_1_453' title='bbox 1000 4507 1155 4568; x_wconf 90' lang='lat' dir='ltr'><strong>mandum</strong></span> <span class='ocrx_word' id='word_1_454' title='bbox 1183 4505 1225 4566; x_wconf 91' lang='lat' dir='ltr'><strong>ad</strong></span> <span class='ocrx_word' id='word_1_455' title='bbox 1253 4505 1400 4566; x_wconf 88' lang='lat' dir='ltr'><strong>nostram</strong></span> <span class='ocrx_word' id='word_1_456' title='bbox 1431 4508 1549 4571; x_wconf 87' lang='lat' dir='ltr'><strong>curent</strong></span> <span class='ocrx_word' id='word_1_457' title='bbox 1583 4509 1795 4583; x_wconf 89' lang='lat' dir='ltr'><strong>praesentiam</strong></span> 
     </span>
     <span class='ocr_line' id='line_1_93' title="bbox 1000 4603 1795 4680; baseline -0.001 -15"><span class='ocrx_word' id='word_1_458' title='bbox 1000 4604 1179 4665; x_wconf 88' lang='lat' dir='ltr'><strong>destinare.</strong></span> <span class='ocrx_word' id='word_1_459' title='bbox 1197 4603 1339 4680; x_wconf 89' lang='lat' dir='ltr'><strong>ideoque</strong></span> <span class='ocrx_word' id='word_1_460' title='bbox 1357 4603 1551 4665; x_wconf 87' lang='lat' dir='ltr'><strong>discretioni</strong></span> <span class='ocrx_word' id='word_1_461' title='bbox 1567 4605 1685 4664; x_wconf 72' lang='lat' dir='ltr'><strong>vestrae</strong></span> <span class='ocrx_word' id='word_1_462' title='bbox 1707 4619 1795 4680; x_wconf 88' lang='lat' dir='ltr'><strong>prae-</strong></span> 
     </span>
     <span class='ocr_line' id='line_1_94' title="bbox 1000 4699 1794 4776; baseline -0.003 -14"><span class='ocrx_word' id='word_1_463' title='bbox 1000 4701 1143 4762; x_wconf 88' lang='lat' dir='ltr'><strong>sentium</strong></span> <span class='ocrx_word' id='word_1_464' title='bbox 1167 4700 1365 4762; x_wconf 87' lang='lat' dir='ltr'><strong>auctoritate</strong></span> <span class='ocrx_word' id='word_1_465' title='bbox 1393 4699 1602 4770; x_wconf 89' lang='lat' dir='ltr'><strong>mandamus,</strong></span> <span class='ocrx_word' id='word_1_466' title='bbox 1631 4701 1794 4776; x_wconf 89' lang='lat' dir='ltr'><strong>quatenus</strong></span> 
     </span>
     <span class='ocr_line' id='line_1_95' title="bbox 1000 4796 1794 4874; baseline -0.001 -16"><span class='ocrx_word' id='word_1_467' title='bbox 1000 4799 1041 4859; x_wconf 93' lang='lat' dir='ltr'><strong>ad</strong></span> <span class='ocrx_word' id='word_1_468' title='bbox 1066 4799 1173 4874; x_wconf 88' lang='lat' dir='ltr'><strong>ipsam</strong></span> <span class='ocrx_word' id='word_1_469' title='bbox 1199 4797 1375 4858; x_wconf 90' lang='lat' dir='ltr'><strong>ecclesiam</strong></span> <span class='ocrx_word' id='word_1_470' title='bbox 1403 4796 1609 4866; x_wconf 89' lang='lat' dir='ltr'><strong>accedentes,</strong></span> <span class='ocrx_word' id='word_1_471' title='bbox 1633 4796 1794 4857; x_wconf 90' lang='lat' dir='ltr'><strong>studeatis</strong></span> 
     </span>
     <span class='ocr_line' id='line_1_96' title="bbox 1000 4892 1794 4968; baseline -0.001 -13"><span class='ocrx_word' id='word_1_472' title='bbox 1000 4895 1107 4956; x_wconf 89' lang='lat' dir='ltr'><strong>solum</strong></span> <span class='ocrx_word' id='word_1_473' title='bbox 1122 4897 1225 4955; x_wconf 89' lang='lat' dir='ltr'><strong>Deum</strong></span> <span class='ocrx_word' id='word_1_474' title='bbox 1241 4893 1364 4953; x_wconf 89' lang='lat' dir='ltr'><strong>habere</strong></span> <span class='ocrx_word' id='word_1_475' title='bbox 1379 4908 1448 4968; x_wconf 84' lang='lat' dir='ltr'><strong>prae</strong></span> <span class='ocrx_word' id='word_1_476' title='bbox 1473 4892 1591 4962; x_wconf 91' lang='lat' dir='ltr'><strong>oculis,</strong></span> <span class='ocrx_word' id='word_1_477' title='bbox 1615 4893 1651 4952; x_wconf 93' lang='lat' dir='ltr'><strong>ut</strong></span> <span class='ocrx_word' id='word_1_478' title='bbox 1665 4893 1742 4953; x_wconf 91' lang='lat' dir='ltr'><strong>talis</strong></span> <span class='ocrx_word' id='word_1_479' title='bbox 1758 4894 1794 4954; x_wconf 88' lang='lat' dir='ltr'><strong>in</strong></span> 
     </span>
     <span class='ocr_line' id='line_1_97' title="bbox 1000 4988 1795 5069; baseline -0.003 -16"><span class='ocrx_word' id='word_1_480' title='bbox 1000 4996 1072 5069; x_wconf 89' lang='lat' dir='ltr'><strong>ejus</strong></span> <span class='ocrx_word' id='word_1_481' title='bbox 1083 4992 1227 5066; x_wconf 84' lang='lat' dir='ltr'><strong>eligatur</strong></span> <span class='ocrx_word' id='word_1_482' title='bbox 1241 4991 1444 5066; x_wconf 91' lang='lat' dir='ltr'><strong>episcopum,</strong></span> <span class='ocrx_word' id='word_1_483' title='bbox 1461 4988 1546 5064; x_wconf 90' lang='lat' dir='ltr'><strong>quod</strong></span> <span class='ocrx_word' id='word_1_484' title='bbox 1562 5004 1637 5048; x_wconf 91' lang='lat' dir='ltr'><strong>eum</strong></span> <span class='ocrx_word' id='word_1_485' title='bbox 1653 4990 1795 5066; x_wconf 86' lang='lat' dir='ltr'><strong>Aposto-</strong></span> 
     </span>
     <span class='ocr_line' id='line_1_98' title="bbox 1000 5084 1804 5161; baseline 0 -12"><span class='ocrx_word' id='word_1_486' title='bbox 1000 5090 1065 5152; x_wconf 90' lang='lat' dir='ltr'><strong>lica</strong></span> <span class='ocrx_word' id='word_1_487' title='bbox 1081 5089 1182 5149; x_wconf 81' lang='lat' dir='ltr'><strong>Sedes</strong></span> <span class='ocrx_word' id='word_1_488' title='bbox 1205 5087 1324 5148; x_wconf 89' lang='lat' dir='ltr'><strong>debeat</strong></span> <span class='ocrx_word' id='word_1_489' title='bbox 1346 5086 1464 5146; x_wconf 89' lang='lat' dir='ltr'><strong>merito</strong></span> <span class='ocrx_word' id='word_1_490' title='bbox 1489 5084 1684 5161; x_wconf 84' lang='lat' dir='ltr'><strong>approbare.</strong></span> <span class='ocrx_word' id='word_1_491' title='bbox 1703 5086 1804 5156; x_wconf 48' lang='lat' dir='ltr'><strong>Quod,</strong></span> 
     </span>
     <span class='ocr_line' id='line_1_99' title="bbox 1000 5181 1796 5260; baseline -0.008 -10"><span class='ocrx_word' id='word_1_492' title='bbox 1000 5185 1030 5250; x_wconf 90' lang='lat' dir='ltr'><strong>si</strong></span> <span class='ocrx_word' id='word_1_493' title='bbox 1042 5202 1108 5248; x_wconf 89' lang='lat' dir='ltr'><strong>non</strong></span> <span class='ocrx_word' id='word_1_494' title='bbox 1122 5201 1236 5246; x_wconf 90' lang='lat' dir='ltr'><strong>omnes</strong></span> <span class='ocrx_word' id='word_1_495' title='bbox 1249 5185 1302 5244; x_wconf 91' lang='lat' dir='ltr'><strong>his</strong></span> <span class='ocrx_word' id='word_1_496' title='bbox 1315 5181 1536 5258; x_wconf 84' lang='lat' dir='ltr'><strong>exsequendis</strong></span> <span class='ocrx_word' id='word_1_497' title='bbox 1553 5183 1725 5260; x_wconf 87' lang='lat' dir='ltr'><strong>potueritis</strong></span> <span class='ocrx_word' id='word_1_498' title='bbox 1740 5184 1796 5244; x_wconf 90' lang='lat' dir='ltr'><strong>in-</strong></span> 
     </span>
     <span class='ocr_line' id='line_1_100' title="bbox 1000 5278 1793 5355; baseline -0.003 -11"><span class='ocrx_word' id='word_1_499' title='bbox 1000 5285 1137 5355; x_wconf 88' lang='lat' dir='ltr'><strong>teresse,</strong></span> <span class='ocrx_word' id='word_1_500' title='bbox 1154 5283 1219 5344; x_wconf 89' lang='lat' dir='ltr'><strong>duc</strong></span> <span class='ocrx_word' id='word_1_501' title='bbox 1241 5282 1387 5342; x_wconf 87' lang='lat' dir='ltr'><strong>vestrum</strong></span> <span class='ocrx_word' id='word_1_502' title='bbox 1403 5295 1442 5340; x_wconf 89' lang='lat' dir='ltr'><strong>ea</strong></span> <span class='ocrx_word' id='word_1_503' title='bbox 1457 5278 1675 5340; x_wconf 89' lang='lat' dir='ltr'><strong>nibilominus</strong></span> <span class='ocrx_word' id='word_1_504' title='bbox 1690 5295 1793 5342; x_wconf 77' lang='lat' dir='ltr'><strong>exse-</strong></span> 
     </span>
     <span class='ocr_line' id='line_1_101' title="bbox 1000 5377 1795 5457; baseline 0.003 -21"><span class='ocrx_word' id='word_1_505' title='bbox 1000 5381 1153 5457; x_wconf 88' lang='lat' dir='ltr'><strong>quantur.</strong></span> <span class='ocrx_word' id='word_1_506' title='bbox 1182 5378 1300 5440; x_wconf 88' lang='lat' dir='ltr'><strong>Datum</strong></span> <span class='ocrx_word' id='word_1_507' title='bbox 1327 5377 1493 5448; x_wconf 81' lang='lat' dir='ltr'><strong>Laterani,</strong></span> <span class='ocrx_word' id='word_1_508' title='bbox 1512 5379 1686 5442; x_wconf 78' lang='lat' dir='ltr'><strong>Hlnonas</strong></span> <span class='ocrx_word' id='word_1_509' title='bbox 1701 5379 1795 5440; x_wconf 84' lang='lat' dir='ltr'><strong>octo-</strong></span> 
     </span>
     <span class='ocr_line' id='line_1_102' title="bbox 999 5475 1647 5554; baseline -0.008 -16"><span class='ocrx_word' id='word_1_510' title='bbox 999 5477 1080 5550; x_wconf 90' lang='lat' dir='ltr'><strong>bris,</strong></span> <span class='ocrx_word' id='word_1_511' title='bbox 1097 5475 1309 5554; x_wconf 87' lang='lat' dir='ltr'><strong>pontiilcatus</strong></span> <span class='ocrx_word' id='word_1_512' title='bbox 1323 5475 1429 5536; x_wconf 89' lang='lat' dir='ltr'><strong>nostri</strong></span> <span class='ocrx_word' id='word_1_513' title='bbox 1445 5489 1533 5539; x_wconf 87' lang='lat' dir='ltr'><strong>anno</strong></span> <span class='ocrx_word' id='word_1_514' title='bbox 1548 5487 1647 5534; x_wconf 91' lang='lat' dir='ltr'><strong>nono.</strong></span> 
     </span>
    </p>
   </div>
   <div class='ocr_carea' id='block_1_16' title="bbox 0 0 2137 6372">
    <p class='ocr_par' dir='ltr' id='par_1_18' title="bbox 0 0 2137 6372">
     <span class='ocr_line' id='line_1_103' title="bbox 0 0 2137 6372; baseline 0 0"><span class='ocrx_word' id='word_1_515' title='bbox 0 0 2137 6372; x_wconf 95' lang='lat' dir='ltr'><strong> </strong></span> 
     </span>
    </p>
   </div>
  </div>
 </body>
</html>
