4244 6374
769 315 996 388 EPISTOLAE.
1020 316 1098 378 LIB.
1123 319 1208 380 VIII.

482 481 638 568 CXXIX

223 632 275 690 Ad
295 633 504 694 bacconicam
523 637 741 694 Francorum
763 647 901 712 regello

419 763 604 822 10100000
628 765 705 823 1111.

240 885 376 951 13000001,
394 888 495 939 11000011
513 889 557 938 100
573 889 676 947 Η10100.,
692 887 759 948 XIX,
780 905 805 953 p.
821 887 875 938 llo.

366 969 477 1029 aegest,
488 968 533 1018 lib.
550 969 613 1028 Vlll,
627 983 668 1033 ep.
681 970 748 1034 2821

160 1071 204 1128 110
218 1071 285 1144 0011
298 1072 438 1131 Frederici
449 1076 643 1133 Romanorum
657 1076 837 1148 imperatoris
848 1076 877 1132 10
892 1077 956 1132 Ter-

196 1175 257 1216 ram
273 1163 406 1220 Sanctam
422 1163 558 1236 protectio
580 1164 694 1222 obesset
709 1164 796 1236 quieti
814 1163 952 1222 Occiden-

195 1249 241 1319 tis,
258 1264 355 1322 regem
380 1252 554 1310 Ludovicum
570 1253 678 1310 inducit
694 1254 837 1310 Honorius
856 1261 887 1310 ut
901 1267 951 1324 pa·

194 1352 257 1394 cern
273 1339 384 1396 interim
395 1355 460 1398 cum
470 1342 582 1414 angliae
593 1357 662 1414 rege
675 1343 816 1412 conciliet,
829 1343 873 1398 vel
888 1358 954 1400 cum

193 1425 292 1484 eodem
304 1436 438 1502 proroget
449 1429 589 1500 inducias,
600 1431 675 1504 quod
684 1431 854 1504 promiserat
864 1446 953 1504 prope

193 1517 346 1574 moriturus
356 1533 405 1574 rox
420 1517 579 1592 Phihppus.

197 1645 366 1706 Honorius
406 1648 646 1723 episcopus....,
695 1648 870 1710 carissimo
917 1648 953 1708 in

157 1738 290 1802 Christo
305 1741 375 1803 illio
390 1745 504 1806 nostro
519 1745 698 1816 Ludovico,
713 1747 785 1821 regi
800 1747 951 1807 Franco-

156 1853 231 1898 rum
244 1837 380 1913 illustri,
398 1840 550 1914 salutem,
567 1843 630 1904 etc.

197 1937 277 1996 Cum
302 1938 486 2012 cogitamus
511 1939 598 2016 apud
622 1941 842 2016 nosmetipsos
858 1940 952 1999 illum

157 2032 401 2095 indesinentem
442 2052 533 2112 purae
574 2037 762 2099 devotionis
797 2037 952 2098 affectum

157 2146 253 2207 quern
279 2131 413 2208 inclytae
449 2133 617 2195 memoriae
647 2135 876 2211 progenitores
902 2135 952 2196 tui

156 2242 288 2305 semper
309 2230 350 2290 ad
373 2232 474 2292 Deum
505 2231 538 2292 et
561 2235 744 2293 Romanam
769 2233 951 2293 Ecclesiam

155 2324 355 2397 habuerunt,
372 2327 503 2403 plenam
525 2345 616 2405 spem
634 2329 855 2406 fiduciamque
873 2345 953 2390 con-

156 2423 308 2498 cipimus,
332 2424 418 2500 0001
434 2441 453 2485 0
468 2427 501 2486 10
517 2425 651 2486 illorum
671 2443 864 2489 successore
885 2443 952 2489 non

158 2520 267 2580 solum
281 2521 317 2582 in
330 2521 456 2582 honore
471 2523 578 2598 regni,
596 2524 653 2586 sed
669 2524 769 2588 etiam
784 2525 821 2584 10
836 2525 950 2585 01000-

155 2617 257 2678 011010
273 2618 349 2679 lidei
364 2620 397 2680 et
411 2620 554 2681 aliarum
568 2621 687 2682 decore
702 2621 875 2694 virtutum,
893 2623 950 2682 ni-

155 2713 204 2774 hil
218 2715 342 2778 1000100
355 2718 503 2794 petemus
515 2719 602 2796 quod
618 2735 678 2780 nos
694 2723 806 2796 petere
822 2720 950 2789 deceat,

155 2812 233 2873 0110
254 2813 381 2889 100000;
397 2815 579 2892 quinimmo
594 2833 725 2892 semper
740 2815 827 2894 apud
848 2820 949 2878 Sere-

155 2909 293 2973 nitatem
322 2911 413 2972 tuam
450 2913 585 2990 plenum
619 2901 789 2991 pet'tionis
827 2915 951 2976 0001000

155 3009 391 3086 consequimur
419 3010 584 3071 effectum.
614 3011 706 3072 Licet
734 3012 845 3072 autem
864 3011 951 3073 hanc

155 3104 195 3164 de
210 3105 242 3166 te
258 3105 412 3166 liduciam
427 3107 461 3166 in
477 3106 630 3168 omnibus
650 3123 804 3183 geramus
818 3107 950 3169 casibus

155 3202 188 3264 et
201 3203 362 3276 articulis,
379 3205 414 3264 in
429 3204 497 3265 illis
512 3204 623 3265 tamen
639 3221 711 3266 eam
733 3207 877 3266 maxime
892 3221 951 3282 ge-

156 3299 275 3373 rimus,
291 3301 327 3361 10
342 3301 514 3378 quibusda
530 3302 654 3363 divinis
669 3303 837 3380 obsequiis
854 3304 886 3365 et
910 3305 951 3364 de

157 3413 260 3459 causa
282 3399 419 3460 honoris
443 3401 492 3462 tui
519 3401 631 3476 agitur
656 3401 689 3463 01
708 3401 836 3462 salutis.
863 3404 951 3462 Sane

156 3496 215 3557 tua
227 3495 414 3558 sublimitas
429 3514 495 3559 non
510 3498 644 3575 ignorat
654 3499 740 3577 0001
757 3499 950 3560 carissimus

118 3669 119 3672 Ἴ
154 3593 190 3654 10
204 3594 334 3656 Christo
351 3595 438 3656 tilius
454 3598 568 3658 noster
582 3597 791 3669 Fredericus,
807 3597 949 3658 illustris

155 3693 381 3753 Romanorum
403 3694 594 3770 imperator,
623 3709 755 3770 semper
776 3695 948 3770 augustus,

154 3789 189 3850 et
202 3805 263 3850 rex
279 3789 412 3862 Siciliae,
426 3793 461 3852 in
477 3791 642 3868 colloquio
654 3792 751 3868 quod,
766 3808 853 3853 anno
869 3808 951 3869 prae·

154 3887 265 3958 100110,
281 3887 452 3948 nobiscum
468 3889 584 3950 habuit
604 3890 638 3949 in
654 3890 845 3966 Campania,
863 3906 952 3966 prae-

155 3983 233 4044 stilo
248 3984 466 4061 corporaliter
477 3989 678 4063 juramento,
691 3986 836 4048 firmavit
851 3986 948 4064 quod,

154 4079 340 4143 akalendis
353 4083 487 4158 augusti
509 4083 661 4159 proximo
686 4100 775 4144 nunc
801 4084 951 4145 venturis

155 4177 197 4238 ad
226 4194 350 4239 annum
374 4195 489 4246 unum,
519 4179 750 4243 transfretabit
778 4181 813 4241 iu
838 4185 950 4241 Terrae

155 4276 285 4338 Sanctae
306 4275 500 4338 subsidIum.
526 4277 620 4338 Unde
645 4293 717 4351 000,
743 4279 949 4340 01100100100

106 4407 108 4410 -
154 4388 228 4434 esse
239 4375 444 4449 permaxime
454 4375 681 4436 necessarium
691 4376 728 4437 ut
739 4376 952 4437 interChris-

153 4471 263 4532 tianos
275 4487 399 4544 omnes,
417 4487 456 4532 ac
471 4472 616 4533 maxime
632 4472 720 4533 inter
734 4473 951 4534 excellentio-

60 4591 64 4600 ·
153 4583 209 4628 res
219 4567 398 4645 principes,
415 4585 482 4647 pax
496 4569 549 4630 vel
560 4571 678 4645 treuga
691 4570 837 4641 interim,
853 4571 951 4647 prout

154 4665 255 4726 etiam
286 4666 463 4727 statuimus
500 4667 536 4728 in
576 4667 742 4746 colloquio
770 4668 948 4739 antedicto,

155 4764 341 4835 serventur,
365 4765 527 4840 qnatenus
543 4765 607 4842 ipsi
628 4767 739 4826 Terrae
764 4765 893 4826 Sanctae
908 4765 952 4825 li·

153 4857 266 4921 berius
286 4861 399 4922 veniat
411 4877 454 4922 ex
466 4863 556 4922 omni
572 4863 666 4939 parte
682 4862 797 4922 mundi
812 4877 952 4923 succur-

154 4973 222 5030 sus,
244 4957 343 5020 claraa
366 4959 608 5020 recordationis
623 4959 814 5036 Philippum
839 4975 950 5034 regem

154 5055 316 5128 Francius,
335 5057 462 5132 patrem
484 5058 586 5128 tuum,
605 5057 661 5132 qui
677 5073 738 5119 nos
762 5057 952 5134 specialiter

154 5152 293 5214 caritate
307 5153 436 5225 dilexit,
451 5154 579 5215 intenta
594 5169 692 5230 prece
708 5155 901 5230 rogavimus
916 5153 953 5214 01

154 5263 228 5309 cum
255 5249 428 5310 carissimo
458 5251 527 5311 lilio
559 5251 673 5312 nostro
703 5252 847 5312 Henrico
871 5267 951 5327 rege

153 5345 335 5421 Anglorum
350 5347 473 5409 illustri
483 5348 584 5410 101001
593 5347 718 5409 foedera
730 5349 833 5409 tirmae
848 5348 949 5424 pacis,

152 5443 206 5505 vel
220 5444 336 5505 saltem
351 5444 487 5520 treugas
499 5462 572 5522 quae
584 5447 673 5508 inter
687 5447 778 5523 ipsos
795 5445 951 5507 stabilitae

153 5539 296 5613 fuerant,
325 5547 543 5619 prorogaret:
568 5545 624 5621 qui
652 5543 833 5606 secundum
848 5545 951 5604 inna-

152 5638 220 5700 tam
237 5637 300 5697 sibi
319 5638 556 5714 benignitatem
583 5643 806 5719 pietatemque
827 5641 952 5718 promi-

1748 297 1809 386 ara

1010 477 1065 546 sit,
1083 477 1170 553 quod
1197 479 1394 554 prorogaret
1416 479 1552 556 treugas
1564 481 1656 559 ipsas
1671 498 1807 560 precum

965 583 966 586 ’
1010 574 1200 635 nostrarum
1209 575 1344 637 obtentu
1355 576 1387 637 et
1397 576 1519 638 intuitu
1529 581 1641 640 Terrae
1657 581 1804 658 800010ος

1011 670 1068 732 001
1083 673 1338 748 promissionem
1357 689 1463 745 suam,
1485 677 1590 738 morte
1605 680 1806 753 praeventus,

912 763 932 778 '⁸
1010 768 1194 844 adimplere
1209 771 1370 846 nequivit.

1050 868 1170 927 Preces
1185 867 1290 943 igitur
1304 885 1388 944 quas
1404 885 1504 946 super
1518 871 1582 932 hoc
1596 871 1704 932 eidem
1719 874 1807 950 patri

1009 962 1066 1024 tuo
1079 964 1301 1040 porreximus,
1318 981 1396 1026 ecce
1411 967 1446 1026 in
1472 967 1610 1028 auribus
1632 970 1807 1031 celsitudi-

1009 1059 1061 1120 nis
1072 1062 1137 1122 tuae
1149 1077 1224 1122 cum
1239 1078 1358 1138 magna
1373 1064 1494 1124 liducia
1507 1065 1720 1141 replicamus,
1736 1084 1807 1144 spe-

1009 1159 1167 1220 rantestc
1182 1159 1258 1220 illas
1274 1161 1366 1221 tanto
1388 1161 1557 1224 efficacius
1580 1163 1804 1240 impleturum,

1010 1256 1132 1331 quanto
1148 1258 1291 1333 amplius
1306 1259 1398 1319 tuam
1421 1259 1514 1322 decet
1527 1261 1735 1323 clementiam
1751 1263 1807 1338 010

1009 1353 1115 1428 100100
1131 1355 1235 1430 001010
1250 1356 1299 1416 101
1324 1356 1506 1434 adimplere
1530 1360 1705 1435 promissa,
1720 1375 1806 1436 qua-

1008 1451 1105 1510 tenus
1121 1467 1236 1512 eorum
1263 1452 1407 1514 salubris
1431 1455 1579 1530 impletio
1604 1471 1670 1517 non
1699 1457 1807 1518 solum

1007 1547 1085 1618 1000,
1112 1547 1169 1609 001
1190 1549 1290 1611 etiam
1305 1551 1455 1627 ejusdem
1479 1553 1584 1628 patris
1604 1552 1654 1613 101
1682 1555 1804 1616 animae

1008 1645 1183 1719 proveniat
1208 1646 1422 1714 adsalutem.
1451 1649 1610 1725 Denique,
1638 1649 1666 1710 si
1690 1652 1805 1713 contra

1007 1741 1075 1801 tam
1089 1740 1302 1816 favorabiles,
1326 1745 1393 1804 tam
1408 1745 1481 1821 pias
1496 1746 1629 1822 tamque
1644 1763 1804 1808 necessa-

1008 1837 1077 1898 rias
1091 1854 1206 1914 preces
1218 1841 1350 1902 nostras
1368 1843 1461 1904 tuum
1478 1840 1576 1920 [quod
1593 1844 1678 1906 absit
1691 1843 1712 1922 ll
1730 1845 1806 1906 ani-

1008 1951 1098 1995 mum
1130 1934 1336 2010 obfirmares,
1367 1940 1608 2015 parvipendere
1643 1941 1805 2002 videreris

1007 2031 1166 2107 injuriam
1181 2036 1261 2094 lesu
1272 2035 1405 2107 Christi,
1422 2037 1805 2113 parvipenderevidere-

1007 2129 1056 2188 ris
1086 2130 1171 2205 quod
1200 2133 1315 2206 gentes
1345 2132 1379 2192 in
1409 2133 1637 2196 haereditatem
1671 2136 1803 2196 Domini

1006 2226 1171 2288 venerunt
1194 2228 1226 2289 et
1248 2229 1439 2306 polluerunt
1454 2233 1700 2292 sanctissimum
1715 2235 1804 2293 tem·

1007 2323 1096 2400 plum
1112 2327 1196 2402 ejus,
1209 2341 1248 2386 ac
1258 2326 1365 2402 ipsius
1373 2329 1391 2388 J
1394 2344 1453 2388 esu
1467 2329 1590 2391 ChrIsti
1601 2329 1801 2406 sepulcrum,

1007 2422 1092 2496 quod
1108 2424 1270 2500 propheta
1281 2425 1465 2499 gloriosum
1476 2425 1803 2503 loretantotempore

1007 2521 1084 2580 ante
1111 2520 1276 2596 praedixit,
1316 2523 1536 2598 ingloriosum
1573 2525 1799 2587 reddiderunt.

1007 2618 1114 2689 Certe,
1131 2619 1158 2678 si
1176 2619 1249 2695 quis
1264 2620 1485 2683 vassallorum
1502 2624 1632 2683 tuorum
1649 2638 1668 2682 a
1683 2623 1716 2683 10
1740 2639 1800 2684 ro-

1006 2716 1104 2788 gatus
1132 2731 1247 2792 pacem
1272 2719 1330 2777 aut
1362 2718 1494 2793 treugas
1521 2719 1608 2780 inire
1636 2735 1710 2779 cum
1735 2721 1802 2780 alio

1006 2812 1167 2873 exaudire
1181 2814 1347 2884 renueret,
1359 2810 1392 2875 01
1401 2816 1491 2876 10000
1501 2816 1559 2876 100
1569 2818 1758 2878 remaneret
1766 2817 1802 2879 in

1006 2910 1169 2985 potestate
1191 2909 1336 2971 bostium
1352 2911 1415 2971 hac
1438 2911 1478 2972 de
1494 2928 1605 2984 causa,
1626 2913 1658 2972 11
1674 2928 1803 2990 nequa-

1006 3022 1104 3085 qnam
1119 3007 1353 3083 aequanimiter
1369 3009 1754 3089 sustineres,quinimmo
1769 3012 1804 3072 in

1006 3103 1176 3165 fidelitatis
1192 3120 1361 3180 argueres,
1375 3108 1408 3167 et
1419 3106 1509 3168 feudi
1522 3107 1608 3186 quod
1622 3124 1641 3169 a
1656 3110 1688 3171 10
1701 3109 1801 3178 10001,

1005 3202 1179 3278 reputares
1197 3201 1382 3278 iudignum.
1413 3206 1541 3275 Quanto
1565 3207 1669 3282 igitur
1694 3207 1802 3267 studio

1005 3300 1055 3360 est
1069 3298 1128 3360 tibi
1141 3299 1381 3376 providendum
1397 3317 1449 3373 ne,
1472 3301 1558 3379 quod
1573 3303 1672 3363 homo
1697 3303 1802 3364 susti-

1005 3412 1085 3457 nere
1097 3396 1204 3458 nolles
1220 3397 1261 3458 ab
1277 3396 1423 3471 homine,
1441 3399 1546 3461 facias
1561 3402 1676 3462 000100
1689 3401 1803 3462 Domi-

1006 3495 1098 3555 nium
1114 3498 1217 3556 Deum
1233 3497 1337 3568 tuum,
1362 3513 1382 3557 a
1409 3513 1472 3574 quc
1495 3497 1599 3558 habes
1613 3515 1679 3559 non
1695 3499 1802 3559 solum

1006 3594 1117 3653 omnia
1131 3592 1218 3654 bona
1231 3593 1299 3665 tua,
1315 3593 1373 3655 sed
1387 3594 1487 3656 etiam
1499 3596 1726 3672 temetipsuml

1046 3693 1213 3766 Rogamus
1233 3691 1335 3766 igitur
1350 3692 1583 3752 excellentiam
1602 3694 1694 3753 tuam
1712 3693 1803 3754 omni

1005 3775 1189 3862 attentione
1213 3804 1278 3866 qua
1305 3805 1501 3864 possumus,
1527 3791 1560 3851 01
1588 3789 1801 3851 obsecramus

1005 3902 1065 3963 000
1093 3887 1320 3962 aspersionem
1355 3887 1527 3962 sanguinis
1553 3889 1633 3948 Jesu
1667 3887 1801 3958 Christi,

1007 3983 1142 4061 001000
1172 3985 1204 4043 10
1228 3983 1326 4044 morti
1351 3983 1461 4044 crucis
1483 3984 1620 4046 tradidit
1648 3985 1805 4062 semetip-

1006 4097 1090 4152 sum,
1109 4096 1148 4141 ac
1162 4078 1223 4141 tibi
1238 4080 1273 4140 in
1286 4080 1484 4141 remissione
1500 4081 1706 4157 injungimus
1720 4097 1802 4158 pec-

1005 4179 1803 4255 catorum,quatenus,specialiteripsiusintuitu

1004 4279 1084 4338 Jesu
1099 4277 1233 4347 Christi,
1249 4275 1282 4336 et
1300 4277 1411 4337 Terrae
1436 4277 1471 4336 in
1497 4293 1562 4353 qua
1584 4278 1717 4352 generis
1739 4277 1805 4338 hu-

1005 4374 1096 4434 mani
1111 4373 1252 4434 salutem
1267 4373 1431 4434 ineffabili
1452 4375 1574 4450 pietate
1596 4375 1704 4436 voluit
1724 4391 1805 4452 ope-

1005 4469 1085 4541 rari,
1103 4485 1177 4529 cum
1202 4469 1340 4545 praelato
1358 4470 1539 4546 Anglorum
1566 4487 1656 4547 rege,
1681 4471 1804 4532 0111001

1005 4567 1122 4644 potest,
1137 4567 1232 4628 10000
1248 4567 1376 4630 firmam
1393 4569 1589 4645 0000001οΙ
1611 4570 1730 4630 saltem
1746 4585 1804 4630 us-

1005 4665 1125 4741 quoad
1145 4667 1400 4742 quadriennium
1418 4668 1553 4742 treugas
1572 4682 1731 4743 proroges
1746 4667 1804 4725 in-

1005 4762 1056 4823 ter
1070 4763 1102 4824 te
1117 4779 1157 4823 ac
1172 4764 1281 4840 ipsum
1301 4764 1462 4826 hactenus
1478 4763 1682 4836 observatas,
1704 4779 1756 4834 ne,
1775 4761 1803 4822 si

1006 4860 1104 4922 aliter
1116 4859 1246 4934 leceris,
1264 4862 1369 4938 ipsius
1380 4865 1492 4922 Terrae
1509 4863 1639 4923 Sanctae
1659 4876 1801 4922 succur-

1007 4974 1090 5030 sum,
1129 4959 1186 5035 qui
1210 4974 1276 5019 non
1305 4959 1423 5034 magis,
1459 4959 1560 5018 immo
1588 4973 1650 5019 neo
1675 4959 1827 5020 tantum·

1007 5056 1181 5119 consuevit
1193 5072 1253 5132 per
1265 5056 1397 5134 aliquos
1414 5056 1498 5116 alios
1514 5071 1613 5132 quam
1629 5071 1689 5133 per
1707 5071 1804 5132 reges

1007 5153 1040 5214 et
1051 5169 1189 5228 regnum
1202 5155 1352 5215 Franciae
1363 5154 1563 5231 promoveri,
1576 5156 1691 5215 contra
1704 5154 1806 5230 impe·

1008 5249 1078 5310 dire
1096 5249 1197 5328 (quod
1222 5251 1351 5312 avertat
1373 5249 1568 5329 Dominusl)
1590 5251 1746 5322 videaris,
1765 5266 1804 5312 ac

1007 5348 1232 5425 prosecutioni
1274 5363 1384 5408 causae
1420 5349 1564 5424 propriae
1599 5348 1802 5418 insistendo,

1007 5446 1230 5517 contemnere,
1244 5445 1346 5506 immo
1363 5445 1566 5507 confundere
1586 5448 1804 5507 0000000110-

1007 5543 1089 5604 mini
1102 5543 1223 5604 Ι)01101
1241 5544 1274 5605 01
1288 5543 1390 5604 101100
1404 5544 1517 5620 000011
1533 5543 1720 5605 christiani.
1737 5545 1803 5602 Ta-

1007 5641 1086 5702 liter
1110 5655 1189 5716 0000
1213 5641 1374 5702 exaudias
1405 5657 1521 5717 preces
1548 5642 1690 5712 nostras,
1717 5640 1803 5717 quod
