4258 6394
326 297 384 362 ffit
926 327 930 336 ·
953 293 1128 358 Hortolul
1151 293 1197 354 III
1218 290 1367 355 OPERA.
1662 293 1668 300 ’
1909 295 1971 356 352

323 459 436 520 tenses
473 455 570 518 uobis
607 451 839 532 conquerendo
878 453 1116 524 monstrarunt,
1174 449 1305 514 dilectis
1320 450 1398 511 llliis
1420 447 1566 527 capitulo
1589 451 1810 524 Narbonensi,
1828 451 1970 518 salutem

324 555 411 636 quod
426 569 526 633 quum
545 553 626 614 3133
642 549 725 612 Sede
740 549 928 627 apostolica
946 549 989 610 sit
1002 549 1117 609 indul-
1173 549 1207 608 31
1220 545 1446 624 apostolicam
1460 548 1735 610 benedictionem.

322 655 406 720 tum,
431 651 467 712 ut
493 664 588 712 nemo
613 647 688 708 sine
714 646 869 708 cautione
894 643 1118 706 communium
1212 643 1409 718 Apostolicae
1425 645 1519 705 Sedis
1534 645 1722 721 benignitas
1738 647 1873 723 provide
1887 663 1970 724 peu-

323 751 510 813 litterarum
525 745 674 821 recipere
693 743 815 804 audeat
834 741 1002 822 professos
1022 741 1117 802 ordi·
1173 755 1250 801 sans
1265 737 1383 802 merita
1399 740 1606 816 singulorum
1620 743 1674 819 pie
1694 745 1867 804 consuevit
1886 745 1966 816 illis,

323 864 401 911 nem
429 840 632 912 eorumdem,
657 841 790 917 quidam
816 841 974 910 vestrum,
1002 839 1116 899 contra
1172 837 1836 913 3133331111133313313333111333333331
1850 843 1969 916 gratiae

322 939 512 1020 hujusmodi
532 937 743 1015 privilegium
762 937 945 1008 venientes,
969 936 1117 1012 ipsorum
1171 933 1383 1010 respondere,
1401 937 1437 996 ut
1448 936 1482 997 31
1501 935 1566 1012 ipsi
1582 937 1622 997 13
1633 937 1760 999 devotis
1782 938 1969 1000 devotiores

322 1039 490 1119 professos
511 1034 553 1096 ab
572 1035 621 1095 eis
636 1035 709 1094 sine
734 1033 869 1096 licentia
893 1032 1114 1103 discedentes,
1171 1029 1292 1102 effecti,
1309 1029 1351 1091 31
1363 1031 1617 1108 promerendum
1640 1036 1714 1110 ejus
1728 1034 1870 1110 gratiam
1892 1037 1969 1096 ani-

321 1137 472 1211 recipere
500 1147 567 1193 non
593 1130 762 1192 verentur.
792 1129 885 1192 Unde
917 1129 1005 1192 idem
1035 1128 1116 1190 ordo
1172 1129 1262 1188 ment
1293 1127 1478 1190 indevotos.
1507 1131 1596 1191 Sane
1615 1128 1734 1192 lltterae
1763 1133 1967 1194 venerabilis

321 1230 517 1311 quibusdam
533 1228 638 1290 doctis
650 1228 684 1288 et
695 1226 772 1288 aliis
792 1226 962 1298 iratribus,
980 1225 1116 1287 utilibus
1171 1222 1284 1285 iratris
1297 1226 1402 1286 nostri
1419 1227 1452 1285 d.
1470 1226 1666 1288 Portuensis
1680 1228 1841 1305 episcopi,
1857 1225 1966 1306 Apos-

321 1327 431 1391 ordini
446 1324 639 1395 memorato,
659 1324 709 1385 est
722 1323 912 1401 hujusmodl
925 1323 1116 1400 receptione
1170 1321 1279 1383 1311333
1307 1322 1401 1384 Sedis
1428 1323 1539 1399 legati,
1556 1323 1651 1386 nobis
1671 1325 1829 1387 exhibita
1853 1327 1965 1388 conti-

319 1425 463 1488 iaciliter
483 1422 637 1484 nudatus.
664 1421 747 1492 Quia
768 1421 871 1496 igitur
901 1436 971 1482 non
988 1420 1115 1482 dehetis
1170 1415 1304 1490 nebant,
1326 1420 1412 1496 quod
1437 1421 1538 1496 quum
1553 1423 1650 1493 Boso,
1672 1423 1836 1500 quondam
1865 1423 1967 1486 abbas

319 1521 477 1596 11133333
489 1520 576 1592 aliis,
592 1518 679 1596 quod
690 1517 785 1586 vobis
800 1518 873 1580 lieri
888 1533 954 1580 non
971 1517 1113 1589 velletis,
1170 1516 1363 1577 monasterii
1385 1517 1579 1590 Electensis,
1597 1519 1824 1581 Narbonensis
1841 1521 1967 1584 1111333·

319 1618 512 1686 discretioni
524 1616 644 1680 vostrae
664 1631 723 1694 per
748 1596 973 1694 apostolicam
994 1614 1114 1676 sedem
1169 1612 1226 1683 313,
1244 1612 1420 1690 etquidem
1436 1616 1591 1676 monachi
1614 1616 1666 1677 sui
1677 1617 1793 1678 villam
1812 1617 1966 1680 Elector-

320 1717 471 1780 districte
495 1711 1113 1792 3333313313133313313333313333
1169 1724 1237 1770 sem
1248 1709 1394 1771 inimicis
1403 1710 1480 1772 lldei
1489 1712 1687 1775 Christianae
1699 1715 1966 1790 proditionaliter

318 1815 379 1878 1311
407 1813 502 1874 modo
525 1810 686 1886 receptos,
714 1808 755 1869 ad
782 1809 1113 1871 Grandimontensem
1167 1805 1396 1879 tradidissent,
1412 1823 1571 1886 armaque
1584 1813 1754 1888 portantes
1770 1813 1885 1874 333133
1903 1814 1964 1874 Dei

318 1887 494 1975 ecclesiam
506 1907 721 1978 remittentes,
739 1921 807 1976 eos,
825 1905 877 1969 vel
889 1905 973 1966 alios
984 1903 1114 1981 proies·
1168 1903 1362 1976 Ecclesiam,
1373 1906 1406 1967 31
1416 1908 1531 1967 333133
1540 1907 1789 1984 impugnatores
1797 1908 1965 1972 haereticae

318 1999 375 2070 333
391 2004 540 2068 ordinem
555 2001 789 2079 saepedictum,
810 2000 1112 2076 contra'privilegia
1167 1999 1353 2076 pravitatis,
1392 2001 1427 2062 in
1456 2000 1571 2064 villam
1605 2004 1712 2080 ipsam
1752 2005 1965 2069 induxissent

317 2104 382 2183 ipsi
415 2099 525 2163 ordini
553 2099 594 2165 ab
615 2098 804 2176 apostolica
830 2098 914 2158 Sede
940 2111 1110 2170 concessa,
1167 2095 1354 2171 haereticos
1367 2113 1514 2174 errorem
1530 2101 1765 2178 suumpublice
1777 2104 1965 2180 praedican-

318 2200 507 2263 nullatenus
522 2197 670 2274 recipere
694 2196 734 2257 13
745 2196 865 2256 caetero
889 2194 1108 2272 praesumatis.
1165 2193 1227 2266 tes,
1267 2193 1354 2256 idem
1387 2195 1516 2287 legatus
1545 2197 1735 2275 hujusmodi
1762 2201 1959 2277 perditionis

317 2297 409 2360 113113
437 2293 604 2367 Laterani,
627 2295 674 2356 111
689 2293 763 2354 1133
787 2291 879 2362 maii,
893 2307 982 2360 anno
1003 2293 1109 2354 sexto.
1166 2290 1253 2352 filios
1277 2291 1470 2354 solemniter
1493 2293 1688 2370 degradavit
1716 2297 1756 2358 de
1783 2297 1963 2360 multorum

319 2391 498 2476 [septima]
557 2451 560 2456 ,
653 2399 656 2406 ·
1166 2387 1307 2449 consilio
1318 2389 1543 2466 praelatorum,
1557 2392 1589 2454 31
1603 2393 1669 2453 tam
1680 2393 1755 2456 11133
1766 2411 1864 2472 quam
1877 2395 1963 2459 31133

1165 2487 1243 2545 1333
1254 2483 1362 2562 ipsius
1377 2485 1441 2546 1331
1453 2488 1644 2568 monachos,
1657 2506 1717 2568 per
1732 2505 1870 2568 quorum
1885 2507 1962 2554 ma-

625 2613 802 2700 GXXXH
1165 2580 1271 2642 liliam
1282 2581 1405 2644 dictum
1421 2585 1658 2646 monasterium
1678 2588 1713 2646 in
1730 2589 1963 2664 spiritualibus

1165 2677 1198 2738 et
1212 2679 1246 2738 in
1259 2678 1496 2764 temporalibus
1516 2683 1588 2742 3331
1614 2682 1698 2743 3133
1727 2684 1960 2758 deformatum,

487 2767 539 2827 Ad
552 2765 747 2840 episcopam
761 2762 934 2825 Aretctcn.

606 2891 820 2952 1131311121.

1086 2832 1094 2848 ,
1164 2773 1959 2854 quodversumeratinopprohriumetderisum‚

1164 2885 1184 2932 a
1214 2871 1416 2933 monasterio
1442 2873 1514 2948 ipso
1542 2875 1714 2950 cujusdam
1744 2875 1961 2952 indulgentiae

343 3023 464 3086 [1133331.
475 3018 520 3070 lib.
532 3017 586 3075 vll,
595 3017 670 3082 epist.
682 3016 803 3068 1131133.
814 3017 850 3066 La
859 3015 936 3065 Porto
946 3013 980 3064 du
991 3013 1086 3078 risit]

316 3133 474 3196 113313131
492 3127 694 3206 indulgentius,
713 3143 867 3188 concessas
880 3143 946 3187 oum
963 3131 1009 3188 W.
1031 3143 1107 3186 mer·

350 3223 454 3281 eblone
486 3219 687 3280 ltontislerreti
709 3220 847 3278 Graeciam
876 3219 1031 3287 intraturis,
1059 3233 1109 3290 per

349 3310 524 3384 provinciam
544 3319 625 3366 suam
639 3307 775 3380 publicari
791 3305 886 3364 133131.

353 3435 531 3506 Honorius,
553 3433 628 3506 etc,
645 3433 831 3494 venerabili
859 3431 991 3494 133131...
1015 3432 1107 3508 epis-

314 3547 396 3610 copo
408 3531 575 3602 Arelaten,
595 3529 746 3601 salutem,
761 3531 794 3591 31
815 3573 822 3589 .

353 3628 572 3690 PraesentIum
590 3626 651 3690 tihi
673 3626 871 3688 auctoritate
894 3625 1105 3697 mandamus,

312 3727 476 3804 qnatenus
490 3723 756 3800 indulgentiasa
772 3721 867 3784 nobis
878 3722 981 3784 133133
992 3737 1109 3784 cruce-

312 3823 452 3900 signatis
478 3837 553 3884 cum
579 3819 699 3882 dilecto
730 3821 799 3881 illio
828 3819 931 3882 nobili
953 3819 1026 3882 viro
1052 3822 1105 3882 W.

311 3919 504 3982 marchione
537 3916 774 3979 Montisierrati
806 3917 968 3978 Graeciam
1001 3916 1108 3977 intra-

310 4015 407 4088 turis,
425 4031 525 4092 quum
544 4014 664 4076 litterae
680 4014 801 4076 nostrae
819 4029 919 4090 super
933 4011 996 4073 hoc
1011 4011 1106 4076 133133

310 4115 345 4174 13
365 4111 496 4189 plenius
511 4109 695 4172 edocebunt
716 4124 776 4186 per
789 4109 994 4185 provinciam
1015 4111 1106 4170 tuam

311 4207 469 4286 publicae,
493 4207 527 4268 et
553 4205 656 4267 iacias
672 4205 847 4282 publicari,
874 4223 975 4284 quum
1003 4205 1106 4268 fueris

309 4303 502 4381 requisitus.
525 4302 643 4364 Datum
667 4303 835 4376 Laterani,
853 4305 883 4364 11
908 4304 984 4364 1133
1012 4302 1103 4376 mail,

309 4400 520 4479 pontificatus
533 4401 639 4463 nostri
652 4415 741 4462 anno
752 4400 904 4478 septimo.

607 4648 804 4736 CXXXIII

449 4819 500 4880 Ad
518 4819 743 4880 Narbonense
765 4817 962 4892 capitatum.

602 4945 636 5005 lt
649 4947 716 5004 maii
730 4947 809 5005 lais.

464 5069 558 5132 [Gallia
572 5069 724 5129 Christiana,
737 5069 780 5128 VI,
794 5069 868 5119 13313.
882 5067 947 5130 tlt]

360 5185 539 5245 Narbonensi
547 5185 671 5258 capitulo
681 5184 832 5242 3331133131
846 5182 1050 5242 monasterium

626 5274 786 5332 Electense.

348 5391 516 5454 Honorius
525 5391 713 5478 episcopus,
722 5403 839 5451 servus
849 5403 1022 5451 servorum
1031 5390 1100 5463 Dei,

1164 2971 1286 3030 nostrae
1321 2969 1476 3031 suffultus
1506 2971 1705 3034 auctoritate
1733 2974 1891 3046 removit,
1921 2989 1962 3036 ac

1164 3065 1336 3126 attendens
1347 3065 1432 3142 quod
1445 3067 1586 3129 ecclesia
1600 3071 1710 3131 vestra
1723 3071 1857 3146 negotio
1869 3072 1961 3148 pacis

1165 3163 1198 3224 et
1212 3161 1289 3223 111131
1305 3162 1410 3224 3311111
1418 3163 1584 3225 hactenus
1599 3163 1743 3228 11311133
1756 3169 1789 3230 31
1804 3169 1962 3230 constan·

1163 3261 1226 3332 ter,
1253 3277 1312 3338 pro
1334 3261 1408 3337 ipso
1437 3261 1549 3323 subire
1575 3277 1642 3324 non
1666 3251 1817 3326 metuens
1841 3266 1960 3328 damna

1163 3373 1285 3429 rerum,
1303 3373 1362 3419 seu
1382 3359 1531 3434 pericula
1561 3375 1790 3446 personarum,
1820 3377 1959 3425 monas-

1162 3455 1282 3515 terium
1294 3455 1402 3532 ipsum
1418 3471 1492 3516 cum
1505 3457 1657 3517 omnibus
1669 3459 1880 3534 pertinentiis
1889 3461 1960 3523 suis

1163 3555 1321 3628 perpetuo
1343 3551 1408 3627 ipsi
1429 3551 1566 3614 donavit
1584 3554 1735 3617 ecclesiae
1760 3557 1801 3618 13
1827 3558 1959 3619 clericis

1163 3647 1380 3709 saecularibus
1393 3647 1628 3723 ordinandum,
1652 3651 1824 3714 vobiscum
1848 3657 1881 3716 31
1899 3647 1958 3732 pro

1162 3744 1257 3807 vobis
1270 3745 1441 3806 humiliter
1456 3747 1683 3823 supplicando,
1697 3750 1733 3812 ut
1746 3750 1958 3814 donationem

1162 3841 1267 3918 ipsam
1277 3841 1468 3917 apostolico
1477 3843 1635 3906 roborare
1648 3847 1834 3910 munimine
1844 3848 1960 3925 digna-

1161 3953 1284 4000 remur.
1297 3939 1366 3999 Nos
1381 3939 1483 4014 igitur
1496 3941 1703 4004 attendentes
1719 3945 1806 4021 quod
1827 3947 1958 4022 puritas

1161 4039 1280 4096 vestrae
1295 4035 1382 4107 lldei,
1395 4037 1428 4098 et
1440 4036 1622 4100 devotionis
1636 4042 1787 4117 exposcit
1808 4046 1845 4105 ut
1863 4043 1958 4106 vobis

1161 4131 1321 4194 iaciamus
1332 4134 1474 4208 gratiam
1488 4135 1677 4211 specialem,
1689 4139 1811 4200 vestris
1826 4141 1858 4202 31
1868 4143 1959 4218 ejus-

1161 4229 1234 4289 dem
1278 4231 1425 4306 episcopi
1467 4233 1622 4308 precibus
1658 4235 1812 4298 inclinati
1849 4237 1957 4299 ratum

1160 4325 1323 4386 habemus
1353 4327 1567 4390 donationem
1605 4331 1766 4402 eamdem,
1806 4349 1955 4412 eamque,

1160 4423 1247 4484 sicut
1262 4424 1401 4501 provide
1416 4423 1502 4487 13313
1518 4429 1569 4488 331
1583 4428 1820 4506 etinpraelatis
1835 4431 1956 4494 litteris

1160 4520 1291 4596 plenius
1317 4521 1516 4594 continetur,
1548 4526 1745 4588 auctoritate
1767 4530 1956 4606 Apostolica

1160 4617 1407 4679 confirmamus.
1421 4619 1514 4680 Nulli
1530 4636 1609 4697 ergo
1627 4624 1762 4685 omnino
1784 4625 1955 4688 bominum

1159 4713 1259 4778 liceat
1279 4715 1366 4776 hanc
1378 4717 1534 4792 paginam
1550 4719 1672 4780 nostrae
1694 4721 1955 4786 confirmationis

1159 4811 1354 4886 intringere,
1369 4813 1422 4874 vel
1437 4814 1468 4874 el
1482 4829 1566 4876 ausu
1580 4816 1759 4879 temerario
1775 4820 1953 4882 contraire.

1160 4908 1195 4969 Sl
1206 4909 1280 4986 quis
1295 4909 1405 4970 autem
1426 4909 1489 4971 boc
1505 4913 1668 4976 attentare
1694 4917 1953 4994 praesumpserit,

1159 5005 1421 5081 indignationem
1443 5009 1678 5085 omnipotentis
1693 5013 1764 5084 Dei,
1784 5015 1816 5075 et
1839 5013 1956 5077 beato-

1157 5117 1232 5163 rum
1261 5103 1351 5164 Petri
1379 5105 1412 5166 et
1441 5105 1537 5166 Pauli
1562 5107 1795 5184 Apostolorum
1819 5113 1891 5188 ejus
1916 5127 1953 5174 33

1159 5199 1526 5262 noveritincursnrum.

1199 5296 1317 5357 Datum
1333 5297 1501 5369 Laterani,
1513 5298 1623 5362 idibus
1632 5301 1724 5374 maii,
1741 5303 1952 5378 pontificatus

1157 5395 1265 5456 nostri
1281 5409 1370 5456 3333
1384 5395 1535 5471 septimo.
