4222 6374
307 291 354 339 xv
647 273 701 334 DE
723 271 855 365 SEXTO
882 270 1059 333 HONORII
1080 273 1127 333 111
1153 270 1457 354 PONTIFIGATUS
1478 271 1607 334 ANNO.
1888 287 1948 337 xvi

307 431 472 494 sarracenis
481 430 510 489 in
525 443 579 490 sto
587 430 714 490 exercitu
726 427 875 498 vocandis,
888 442 960 502 quos
974 429 1097 504 enegio·
1155 430 1346 503 Epistolarum
1365 428 1469 488 libmm
1496 435 1608 487 sextum
1622 428 1737 501 legeris.
1765 429 1794 486 1s
1814 427 1869 487 tibi
1888 434 1948 488 tra·

304 522 389 580 nibm
404 519 570 581 christanis
581 533 672 593 nuper
690 517 823 592 ejecerat.
839 518 893 587 Qui
917 517 1030 575 iliorum
1044 531 1100 590 ope
1154 516 1239 590 ditur,
1254 517 1305 576 sed
1315 515 1639 592 notulameliaynaldo
1649 516 1793 588 haustam,
1804 515 1950 576 hicetiam

306 609 405 679 fretus,
426 607 498 666 nihil
511 621 638 680 unquam
653 605 913 680 pertimescendum
928 604 988 663 iore
1012 619 1099 679 repu·
1154 621 1251 679 pono:

305 697 393 758 tabat.
420 696 523 768 stoque
548 694 610 752 dies
638 695 707 752 maii
731 692 1008 768 appropinquabant,
1032 692 1100 750 dum
1192 715 1204 746 ι
1229 696 1292 754 Hoc
1317 709 1403 765 anno,
1431 694 1523 767 inquit
1542 691 1715 767 Rayuaidus,
1738 699 1813 752 terre
1838 693 1950 768 ingenti

305 784 448 846 Honorius
460 791 535 843 totus
549 783 580 842 in
593 797 629 842 eo
646 789 718 853 erat,
734 789 766 840 ut
791 785 886 841 Terrae
900 782 1013 840 Sanctae
1031 781 1098 840 sub·
1154 797 1294 842 concussa
1319 790 1408 854 motu,
1425 784 1504 856 plura
1525 783 1615 841 ltalia
1632 783 1695 840 loca
1723 781 1815 840 diruta
1830 797 1865 840 ac
1888 783 1950 840 solo

305 875 409 934 sidium
422 873 557 930 mitteret.
1154 878 1265 944 equata
1280 870 1369 929 suere.
1394 873 1427 929 in
1442 869 1652 945 Longobardia,
1668 871 1733 928 talis
1749 877 1833 928 terrae
1856 878 1953 927 motus

340 965 387 1032 Et,
402 961 468 1033 quia
482 959 561 1017 omni
573 958 636 1032 regi
648 972 699 1016 seu
713 958 844 1032 principi,
863 972 951 1031 mrum
974 957 1004 1014 in
1019 957 1101 1032 pejus
1154 957 1216 1030 fuit,
1228 961 1290 1032 ipso
1302 958 1349 1016 die
1358 961 1467 1018 Natalis
1474 960 1599 1028 Domini,
1611 973 1662 1032 per
1671 957 1743 1016 duas
1753 955 1950 1016 hebdomadas

305 1050 442 1126 paulatim
455 1049 520 1117 ruit,
535 1062 594 1106 non
608 1047 710 1105 desunt
720 1047 773 1104 viri
785 1047 852 1104 mali
865 1054 894 1104 et
903 1047 1030 1120 perversi
1052 1048 1099 1118 qui
1154 1047 1278 1121 quotidie
1287 1048 1331 1105 bis
1345 1046 1513 1121 perdurans,
1524 1054 1556 1105 ut
1566 1048 1595 1104 iu
1608 1046 1735 1120 pluribus
1742 1047 1813 1104 locis
1828 1045 1950 1105 aedificia

305 1140 359 1198 sibi
374 1137 549 1206 adhereant,
569 1136 630 1208 jam
654 1137 815 1205 Eccelious,
838 1137 927 1210 vulgo
949 1136 1098 1204 Ezzelico,
1154 1143 1182 1193 et
1210 1137 1346 1194 eeclesias
1370 1143 1519 1205 everteret,
1550 1136 1739 1207 hominesque
1765 1137 1949 1208 opprimeret,

306 1227 355 1300 qui
367 1235 466 1299 postea
478 1227 570 1283 Feros
580 1225 800 1298 cognominatus
811 1231 864 1294 est,
875 1223 963 1282 homo
974 1224 1099 1297 potentia
1154 1224 1278 1284 Brixiam
1291 1239 1403 1296 quoque
1418 1225 1564 1282 civitatem
1579 1223 1638 1280 iere
1659 1231 1750 1281 totam
1764 1237 1830 1282 cum
1844 1222 1951 1296 populo

305 1323 334 1374 et
345 1315 446 1388 opibus
459 1313 685 1382 florentissimus,
705 1313 863 1385 inquietum
874 1327 957 1370 suum
972 1312 1100 1369 animum
1154 1310 1319 1370 obrueret...
1333 1313 1473 1370 Caesarius
1489 1319 1589 1369 auctor
1605 1319 1648 1370 est
1663 1312 1765 1370 Brixiae
1788 1319 1848 1368 tum
1863 1325 1950 1382 supra

305 1401 470 1476 evulgabat.
493 1401 556 1471 Qui,
570 1408 724 1472 antequam
738 1400 955 1458 immanissimis
983 1399 1099 1473 flagitiis
1154 1399 1304 1457 duodecim
1333 1399 1483 1458 hominum
1511 1399 1600 1458 millia
1628 1400 1782 1470 interiisse,
1808 1397 1945 1458 Mediola-

304 1491 555 1560 contaminaretur‚
576 1487 612 1546 ad
633 1490 791 1547 Honorium
805 1489 919 1561 scripsit
943 1489 1025 1561 quasi
1048 1503 1098 1546 cu·
1154 1502 1349 1558 nensesvero,
1370 1489 1496 1562 periculo
1508 1489 1687 1558 conterritos,
1703 1487 1831 1560 urbeque
1846 1501 1946 1560 egres·

304 1579 387 1653 piens
412 1579 543 1636 militiam
568 1578 754 1650 temporalem
782 1583 811 1634 et
835 1577 932 1634 omnia
953 1575 1099 1634 secularia
1154 1591 1212 1645 sos,
1224 1583 1288 1634 octo
1300 1576 1362 1634 dies
1373 1591 1465 1650 eoque
1474 1577 1596 1649 amplius
1609 1577 1638 1635 in
1647 1577 1778 1634 tentoriis
1788 1581 1950 1633 moratos...

305 1667 461 1740 abnegare,
476 1673 507 1725 et
530 1667 561 1723 in
582 1664 718 1739 religioso
743 1664 842 1723 habitu
865 1664 1011 1723 residuum
1033 1665 1100 1723 vite
1154 1664 1499 1722 Duaecivitatesetiamin
1512 1666 1632 1738 Cyprea
1648 1671 1730 1722 terrae
1742 1670 1822 1720 motu
1836 1677 1951 1721 corrue·

305 1769 486 1814 consumere.
1154 1759 1254 1809 runt...
1269 1753 1310 1809 De
1324 1749 1465 1825 eiusmodi
1479 1759 1563 1810 terrae
1571 1757 1650 1810 motu
1664 1751 1795 1808 meminit
1803 1749 1951 1808 Honorius

340 1843 433 1913 Unde,
444 1844 475 1900 in
489 1840 654 1910 Occidente,
669 1855 757 1913 quum
770 1841 867 1899 omnia
879 1841 1005 1914 speciem
1019 1846 1098 1898 tran·
1156 1854 1229 1912 papa
1249 1840 1360 1910 litteris,
1376 1839 1445 1898 dum
1468 1839 1507 1898 ait
1532 1857 1539 1898 :
1563 1827 1662 1913 Nuper
1684 1851 1809 1911 namque
1832 1839 1861 1894 iu
1887 1837 1949 1910 plu-

304 1931 451 2006 quiiiitatis
464 1930 613 1998 haberent,
642 1928 782 1987 nubecula
802 1927 890 1986 flebat
914 1927 1102 2000 nubesque
1155 1926 1233 1984 ribus
1257 1927 1329 1984 locis
1350 1929 1489 1986 Dominus
1509 1935 1614 1986 terram
1629 1933 1763 2000 tangens,
1787 1933 1816 1984 ct
1842 1923 1953 1984 iaciens

304 2018 488 2078 serenitatem
508 2018 591 2087 aeris,
608 2030 665 2074 nou
689 2022 754 2090 post
768 2014 830 2072 dies
843 2013 948 2072 multos
964 2015 1100 2073 turbaret.
1155 2029 1220 2073 eam
1230 2023 1363 2085 tremere,
1386 2016 1490 2074 multos
1502 2017 1658 2075 conterruit
1672 2014 1708 2073 ad
1723 2015 1845 2076 salutem
1860 2035 1884 2070 ι.

297 2108 449 2168 ,Ηωοευηῑ
463 2120 527 2181 que
537 2106 567 2164 iu
584 2111 679 2164 mente
693 2102 834 2163 recondas
848 2104 925 2175 uolo,
939 2103 1006 2162 dum
1024 2103 1102 2162 hunc

2098 2017 2107 2450 i
