4258 6394
138 279 199 341 aar
742 242 973 345 samsone.
995 279 1075 341 mn.
1097 279 1167 341 vn.
1357 277 1362 284 ·
1721 281 1782 344 sse

135 435 325 500 venerabili
351 437 486 500 tratri...
511 435 763 514 archiepiscopo
797 436 934 513 Magde-
1028 439 1239 502 Incumdcm
1249 439 1390 502 medem
1398 434 1556 517 scriptum
1570 439 1779 512 estAlberto,

139 534 310 611 burgensi,
328 536 467 597 salutem
483 536 517 596 et
526 533 752 612 apostolicam
770 533 932 596 benedic·
988 535 1144 612 episcopo
1176 535 1381 607 Tridentino,
1419 535 1528 612 legato
1561 538 1596 598 in
1631 538 1780 616 partibus

139 631 277 694 tionem.
988 633 1128 694 Tusciae.

137 759 140 776 =
182 730 218 792 Si
243 730 421 806 legationis
445 729 589 792 officinm
613 728 675 794 tibi
702 729 743 792 ab
767 729 935 806 imperiali

142 826 304 904 potestate
335 825 546 887 commissum
566 825 712 887 officiose
730 825 783 886 vis
805 839 932 902 gerere,
1280 820 1492 908 CXXXVII

141 925 228 985 sicut
242 922 390 984 crederis
409 925 442 984 et
454 922 590 995 teneris,
608 922 752 999 expedit,
773 923 810 984 ut
823 922 934 984 cerri-

141 1021 236 1097 piens
258 1019 424 1096 inquietos
447 1021 579 1096 satagas
601 1021 831 1096 pusillanimos
852 1035 935 1081 con·
989 970 1329 1032 Adammmonum
1343 973 1785 1048 Ptolemenproeposepm

143 1117 257 1190 solari,
273 1119 307 1178 et
321 1117 444 1195 quanto
460 1119 577 1180 contra
591 1117 749 1180 ecclesias
769 1119 802 1179 et
821 1132 937 1194 perso-
1029 1067 1295 1226 mamm
1322 1071 1371 1141 ⁰·’
1387 1073 1568 1132 mmm
1595 1073 1630 1133 δ’·
1650 1074 1784 1134 Νῑθθῑαῑ

142 1213 458 1276 nasecclesiasticas
470 1213 934 1291 multiplicatnrsuperborem
1280 1243 1314 1304 19
1329 1244 1398 1303 maii
1413 1245 1493 1304 1223.

141 1311 301 1388 iniquitas
313 1313 346 1373 et
361 1310 516 1388 superbia
534 1309 737 1389 iniquorum,
751 1311 936 1373 tantocon·
1002 1353 1014 1418 [

141 1408 195 1470 tra
213 1423 270 1470 eos
292 1407 502 1470 rectitudinis
523 1407 590 1470 tum
609 1408 716 1470 zelum
738 1408 847 1482 erigas
867 1406 937 1467 sor·
1148 1481 1152 1492 Ι

142 1503 272 1578 tiorem,
284 1505 321 1566 ut
334 1505 430 1584 vigor
443 1504 578 1566 virtutis
591 1503 758 1566 valentior
769 1503 844 1565 vitii
858 1517 936 1564 cor·
991 1479 1170 1582 mandates
1195 1483 1409 1583 ⁰²¹⁰l¹⁸⁰⁰l¹³⁸
1433 1483 1573 1586 ῌῠῑῑῦῗῡ·
1597 1485 1697 1586 lide
1717 1487 1785 1545 Alia

143 1601 284 1688 mmm,
308 1602 385 1662 dum
408 1601 514 1663 vincit
543 1617 605 1663 nec
632 1600 791 1672 vincitur,
815 1599 937 1660 clarior
1044 1566 1220 1628 subdiacone
1236 1586 1265 1627 vn
1278 1571 1450 1644 petendae
1463 1571 1559 1630 eltlovo
1571 1574 1729 1646 prevideat.

143 1699 313 1775 vigentes
328 1698 479 1772 adverse,
495 1697 654 1776 tanquam
669 1697 775 1760 noctis
790 1695 936 1760 tenebris
1032 1695 1210 1767 Honorias,
1227 1696 1302 1769 etc„
1319 1695 1448 1762 dilectis
1473 1699 1589 1761 tiliis...
1611 1699 1784 1763 archidia-

142 1795 218 1858 luce
246 1795 315 1857 diei
342 1796 472 1857 eminus
499 1795 665 1870 effingatis.
693 1797 800 1866 Quum
826 1793 938 1870 itaque
992 1803 1075 1852 cono
1105 1791 1325 1855 Pictavien....
1353 1796 1543 1874 praeposito,
1565 1797 1599 1859 et
1627 1799 1785 1874 magistro

143 1893 235 1955 cives
247 1895 497 1965 cremonenses,
518 1892 639 1954 timore
660 1890 773 1953 divino
789 1890 939 1952 contem·
992 1889 1028 1948 0.
1060 1886 1231 1950 canonicis
1265 1891 1379 1952 Sancti
1411 1891 1543 1953 Nicolai
1574 1895 1782 1970 Ambiauen„

143 1993 211 2070 pto,
228 1991 261 2052 et
273 1991 342 2054 tam
357 1989 463 2052 divini
478 2005 576 2068 quam
592 1988 730 2050 humani
739 1988 827 2065 jnris
840 2001 938 2048 reve-
992 1984 1135 2046 salutem
1152 1987 1185 2046 et
1198 1987 1421 2064 apostolicam
1435 1987 1710 2054 benedictionem.

142 2088 251 2150 rentta
267 2086 443 2164 vilipensa,
460 2086 699 2148 monasterium
721 2084 834 2146 sancti
852 2083 937 2145 sixti
1032 2081 1178 2144 Dilectus
1199 2079 1288 2144 nlius
1308 2084 1468 2161 magister
1486 2087 1530 2148 M.
1547 2087 1588 2148 de
1603 2088 1683 2152 Aria
1695 2087 1786 2150 sub-

142 2185 330 2248 Placentini
344 2184 472 2244 duabus
487 2183 638 2259 partibus
658 2182 761 2244 castri
783 2181 816 2243 et
833 2181 937 2242 curtis
992 2177 1152 2240 diaconus
1185 2179 1220 2240 in
1253 2182 1367 2243 nostra
1401 2185 1573 2261 proposuit
1606 2187 1787 2264 praesentia

142 2282 300 2345 vastallae
314 2297 376 2359 per
396 2281 591 2344 violentiam
611 2279 789 2356 spoliarint
808 2279 840 2342 et
860 2294 939 2340 cur·
993 2277 1206 2350 constitutus,
1223 2279 1308 2358 quod
1324 2295 1425 2356 quum
1441 2281 1585 2342 secundo
1600 2282 1787 2346 venerabili

142 2381 208 2443 bem
224 2379 388 2442 Luctaris
410 2377 451 2440 ad
474 2378 562 2439 idem
581 2377 821 2440 monasterium
839 2376 938 2453 perti·
992 2373 1088 2435 tratri
1100 2375 1252 2436 nostro...
1269 2377 1434 2438 Morinen.
1449 2378 1614 2456 episcopo,
1632 2381 1689 2460 qui
1709 2395 1785 2444 eum

143 2480 277 2540 nentem
292 2479 406 2539 centra
420 2476 586 2554 iustitiam
601 2475 773 2538 detineant
791 2489 938 2551 occupa·
992 2469 1027 2532 ln
1050 2471 1289 2538 subdiaconum
1313 2475 1495 2548 ordinarat,
1512 2492 1572 2554 pro
1594 2493 1633 2539 eo
1657 2479 1786 2550 nullum

142 2577 223 2647 tam,
248 2575 333 2638 sicut
366 2574 495 2636 abbatis
525 2573 673 2650 ejusdem
699 2571 893 2633 monasterii
917 2587 936 2632 a
992 2569 1641 2638 ecclesiasticumbenetlciumobtinente
1656 2575 1786 2639 direxi-

144 2673 246 2748 longo
257 2673 408 2748 tempore
417 2670 612 2748 conquestio
622 2669 815 2732 coodunata
828 2669 937 2732 deela—
992 2681 1065 2738 mus
1096 2668 1218 2748 scripta
1242 2670 1367 2743 nostra,
1389 2670 1426 2732 ut
1446 2671 1481 2732 in
1503 2673 1644 2735 ecclesia
1672 2675 1786 2736 Sancti

142 2767 241 2840 ravit,
256 2769 392 2846 prepter
406 2767 504 2845 quod,
516 2769 591 2844 post
605 2765 763 2828 cavillosa
785 2765 934 2841 diffugia,
991 2763 1127 2826 Martini
1143 2764 1183 2826 de
1205 2767 1360 2828 Hesduvo
1375 2783 1444 2828 suae
1464 2763 1631 2843 dioecesis,
1648 2771 1677 2831 si
1700 2769 1787 2836 esset

143 2866 262 2944 quibus
275 2866 426 2926 eumdem
438 2864 589 2926 abbatem
602 2862 784 2940 tetigerunt
798 2863 935 2934 diutius,
991 2861 1142 2934 idoneus,
1160 2865 1193 2924 et
1207 2864 1319 2924 nullus
1340 2863 1547 2927 demandato
1564 2867 1677 2930 nostro
1697 2869 1784 2930 tuis-

143 2963 301 3040 gravlbus
315 2962 488 3026 laboribus
498 2963 530 3024 et
546 2963 713 3038 expensis,
727 2963 837 3038 spreto
846 2963 939 3038 jura·
992 2959 1042 3020 set
1056 2961 1221 3037 receptae,
1231 2959 1351 3022 ibidem
1360 2961 1395 3023 in
1410 2962 1614 3038 praebendali
1624 2965 1786 3028 beneflcio

142 3064 254 3124 mento
267 3060 487 3138 corporaliter
510 3059 672 3136 praestito,
693 3058 780 3136 quod
798 3057 869 3134 jnri
884 3073 939 3133 pa·
992 3055 1219 3133 provideret...
1239 3057 1366 3120 decano
1381 3059 1576 3122 Amblanen.
1593 3064 1626 3124 et
1647 3064 1784 3141 collegis

142 3161 266 3232 rorent,
283 3160 318 3220 in
332 3159 526 3235 potestatem
538 3155 939 3218 etconsiliariosexcom-
991 3153 1097 3230 ipsius
1115 3155 1233 3232 primo,
1260 3171 1298 3216 ac
1323 3157 1501 3234 praeposito
1522 3161 1652 3222 Sanctae
1668 3163 1785 3224 Mariae

1016 1355 1127 1422 begeat..
1139 1355 1184 1406 lib.
1196 1357 1251 1416 vll,
1265 1356 1339 1424 epist.
1351 1358 1406 1410 lte.
1417 1360 1476 1413 llss.
1490 1359 1527 1414 La
1537 1359 1612 1414 Porta
1624 1359 1661 1412 vlu
1672 1355 1769 1426 insit]

143 3255 379 3317 medicationis
394 3255 432 3316 et
454 3256 490 3315 in
513 3256 616 3316 totam
640 3253 808 3314 civitatem
831 3252 939 3313 inter·
991 3253 1133 3328 Bergan,
1151 3251 1184 3314 et
1197 3253 1427 3330 conjudicibus
1448 3256 1519 3317 suis
1541 3258 1698 3332 secundo,
1720 3257 1784 3322 sibi
1883 3247 1886 3252 ’

142 3353 223 3414 dicti
239 3353 422 3413 sententias
437 3351 576 3412 lecimus
592 3350 795 3427 promulgari
809 3350 841 3411 et
856 3361 938 3426 prte-
992 3362 1093 3426 super
1126 3349 1190 3411 hoc
1228 3349 1448 3414 monitoribus
1481 3353 1665 3432 deputatis,
1695 3356 1782 3420 idem

142 3450 247 3514 tatum
273 3449 423 3510 abbatem
456 3448 634 3526 petitorem
664 3463 780 3508 verum
809 3446 937 3508 consti·
991 3447 1178 3524 episcopus,
1195 3447 1274 3510 licet
1288 3449 1372 3511 nihil
1384 3449 1542 3527 objiceret
1555 3469 1657 3529 quare
1667 3454 1699 3515 id
1716 3471 1783 3517 non

141 3549 266 3610 tutmue
293 3561 519 3624 possessorem
540 3563 548 3607 :
574 3545 817 3607 fraternitatem
844 3545 936 3606 tuam
991 3542 1125 3607 deberet
1140 3545 1224 3617 lieri,
1240 3545 1294 3607 vel
1307 3562 1373 3606 non
1388 3547 1509 3622 posset,
1525 3549 1716 3612 mandatum
1731 3555 1784 3613 ta-

142 3641 936 3721 rogamusetmonemusattenteperApostolica
967 3683 968 3690 .
991 3657 1066 3702 men
1094 3642 1245 3706 nostrum
1280 3643 1406 3720 pariter
1439 3645 1474 3706 et
1504 3649 1716 3724 praeceptum,
1742 3664 1782 3710 ac

142 3743 266 3819 scripta
302 3743 514 3810 mandentes,
551 3741 714 3818 quatenus
756 3739 937 3817 prudenter
990 3740 1191 3803 monitorum
1224 3741 1385 3802 monitum
1412 3741 1644 3818 praedictorum
1671 3745 1783 3808 surdis

142 3839 315 3904 abandons
343 3839 440 3916 quod,
469 3840 556 3901 sicut
583 3853 649 3899 non
677 3837 728 3899 est
759 3837 937 3898 conventio
991 3828 1127 3898 auribus
1141 3838 1319 3910 transiens,
1337 3837 1369 3897 id
1386 3838 1545 3900 haetenus
1561 3840 1694 3903 allicere
1714 3859 1780 3905 non

141 3935 227 3998 lucis
241 3937 283 4000 ad
298 3937 464 4004 tenebras,
486 3935 532 3997 ita
548 3951 609 3997 nec
623 3936 688 3997 viri
703 3933 932 4005 ecclesiastici,
990 3935 1129 4007 curavit,
1145 3933 1378 4012 propterquod
1390 3936 1460 4012 jam
1475 3937 1573 3998 tertio
1587 3937 1693 4001 dictus
1709 3956 1782 4002 ma-

142 4030 273 4112 qnalem
293 4047 368 4095 esse
389 4035 423 4095 te
447 4033 624 4104 credimus,
647 4033 689 4094 ad
712 4031 936 4095 excommunl·
989 4031 1094 4106 gister
1107 4032 1240 4093 coactus
1262 4033 1313 4094 est
1334 4032 1375 4094 ad
1400 4033 1548 4094 nostram
1568 4037 1779 4112 presentiam

141 4133 233 4194 catos
259 4130 471 4207 participatio
498 4144 572 4191 esse
601 4129 706 4201 debet,
736 4129 864 4190 nullum
892 4143 935 4190 ex
989 4127 1151 4190 laborare.
1176 4127 1335 4190 Nolentes
1364 4129 1467 4204 igitur
1490 4133 1575 4208 quod
1598 4133 1638 4194 de
1666 4136 1780 4210 provi-

141 4229 211 4288 illis
243 4226 305 4289 tibi
338 4227 584 4288 communicare
616 4226 799 4302 permittas,
834 4227 934 4287 immo
989 4225 1082 4288 sione
1101 4226 1181 4288 dicti
1204 4226 1354 4302 magistri
1375 4228 1429 4304 pie
1447 4227 1644 4308 incoepimus
1668 4246 1779 4294 rema-

141 4327 299 4402 tanquam
319 4323 477 4400 praecisos
501 4322 542 4384 ab
565 4323 935 4385 ecclesiasticaunitate
988 4324 1067 4386 neat
1091 4323 1311 4400 inexpletum,
1342 4323 1536 4388 discretioni
1570 4329 1691 4392 vestrae
1720 4348 1780 4408 per
1853 4316 1855 4326 ⁴

142 4422 277 4483 omnino
293 4420 506 4494 devitasset,
523 4420 681 4497 quantum
705 4420 741 4481 in
766 4419 799 4482 te
820 4420 931 4493 luerit,
988 4421 1177 4498 apostoliea
1218 4421 1341 4496 scripta
1373 4422 1580 4497 mandamus,
1615 4428 1778 4503 quatenus

141 4517 847 4595 iaciensevitarisaepedictumabbatemin
862 4533 934 4594 pos·
988 4520 1178 4596 episcopum
1216 4519 1434 4580 memoratum
1467 4521 1503 4583 ut
1534 4524 1777 4600 praecedentem
1874 4535 1885 4547 ’

142 4618 325 4680 sessionem
336 4617 443 4694 ipsam
453 4614 686 4692 potestatetibi
700 4613 822 4676 tradita
835 4614 935 4676 indu·
987 4615 1246 4677 inobedientiam
1270 4615 1437 4678 redimens
1467 4633 1529 4694 per
1555 4619 1777 4683 obedientiam

141 4712 933 4786 casettuearis-inductum‚mandatumnostrum
988 4711 1777 4790 subsequentem,eijuxtaprimimandatinostri

140 4812 254 4873 taliter
266 4811 475 4888 impleturus,
494 4809 580 4887 quod
603 4810 769 4886 legatione
793 4809 933 4886 iungens
987 4813 1135 4872 tenorem
1161 4810 1196 4870 in
1225 4809 1366 4872 ecclesia
1390 4811 1563 4889 provideat
1583 4817 1777 4890 memorata,

142 4923 202 4987 pro
225 4908 358 4970 domino
373 4907 561 4984 temporali,
581 4908 707 4969 aeterno
728 4923 795 4969 non
816 4907 934 4984 displi-
988 4923 1123 4970 monere
1135 4907 1339 4992 diligentius,
1355 4909 1389 4970 et
1407 4908 1566 4972 inducere
1581 4913 1777 4987 procuretis,

144 5021 232 5078 ceas,
251 5005 308 5067 sed
327 5003 545 5081 complaceas,
560 5004 592 5066 et
606 5019 667 5064 nos
682 5005 813 5076 exinde,
827 5004 932 5066 teDei
987 5005 1095 5082 ipsum
1112 5005 1152 5066 ad
1171 5003 1217 5076 id,
1243 5005 1271 5066 si
1292 5019 1430 5067 necesse
1444 5005 1555 5078 inerit,
1572 5008 1637 5068 nisi
1651 5009 1777 5088 aliquid

8 5093 16 5114 '
142 5104 248 5164 zelum
283 5103 521 5177 cognoscentes
556 5101 691 5174 habere,
725 5102 931 5164 devotionem
987 5101 1184 5165 rationabile
1218 5101 1381 5178 objectum
1408 5103 1509 5165 tuerit
1533 5105 1566 5167 et
1592 5105 1774 5182 probatum,

135 5200 231 5261 'tuam
245 5200 354 5276 dignis
367 5199 537 5260 favoribus
549 5199 705 5276 prosequi
716 5199 930 5261 debeamus...
988 5215 1090 5278 quare
1105 5200 1168 5260 hoc
1187 5199 1260 5260 lieri
1275 5216 1340 5261 non
1357 5199 1485 5274 debeat,
1501 5203 1554 5262 vel
1577 5219 1642 5265 non
1660 5208 1774 5282 possit,

142 5298 203 5369 Qui
220 5297 260 5368 si,
275 5296 361 5374 quod
375 5296 471 5368 absit,
485 5296 689 5360 contrarium
704 5296 842 5365 iaceres,
859 5311 934 5372 gra·
987 5297 1184 5359 auctoritate
1223 5298 1348 5370 nostra,
1386 5298 1515 5361 sublato
1545 5301 1777 5380 appellationis

142 5395 227 5456 viter
241 5409 302 5454 nos
317 5395 546 5470 reputaremus
561 5393 695 5455 offendi.
708 5395 826 5455 Datum
839 5395 932 5455 Late·
987 5395 1167 5467 obstaculo,
1185 5395 1428 5471 compellentes.
1445 5395 1536 5470 Quod
1561 5399 1590 5459 si
1612 5415 1679 5460 non
1705 5419 1778 5461 om-

141 5491 932 5569 rani,XVIlralendasJunii,pontificatusnostri
987 5507 1057 5563 nes,
1085 5493 1146 5553 etc.
1173 5493 1292 5554 Datum
1318 5493 1485 5566 Laterani,
1514 5497 1588 5557 le
1615 5495 1777 5559 kalendas
1813 5510 1818 5520 ·

143 5603 230 5649 anno
244 5587 393 5664 septimo.
982 5589 1083 5667 junii,
1100 5589 1311 5668 pontificatus
1324 5591 1429 5653 nostri
1444 5607 1531 5656 anno
1547 5593 1699 5670 septimo.
