4274 6388
178 301 236 362 lot

175 456 470 526 aliabonavestra,
486 455 573 518 sicut
584 469 624 517 aa
634 453 849 533 omniajuste,
864 469 969 516 cano-

175 556 305 618 313333
320 554 457 633 pacifica
471 553 660 631 possidetis,
673 551 768 614 vobis
782 553 815 614 et
832 567 891 630 per
908 567 968 613 vos

174 653 283 714 sidem
295 651 497 713 monastario
520 652 631 712 vestro
644 650 843 712 auctoritate
856 652 967 726 Apos-

175 749 277 811 tolica
308 750 542 812 confirmamus
572 749 605 810 31
639 747 813 824 praesentis
851 745 967 822 scripti

176 846 361 924 patrocinio
376 844 629 907 communimus.
640 844 733 906 Nulli
743 859 823 919 ergo
833 842 967 904 omnino

176 943 347 1005 bominum
360 942 461 1004 liceat
474 942 563 1004 banc
580 941 736 1018 paginam
751 941 967 1017 333133333-

175 1040 329 1102 tectionis
344 1039 377 1102 31
391 1035 968 1112 33313331133131311133333,33131

176 1153 262 1200 3333
271 1136 632 1198 temerariocontraire.
643 1135 680 1196 Si
689 1133 762 1211 quis
773 1133 895 1204 autam,
904 1133 965 1194 313.

176 1221 295 1296 Datum
310 1234 477 1306 Laterani,
497 1235 542 1294 XI
564 1232 632 1294 kal.
652 1231 742 1310 julii,
757 1231 967 1309 ponnncatus

175 1331 281 1394 nostri
295 1345 383 1394 anno
398 1331 503 1394 sexto.

487 1569 659 1659 CCXXII

129 1793 138 1810 ⁸
193 1723 246 1782 Ad
261 1721 397 1784 3113133
409 1721 443 1783 31
463 1722 596 1795 tratres
613 1723 797 1781 nniocmcs
816 1719 948 1779 ordinis

390 1817 752 1880 Proemonstratensts.

466 1947 501 2006 22
510 1946 583 2020 junii
597 1946 676 2004 1222.

247 2069 393 2136 [listhene
406 2071 505 2140 Veteris
516 2071 563 2122 evi
577 2069 708 2129 Analecta,
721 2069 783 2132 111,
799 2082 825 2133 p.
838 2066 891 2134 le]

174 2193 286 2254 labibet
298 2209 335 2253 ne
347 2195 497 2268 quisquam
505 2208 603 2253 eorum
612 2194 641 2250 13
652 2191 858 2266 pertractandis
868 2191 970 2250 alienis

275 2283 373 2340 causis
386 2289 541 2356 presumat
551 2282 675 2340 existere
692 2289 868 2357 procurator.

214 2409 382 2470 Honorius
391 2409 577 2487 episcopus,
589 2423 706 2472 servus
717 2423 888 2470 servorum
896 2407 967 2482 Dei,

175 2505 303 2568 11133113
316 2505 395 2566 liliis
410 2505 593 2578 abbatibus,
611 2505 644 2568 et
657 2504 815 2567 tratribus
827 2505 968 2567 univer-

174 2603 221 2664 sis
233 2602 360 2664 ordinis
373 2603 714 2674 Praemonstratensis,
728 2603 879 2674 salutem,
891 2603 953 2665 etc.

215 2701 321 2772 Quum
332 2699 457 2762 relictis
481 2700 597 2761 smculi
618 2699 821 2764 vanitatibus
851 2700 882 2761 ei
904 2699 969 2762 soli

175 2796 370 2874 impendere
390 2797 572 2859 teneamini
602 2795 809 2868 famulatum,
827 2797 881 2858 cui
896 2813 969 2858 ser-

173 2894 246 2955 vire
260 2909 402 2970 regnare
415 2893 475 2968 est,
494 2894 652 2956 indecens
674 2894 802 2956 constat
829 2909 903 2954 esse
919 2894 965 2966 31,

177 3006 277 3069 quum
303 2991 450 3052 debeatis
474 2991 679 3054 orationibus
703 2991 891 3067 invigilare,
913 2990 968 3051 in-

172 3086 317 3150 volvatis
331 3104 390 3149 vos
406 3088 644 3166 quaestionibus
655 3088 785 3150 3113313.
805 3087 967 3160 Quocirca

173 3184 384 3247 universitati
403 3186 523 3248 vestrae
544 3185 741 3247 auctoritate
753 3185 966 3263 praesentium

172 3280 373 3354 inhibemus
383 3298 426 3343 ne
436 3283 609 3360 quisquam
620 3284 765 3344 vestrum
776 3283 810 3342 in
823 3283 968 3358 pertrac-

172 3379 283 3440 tandis
296 3379 417 3440 alienis
426 3380 536 3441 causis
547 3380 727 3456 praesumat
739 3379 883 3440 existere
894 3395 967 3456 pro·

173 3477 317 3538 curator.
334 3478 427 3539 Nulli
442 3493 521 3554 ergo
534 3477 669 3538 omnino
684 3476 855 3538 hominum
867 3476 967 3539 liceat

173 3574 261 3648 13333
283 3575 439 3651 paginam
460 3574 583 3636 nostrae
613 3574 821 3635 inhibitionis
845 3573 967 3634 inirin-

172 3685 263 3746 3333,
289 3670 342 3732 vel
366 3671 397 3732 31
424 3687 508 3732 ausu
527 3671 705 3733 temerario
730 3671 908 3732 contraire.
930 3671 966 3732 Si

172 3768 247 3845 quis
264 3769 374 3829 autam
386 3768 450 3830 boc
460 3769 622 3830 attentare
637 3767 894 3844 praesumpserit,
911 3767 967 3828 13-

172 3863 398 3940 dignationem
419 3865 655 3942 omnipotentis
675 3865 734 3926 Dei
748 3865 780 3926 et
792 3864 964 3926 beatorum

173 3961 264 4023 Petri
277 3963 310 4024 et
318 3962 416 4022 Pauli
439 3961 665 4038 apostolorum
690 3965 763 4038 ejus
784 3978 820 4024 33
836 3960 966 4023 noverit

171 4057 397 4120 incursurum.
423 4059 541 4120 Datum
554 4042 721 4131 Laterani,
739 4061 770 4119 X
783 4057 851 4120 kal.
872 4058 962 4138 julii,

171 4154 383 4232 pontificatus
396 4156 600 4218 3331313333
618 4156 724 4217 sexto.

472 4429 664 4516 CCXXIII

172 4579 224 4638 Ad
233 4579 369 4642 abbates
383 4583 424 4641 dc
437 4581 559 4642 (133113
575 4579 725 4642 Deiels.
741 4581 963 4642 Leoncrdtdc

212 4677 339 4738 0313313
353 4677 598 4752 enneaconta,
615 4676 864 4738 xanctonensis
878 4680 963 4740 1133-

210 4769 308 4836 cesis.

458 4848 576 4922 311333
594 4848 672 4907 1111.

379 4971 493 5036 [1133333
507 4972 651 5034 13313331,
665 4985 684 5034 1,
697 4972 750 5040 ee]

242 5087 284 5144 bc
299 5085 449 5144 1333133113
461 5086 683 5162 templariorum
699 5086 890 5160 reprimenda.

210 5202 378 5264 Honorius
384 5203 569 5280 episcopua,
583 5217 701 5265 servus
713 5219 883 5267 servorum
890 5205 960 5276 Dei,

784 294 1026 356 EPISTOLAE.
1048 295 1126 355 LIB.
1150 295 1205 358 vi.

1021 452 1154 516 dilectis
1169 452 1248 514 tiliis
1263 453 1304 515 de
1331 453 1445 516 Gratia
1465 451 1536 523 Dei,
1552 455 1585 516 et
1598 453 1710 515 Sancti
1726 454 1814 516 Leo-

1021 549 1118 611 nardi
1131 550 1170 610 de
1190 549 1323 617 calmis,
1346 551 1379 611 31
1404 549 1444 610 13
1468 550 1608 626 Rupella
1628 547 1814 624 abbatibus,

1021 645 1264 707 xanctonensis
1277 645 1442 718 dioecesis,
1455 647 1595 707 salutem
1608 648 1641 707 31
1652 647 1816 723 Apostoli·

1022 759 1095 804 cam
1110 743 1385 804 benedictionem.

1062 841 1262 902 carissimus
1276 840 1311 900 13
1340 839 1470 902 cbristo
1485 839 1572 902 tilius
1594 841 1708 902 noster
1721 843 1815 902 Hen-

1021 937 1123 1010 ricus,
1144 952 1206 998 rex
1231 938 1414 1013 Anglorum
1450 937 1600 1011 111331313,
1639 952 1698 998 333
1721 937 1816 998 nobis

1022 1034 1180 1112 petitione
1214 1034 1412 1098 monstravit
1447 1034 1550 1111 quod,
1587 1049 1687 1111 quum
1716 1034 1816 1096 313333

1022 1130 1191 1192 memoriae
1219 1130 1385 1191 Henricus
1400 1146 1493 1203 avus,
1518 1131 1550 1192 et
1576 1130 1816 1208 Ricarduspa-

1022 1227 1118 1288 truus
1142 1230 1214 1304 ejus
1243 1243 1339 1302 reges
1353 1228 1500 1303 Angliae,
1530 1227 1565 1288 13
1592 1227 1671 1288 villa
1694 1243 1754 1288 333
1777 1227 1820 1288 13

1023 1322 1162 1400 Rupella
1184 1323 1342 1386 iratribus
1357 1325 1484 1386 militiae
1507 1323 1647 1400 Templi,
1663 1325 1816 1386 xancto-

1021 1419 1136 1482 nensis
1151 1421 1314 1493 dioecasls,
1332 1421 1615 1498 quasdamdomos
1625 1422 1681 1498 pia
1694 1419 1820 1482 libera-

1022 1517 1115 1579 litate
1128 1517 1335 1591 donaverint,
1351 1517 1403 1579 illi
1426 1517 1512 1581 13313
1534 1518 1597 1580 sibi
1617 1519 1820 1598 333113333-

1023 1629 1136 1692 peram
1162 1615 1344 1688 abutentes,
1359 1631 1583 1694 quascumque
1606 1615 1731 1688 domos,
1748 1617 1820 1678 sive

1023 1711 1251 1789 possessiones
1266 1714 1323 1775 aut
1346 1713 1498 1774 homines
1521 1713 1660 1790 possunt
1674 1713 1820 1776 circum-

1024 1825 1155 1886 quaque
1182 1809 1270 1871 inira
1290 1809 1526 1887 proprietatem
1541 1809 1679 1887 regiam,
1696 1825 1819 1887 appre-

1023 1906 1169 1968 hendere
1182 1906 1245 1968 sibi
1258 1921 1309 1979 ea,
1325 1907 1361 1967 in
1375 1907 1605 1984 praejudicium
1618 1911 1701 1984 ejus,
1718 1913 1820 1968 usur-'-

1023 2003 1114 2080 pant,
1130 2003 1163 2064 et
1177 2002 1287 2065 statim
1296 2003 1509 2080 ¹imponentes
1525 2003 1819 2080 313333331311133

1023 2099 1205 2175 usurpatis,
1220 2099 1821 2177 333333311133133131333311313113

1023 2197 1222 2259 3133333313
1234 2197 1375 2258 servitia
1385 2197 1572 2274 provenire.
1588 2197 1729 2271 Adbaec,
1745 2213 1821 2260 cum
1869 2217 1875 2224 ·

1023 2294 1065 2356 13
1080 2293 1217 2371 antiqua
1227 2293 1676 2372 ipsiusvillaeconsuetudine
1686 2296 1730 2357 sit
1743 2295 1821 2358 bao-
1925 2356 1929 2364 J

1022 2390 1120 2452 tenus
1158 2389 1384 2464 observatum,
1410 2393 1447 2454 ut
1467 2393 1667 2470 quicumque
1690 2391 1819 2456 advena

1023 2489 1246 2560 sinedomino,
1259 2505 1320 2566 per
1329 2504 1452 2551 333333
1461 2491 1494 2551 31
1502 2490 1590 2552 diem
1601 2489 1647 2552 ibi
1656 2491 1816 2563 moratur,

1023 2586 1135 2647 statim
1147 2585 1292 2648 allicitur
1302 2586 1400 2648 bomo
1411 2585 1511 2662 regie,
1527 2587 1628 2648 iidem
1637 2587 1818 2666 Templaril

1024 2697 1061 2744 33
1082 2698 1183 2760 33333
1205 2682 1269 2744 1333
1293 2683 1365 2759 regi
1384 2683 1544 2760 praedicto
1558 2682 1703 2746 indebita
1723 2699 1822 2763 oppo-

1024 2781 1153 2853 nentes,
1185 2779 1302 2840 contra
1327 2779 1516 2857 hujusmodi
1548 2781 1821 2842 consuetudinem

1024 2876 1127 2938 multa
1142 2875 1206 2936 sibi
1224 2891 1385 2952 usurpare
1404 2877 1618 2953 praesumunt,
1636 2893 1676 2938 ac
1690 2876 1820 2939 balivos

1022 2972 1176 3034 etlideles
1185 2972 1414 3048 regioscoram
1424 2973 1524 3035 cartis
1532 2968 1711 3050 judicibus,
1723 2991 1817 3051 quos,

1021 3071 1056 3131 13
1070 3073 1161 3133 13333
1175 3069 1386 3131 inimicorum
1399 3071 1499 3146 regts,
1522 3071 1719 3133 auctoritate
1739 3088 1820 3133 nos-

1020 3170 1120 3230 traso
1134 3168 1257 3230 babere
1270 3169 1466 3244 proponunt,
1478 3167 1615 3231 trabunt
1627 3169 1819 3246 frequenter

1021 3265 1056 3325 in
1072 3279 1217 3336 oausam,
1239 3265 1324 3326 alias
1339 3265 1441 3341 ipsos,
1462 3267 1563 3327 immo
1579 3281 1701 3342 regern,
1716 3281 1818 3328 3333-

1021 3362 1115 3422 sione
1127 3361 1330 3439 hujusmodi,
1356 3362 1584 3439 multipliciter
1598 3363 1814 3435 molestando.

1020 3460 1179 3521 Nolentes
1208 3459 1312 3535 igitur
1339 3459 1447 3522 eidam
1470 3459 1505 3520 13
1521 3475 1580 3522 333
1596 3464 1672 3538 jure
1687 3461 1814 3535 133333,

1020 3557 1073 3617 331
1084 3557 1203 3632 potius,
1216 3573 1259 3618 ex
1273 3556 1427 3632 pluribus
1452 3557 1575 3626 causis,
1589 3557 1818 3620 favorabiliter

1019 3653 1136 3715 313333
1167 3654 1330 3725 tenemur,
1372 3653 1567 3716 discretioni
1599 3656 1719 3717 vestrae
1756 3669 1817 3732 per

1018 3751 1211 3828 Apostolica
1224 3749 1347 3827 scripta
1358 3751 1565 3822 mandamus,
1578 3753 1742 3828 quatenus
1758 3753 1816 3813 in·-
1850 3788 1858 3795 -
1982 3769 1985 3776 ¹

1019 3849 1143 3925 quisita
1178 3861 1279 3924 super
1304 3847 1368 3920 bis,
1396 3850 1429 3910 et
1463 3847 1628 3923 cognitata
1659 3849 1813 3924 veritate,

1019 3959 1165 4014 causam,
1180 3945 1209 4004 si
1224 3943 1264 4005 de
1279 3944 1422 4020 partium
1442 3944 1612 4006 voluntate
1635 3959 1814 4021 processe-

1017 4041 1072 4114 rit,
1089 4040 1267 4103 concordia
1292 4039 1346 4101 vel
1356 4041 1484 4118 jndicio
1497 4043 1706 4117 terminetis;
1722 4044 1812 4104 alio·

1018 4138 1110 4216 quin,
1135 4155 1210 4216 quae
1236 4139 1433 4201 inveneritis
1460 4138 1521 4200 sub
1547 4140 1667 4217 sigillis
1692 4142 1813 4203 vestris

1018 4236 1113 4299 nobis
1138 4235 1282 4298 fideliter
1307 4236 1511 4309 rescribatis,
1534 4239 1571 4300 nt
1596 4223 1814 4315 procedamus

1017 4333 1138 4396 exinde
1164 4335 1262 4410 prout
1289 4334 1470 4396 secundum
1495 4335 1599 4397 Deum
1631 4335 1813 4398 viderimus

1018 4429 1272 4508 procedendum.
1288 4425 1402 4493 Testes
1421 4433 1532 4494 autem
1548 4433 1602 4510 qui
1619 4433 1815 4496 133313133-

1017 4527 1145 4599 minati,
1163 4528 1192 4588 si
1204 4543 1241 4590 33
1259 4528 1378 4604 gratia,
1408 4529 1495 4602 odio,
1517 4529 1571 4592 vel
1586 4531 1705 4592 timore
1728 4530 1812 4592 sub-

1016 4623 1200 4696 traxerint,
1235 4639 1295 4702 333
1323 4639 1498 4688 censuram
1535 4627 1812 4702 ecclesiasticam,

1017 4723 1168 4782 cessante
1178 4722 1412 4798 appellatione,
1429 4724 1557 4799 cogatis
1575 4723 1708 4786 veritati
1723 4724 1814 4786 13311-

1017 4818 1815 4893 moniumpcrbibere.Quodsinonomnesbisex.

1017 4915 1195 4991 sequendis
1209 4916 1382 4992 potueritis
1397 4917 1570 4989 interesse,
1586 4917 1651 4978 duc
1666 4919 1812 4980 vestrum

1016 5026 1055 5073 ea
1075 5011 1295 5077 nibilominus
1316 5015 1553 5090 exsequantur.
1577 5015 1695 5076 Datum
1710 5017 1813 5078 Late-

1016 5109 1102 5181 rani,
1117 5110 1162 5168 lx
1177 5108 1339 5172 kalendas
1358 5111 1447 5188 julii,
1475 5109 1684 5187 pontificatus
1706 5113 1811 5175 nostri

1016 5221 1104 5266 3333
1116 5207 1221 5266 sexto.

1758 293 1816 356 198
1928 279 1932 286 ¹
