4262 6382
165 294 223 356 tet

155 467 253 530 quem
268 452 304 514 ln
319 451 395 514 aliis
412 449 575 522 ccelesiis,
592 450 629 510 ut
653 449 778 510 dimum
804 453 867 522 est,
883 450 950 511 tm·

155 549 334 627 pendentes
347 549 396 610 sic
405 563 506 625 opere
515 548 552 608 ut
564 562 698 624 operam
710 545 758 625 (1)
768 546 948 618 efficacem,

156 647 253 724 quod,
269 647 451 722 interprete
464 644 562 712 lacto,
579 644 781 705 monstretur
792 645 950 719 quantum

156 745 272 805 domus
307 742 367 803 Dei
398 757 458 803 vos
477 740 591 802 decor
622 740 760 812 alliciat,
791 740 950 816 qnantum

157 841 271 918 sponsi
290 842 323 901 et
340 854 471 915 sponsae
488 852 583 898 amor
602 835 773 908 accendat,
791 837 950 913 quantum

157 938 334 998 multorum
363 935 522 997 relevatio
551 933 692 1006 moveat,
726 935 951 1010 quantumque

156 1035 284 1096 utilitas
312 1033 479 1110 generalis
505 1031 650 1094 inducat.
679 1032 853 1101 Caeterum,
875 1044 950 1090 curn

157 1133 198 1194 ad
213 1130 391 1192 relevanda
418 1129 635 1190 ecclesiarum
656 1143 758 1188 onera
773 1129 808 1188 et
823 1140 950 1203 grava-

156 1230 247 1290 mina
269 1227 491 1304 praelatorum,
506 1225 605 1302 prout
631 1239 818 1300 possumus,
834 1225 950 1285 inten-

156 1324 284 1394 damus,
307 1321 348 1382 de
363 1320 549 1398 praebendis
565 1319 698 1381 clericis
714 1319 875 1381 Romanis
898 1316 951 1378 vel

156 1420 233 1480 eliis
256 1435 276 1480 a
295 1417 379 1480 Sede
393 1417 583 1494 Apostolica
599 1416 779 1488 concessis,
797 1414 951 1475 duximus

157 1514 407 1593 providendum,
432 1515 477 1583 ut,
502 1514 675 1589 postquam
689 1510 950 1586 fuerintsupra·

158 1613 245 1673 dicta
260 1610 434 1688 completa,
456 1625 531 1669 cum
547 1624 605 1670 eos
625 1623 746 1669 vacare
762 1607 950 1682 contigerit,

158 1709 199 1771 ad
224 1707 377 1784 proprias
403 1705 562 1767 ecclesias
588 1705 815 1779 revertantur;
841 1718 894 1774 ne,
923 1703 952 1762 si

158 1803 349 1866 successive
361 1801 577 1864 conterantur
588 1802 769 1873 extreneIs,
786 1801 872 1862 sicut
884 1799 951 1860 ali-

159 1900 290 1979 quando
318 1900 501 1970 consuevit,
536 1899 614 1960 tiliis
645 1897 862 1960 ecclesiarum
894 1895 952 1973 qui

158 1998 316 2060 continuo
328 1997 465 2058 servitio
479 1995 637 2067 resident,
654 1995 872 2057 redderentur
881 1994 953 2053 inn-

159 2095 246 2163 tiles,
275 2095 309 2155 et
335 2093 507 2154 voluntate
537 2092 680 2169 quodam
707 2091 804 2153 modo
835 2090 954 2152 fierent

158 2188 651 2270 611616(21.161111616161611,
661 2189 765 2250 Vkal.
778 2185 950 2260 februarii,

159 2288 369 2366 pontificatus
384 2287 490 2348 nostri
502 2300 590 2348 anno
606 2300 704 2350 nono.

484 2573 628 2660 LXVII

259 2727 310 2788 Ad
324 2727 606 2800 archiepiscopos,
623 2723 656 2786 et
666 2725 850 2798 episcopos.

424 2854 459 2912 28
468 2853 592 2927 januarii
605 2853 683 2914 tiit.

348 2975 450 3040 [blansi
464 2975 572 3034 concil„
589 2975 669 3034 xxll,
685 2975 768 3039 1211]

162 3099 279 3160 blandai
293 3106 323 3156 ut
335 3098 472 3166 libellum,
494 3100 541 3171 qul
560 3097 687 3171 Periptsts
701 3098 827 3156 tituletur
851 3096 886 3155 ad
909 3098 954 3155 Se

171 3189 262 3247 dem
286 3188 479 3262 Apostolicem
510 3187 622 3244 mittant
643 3187 810 3243 solemniter
835 3185 951 3244 combu-

194 3277 326 3336 rendum.

200 3394 953 3472 Honoriusepiscopus‚servusservorumDei,

160 3492 420 3568 archiepiscopis
457 3491 490 3552 et
524 3491 706 3568 episcopis,
743 3491 885 3553 salutem
923 3493 957 3552 et

160 3589 383 3668 Apostolicam
396 3587 673 3649 benedictionem.

200 3686 358 3748 Inimicus
381 3685 479 3746 horno
498 3685 626 3746 zizanIa
651 3685 738 3746 bono
758 3685 876 3746 semini
893 3701 954 3744 su-

160 3782 388 3862 perseminare
402 3798 469 3843 non
485 3783 603 3854 cessat,
618 3783 694 3854 etc,
711 3783 745 3842 et
760 3781 956 3844 001161616-

161 3881 247 3941 sunt.
261 3881 376 3956 Nuper
386 3879 550 3956 siquidem
566 3880 653 3941 sicut
668 3877 763 3940 nobis
779 3879 954 3956 signitica-

160 3976 208 4037 vit
237 3975 439 4036 venerabilis
468 3975 577 4038 irater
604 3979 717 4037 noster
751 3975 955 4039 Parisiensis

160 4072 348 4149 episcopus,
360 4073 411 4133 est
425 4071 558 4148 quidam
574 4071 659 4133 liber
671 4072 726 4148 qui
737 4075 898 4147 Pertltsls
912 4073 957 4134 ti·

159 4167 287 4229 tulatur
300 4165 359 4247 (3),
381 4167 536 4252 inventus
560 4169 607 4230 tot
631 4168 762 4229 scatens
786 4167 955 4230 vermibus

160 4263 327 4324 haeretIcae
343 4263 532 4340 pravitatis3
546 4263 633 4324 unde
649 4263 866 4326 evenerabili
887 4265 960 4326 lia·

160 4363 210 4422 tre
226 4359 339 4422 nostro
353 4359 604 4436 archiepiscopo
621 4361 806 4422 senonensi
826 4361 859 4422 et
880 4361 954 4422 sui-

161 4457 329 4533 frageneis
351 4460 423 4533 ejus
443 4455 478 4517 in
502 4456 700 4533 provinciali
715 4457 857 4519 concilio
872 4474 955 4520 con-

160 4554 318 4630 gregatis,
331 4554 423 4630 justo
441 4555 491 4615 est
516 4553 575 4615 Dei
593 4554 721 4632 judicio
745 4553 953 4632 reprobatus.

161 4652 245 4723 Quia
257 4651 361 4726 igitur
374 4651 470 4719 liber,
492 4653 578 4713 sicut
596 4651 794 4729 recepimus,
817 4653 851 4712 in
866 4669 954 4714 non-

160 4746 262 4808 nullis
277 4747 488 4808 monasteriis
503 4751 537 4810 et
556 4748 632 4809 aliis
656 4748 739 4809 locis
755 4749 905 4819 habetur,
923 4751 957 4810 et

161 4844 358 4905 claustrales
396 4845 549 4904 nonnulli
584 4847 616 4907 et
650 4845 716 4906 viri
751 4844 952 4917 scholastici,

160 4942 239 5003 novi
250 4943 363 5003 tamen
379 4941 464 5002 torte
479 4941 554 5018 plus
569 4958 667 5018 quam
687 4943 842 5020 expediat
857 4959 953 5003 arna-

773 291 1000 352 aristonis.
1025 291 1102 350 LIB.
1127 293 1180 350 11.

1743 291 1804 348 770

1005 449 1186 511 sententias
1215 465 1288 510 oum
1317 451 1493 525 Apostolus
1518 451 1675 528 profanas
1702 454 1799 516 novi-

1004 547 1090 606 tates
1112 546 1228 608 doceat
1241 547 1408 618 devitare;
1427 563 1487 608 nos
1502 550 1599 624 Juxta
1620 551 1798 626 pastoralis

1006 643 1240 705 sollicitudinis
1266 643 1427 714 debitum,
1454 645 1665 722 corruptelae,
1699 663 1798 724 quem

1006 741 1110 815 possit
1124 741 1277 815 ingerere
1293 740 1378 800 liber
1400 741 1600 818 hujusmodi,
1621 759 1799 806 occurrere

1006 837 1205 912 satagentes,
1226 837 1321 898 vobis
1344 838 1511 898 universis
1540 838 1573 899 et
1597 841 1738 916 singulis
1761 842 1798 904 in

1006 934 1127 995 virtute
1170 933 1282 995 Sancti
1319 934 1462 1010 Spiritus
1490 935 1639 997 districte
1676 940 1798 1013 praeci-

1007 1030 1127 1106 piendo
1145 1029 1340 1101 mundanus,
1355 1033 1518 1106 quatenus
1535 1031 1684 1093 libellum
1699 1034 1799 1094 istum

1007 1126 1149 1189 sollicite
1160 1127 1360 1204 perquiratis
1372 1129 1404 1188 et
1418 1126 1614 1204 ubicumque
1627 1129 1735 1205 ipsum
1746 1131 1799 1191 vel

1007 1228 1133 1301 partem
1154 1227 1226 1301 ejus
1248 1225 1394 1284 inveniri
1416 1225 1602 1300 contigerit,
1627 1226 1668 1286 ad
1691 1227 1800 1288 nessi

1007 1337 1124 1384 secure
1139 1321 1212 1382 lieri
1236 1322 1351 1396 possit,
1376 1321 1448 1382 sine
1470 1321 1630 1383 dilatione
1659 1324 1799 1386 mittatis

1007 1419 1199 1480 solemniter
1214 1417 1488 1491 comburendum
1505 1418 1654 1496 alioquin
1665 1421 1800 1497 vosipsi

1007 1515 1138 1592 publice
1160 1514 1361 1576 comburatis
1381 1514 1544 1586 eumdem,
1561 1516 1702 1578 subditis
1723 1534 1802 1578 ves-

1006 1614 1067 1674 tris
1096 1627 1255 1688 expresse
1289 1612 1513 1688 injungentes,
1541 1613 1576 1673 ut
1602 1614 1801 1691 quicumque

1006 1711 1155 1788 ipsorum
1173 1708 1297 1771 habent
1317 1709 1370 1770 vel
1392 1708 1515 1769 habere
1532 1713 1669 1785 possunt
1684 1711 1719 1771 in
1732 1713 1801 1773 toto

1006 1807 1060 1869 vel
1074 1809 1109 1868 in
1125 1807 1219 1884 parte
1233 1805 1438 1882 exemplaria
1457 1793 1537 1868 dicti
1549 1805 1637 1875 libri,
1652 1823 1692 1870 ea
1705 1807 1801 1870 nobis

1007 1905 1165 1966 differant
1198 1903 1382 1978 resignare,
1410 1903 1446 1962 iu
1474 1917 1588 1964 omnes
1621 1905 1679 1980 qui
1713 1906 1802 1968 ultra

1007 1999 1195 2080 quindecim
1210 1999 1292 2072 1166,
1309 2002 1483 2077 postquam
1498 1998 1687 2077 hujusmodi
1703 2017 1801 2064 man-

1007 2100 1119 2162 datum
1144 2114 1203 2159 seu
1223 2097 1436 2159 denunciatio
1452 2097 1493 2160 ad
1515 2098 1666 2160 notitiam
1686 2115 1801 2161 eorum

1007 2196 1206 2273 pervenerit,
1223 2195 1345 2256 librum
1369 2194 1477 2271 ipsum
1504 2197 1605 2256 totum
1632 2199 1690 2257 aut
1718 2213 1801 2274 par-

1006 2296 1072 2356 tem
1099 2293 1244 2354 scienter
1265 2293 1411 2352 retinere
1432 2293 1718 2370 presumpserint,
1737 2309 1801 2354 ex·

1008 2388 1318 2453 communicationis
1361 2389 1559 2450 sententiam
1599 2389 1801 2463 incurrisse,

1008 2489 1184 2565 notamque
1212 2485 1387 2562 pravitatis
1413 2485 1580 2548 haereticae
1619 2503 1686 2548 non
1721 2503 1803 2548 eva-

1008 2586 1095 2648 dent.
1124 2587 1242 2646 Datum
1267 2585 1439 2655 Laterani,
1468 2585 1498 2644 X
1523 2583 1591 2646 kal.
1628 2584 1800 2658 februarii,

1009 2697 1206 2746 annonouo

1322 2933 1487 3020 LXVIII

1142 3086 1193 3145 Ad
1210 3087 1406 3158 episcopum
1418 3087 1668 3146 Peristeosem.

1275 3214 1310 3272 28
1319 3214 1444 3288 januarii
1457 3214 1535 3272 llil.

1035 3337 1206 3404 [tiegest.,lib.
1217 3337 1260 3396 lx,
1269 3336 1344 3402 epist.
1357 3335 1412 3386 219.
1429 3335 1488 3386 1166.
1505 3337 1624 3388 161Ρο116
1636 3337 1670 3388 du
1683 3337 1778 3403 rhein]

1010 3462 1144 3536 Indulget
1168 3461 1195 3520 ei
1217 3469 1247 3518 ut
1267 3461 1388 3519 clericos
1406 3460 1545 3534 quosdam
1570 3460 1703 3520 dioecesis
1730 3477 1803 3530 susc,

1045 3552 1094 3624 qul
1110 3550 1417 3608 excommunicationis
1430 3550 1544 3607 viuculo
1566 3549 1704 3620 innodati,
1726 3552 1802 3610 celc-

1044 3641 1126 3698 brare
1140 3647 1237 3697 lamen
1251 3645 1485 3712 presumpserant
1499 3637 1647 3696 absolvere
1660 3641 1759 3712 possit.

1050 3775 1228 3846 Honorius,
1250 3774 1325 3844 etc,
1350 3771 1535 3834 venerabili
1556 3771 1689 3834 fratri...
1711 3775 1804 3850 epis-

1011 3887 1092 3948 copo
1108 3869 1304 3939 Parisiensi,
1314 3870 1454 3931 salutem
1470 3870 1503 3931 61
1514 3869 1738 3947 apostolicam
1752 3871 1807 3932 be·

1011 3969 1244 4032 nedictionem.

1049 4067 1204 4128 Meritum
1223 4066 1290 4127 tuae
1312 4064 1498 4126 devotionis
1522 4066 1682 4142 exposcit,
1713 4068 1750 4128 ut
1771 4067 1805 4129 te

1009 4163 1232 4227 abundantius
1255 4161 1431 4239 diligentes
1459 4162 1494 4223 in
1515 4163 1701 4225 visceribus
1724 4167 1805 4226 Jesu

1011 4261 1135 4323 Christi
1149 4259 1361 4322 dilectionem
1377 4259 1568 4336 hujusmodi
1582 4260 1804 4336 producamus

1010 4361 1044 4420 in
1059 4359 1162 4420 altum
1178 4357 1357 4435 specialem
1372 4354 1432 4419 tibi
1447 4356 1596 4419 favorem
1610 4358 1644 4419 et
1662 4359 1805 4434 gretiam

1010 4456 1241 4534 impendendo.
1275 4457 1322 4515 Ea
1353 4454 1498 4531 propter,
1533 4456 1735 4516 venerabilis
1768 4457 1805 4518 in

1010 4554 1140 4614 Christo
1161 4553 1275 4624 irater,
1297 4552 1363 4614 tuis
1386 4552 1684 4630 supplicationibus
1706 4553 1806 4636 incli-

1010 4651 1090 4722 nati,
1110 4651 1307 4712 auctoritate
1326 4650 1387 4710 tibi
1405 4649 1620 4725 praesentium
1645 4649 1802 4725 indulge-

1009 4765 1094 4820 mus,
1106 4748 1142 4809 ut
1156 4764 1231 4808 cum
1244 4746 1397 4808 dioecesis
1409 4747 1475 4808 tuee
1488 4746 1630 4818 clericis
1646 4751 1728 4823 quos
1743 4762 1804 4807 ex-

1009 4844 1280 4916 communicatos,
1297 4843 1350 4904 vel
1368 4857 1547 4919 suspensos
1562 4843 1732 4903 inveneris
1748 4859 1805 4905 ce-

1009 4943 1136 5014 brasse,
1151 4957 1226 5002 cum
1240 4940 1301 5002 tibi
1316 4927 1373 5000 606
1389 4939 1430 5000 ab
1446 4939 1801 5012 excommunicatione,

159 5039 259 5111 tores,
278 5053 314 5099 se
332 5037 512 5100 studiosIus
528 5039 670 5100 lectione
691 5041 855 5116 occupant
875 5039 954 5102 dicti
1009 5056 1049 5101 ac
1073 5039 1290 5116 suspensione
1321 5037 1507 5098 constiterit
1541 5035 1721 5108 absolutos,
1751 5038 1804 5098 ln-

160 5133 249 5208 libri,
261 5135 442 5212 gloriosum
453 5135 648 5213 reputantes
660 5135 791 5211 ignotas
806 5135 955 5212 proferre
1005 5137 1123 5216 juncta
1142 5136 1190 5197 ets
1213 5135 1405 5212 poenitentia
1430 5134 1582 5203 salutari,
1605 5135 1804 5198 auctoritate

209 5306 236 5380 l)
252 5311 407 5380 tepentem
425 5313 559 5382 [medon.
580 5313 623 5369 610
638 5312 809 5384 impendatis
826 5327 952 5385 operam.
1010 5309 1803 5438 611611110016111οᾗ66161161111,160116111066011116·

209 5381 238 5452 i)
254 5383 294 5438 Ee
309 5380 535 5466 dereutrequens
550 5383 677 5466 habiturn
693 5383 780 5464 luisse
792 5384 954 5466 Bituricise
1010 5382 1265 5440 moratbletthoeus
1303 5382 1370 5448 eris,
1387 5396 1402 5437 a
1417 5381 1498 5464 nobis
1509 5381 1662 5509 descripte,
1676 5390 1695 5439 t.
1711 5385 1803 5452 XVII,

162 5449 710 5582 lutiaelitteratas
724 5453 955 5581 titillanti
1009 5453 1180 5580 111761θῐ
1190 5467 1249 5579 itt·
1264 5451 1343 5594 titi
1354 5453 1545 5579 itiffl'ilm
1560 5455 1599 5510 Μ

162 5589 408 5663 chronographus,
419 5564 497 5649 tomo
507 5565 606 5651 nostro
617 5597 721 5663 xvlll,
735 5609 802 5668 pag.
815 5596 955 5663 311016
1022 5567 1028 5579 ⁹
1045 5565 1096 5668 (3),
1109 5537 1211 5650 IIicg'de
1225 5521 1442 5652 librotoflcnnis
1450 5593 1526 5651 Secti
1536 5593 1655 5668 segent
1667 5593 1802 5667 loquitur.

307 5726 422 5771 rlrnou.
438 5729 511 5772 noxe
526 5717 574 5775 lV.
1563 5718 1598 5775 id

1620 5453 1665 5510 bei
1678 5453 1801 5523 collect,
