4262 6382
56 261 57 264 Ἴ
159 307 219 368 817

159 480 203 540 tis
211 475 440 554 praesentibus,
452 475 508 552 qui
521 473 688 548 astabant3
706 487 809 550 quare
823 487 842 533 a
858 471 953 534 nobis

159 571 542 649 humiliterpestulabat‚
553 573 598 642 ut,
612 585 687 631 cum
701 570 773 631 haec
787 570 952 631 attentata

161 673 227 734 sint
250 671 284 732 in
300 669 547 732 enervationem
566 660 808 744 jurisdictionis
831 667 949 743 ipsine,

162 767 213 847 [ao
224 765 270 846 in]
285 767 532 844 derogationem
543 763 777 835 ecclesiasticae
788 763 951 824 libertatis

160 881 339 935 enormem,
356 865 388 926 et
398 863 620 938 contemptum
628 861 756 922 ordinis
772 860 949 932 clericalis,

160 964 203 1035 ei,
229 964 262 1025 et
289 961 440 1023 ecclesiae
466 961 531 1021 sibi
559 960 745 1020 commissae
777 957 950 1034 providere

160 1077 261 1136 super
279 1060 342 1119 hoc
363 1057 598 1119 misericorder
616 1056 841 1131 dignaremur.
868 1055 950 1126 Quia

159 1174 239 1220 vero
252 1157 324 1218 haec
337 1157 366 1216 si
378 1171 458 1216 vera
473 1155 560 1225 sunt,
577 1152 829 1214 conniventibus
845 1151 950 1212 oculis

158 1254 363 1332 pertransire
375 1267 435 1313 neo
447 1252 611 1323 volumus,
626 1265 687 1310 nec
701 1248 869 1321 debemus
881 1249 952 1310 dis-

159 1352 298 1414 cretioni
312 1350 431 1412 vestrae
445 1365 504 1426 per
517 1347 706 1424 Apostolica
721 1347 843 1423 scripta
856 1361 952 1406 man-

159 1449 287 1516 damus,
304 1447 466 1524 quatenus
491 1445 531 1506 ad
559 1444 727 1505 civitatem
754 1445 949 1503 Trecensem

159 1545 380 1624 personaliter
403 1541 616 1613 accedentes,
641 1540 819 1616 inquiratis
851 1555 953 1615 super

159 1642 341 1722 praemissis
360 1655 433 1718 quae
458 1639 576 1700 comite
592 1638 772 1699 memorato
792 1637 951 1700 attentata

158 1733 951 1813 dicunturinpraeJudiciumecclesiasticaeliber·

159 1837 236 1896 tatis
252 1834 505 1910 diligentissime
520 1833 705 1900 veritatem,
723 1833 755 1894 et
768 1847 840 1908 quae
851 1847 951 1908 super

158 1931 212 1992 his
225 1933 338 1993 contra
351 1930 473 1992 dictum
485 1929 648 2000 comitem,
660 1945 757 2005 quam
771 1944 830 2003 pro
844 1927 950 2003 ipsius

159 2029 351 2090 defensione
373 2027 542 2108 proposita
564 2026 688 2087 luerint
708 2041 819 2086 coram
842 2025 948 2097 vobis,

158 2123 302 2186 fideliter
325 2125 513 2199 redigentes
541 2125 576 2183 in
596 2123 728 2198 scriptis
748 2121 808 2182 sub
830 2122 950 2183 vestris

159 2223 278 2298 sigillis
304 2222 344 2282 ad
369 2223 517 2282 nostram
541 2219 752 2296 praesentiam
777 2219 951 2281 transmit-

122 2307 123 2310 *
158 2321 247 2388 tatis,
272 2318 308 2380 ut
331 2335 390 2396 per
411 2319 555 2379 vestram
570 2317 766 2378 relationem
781 2315 947 2388 instructi,

157 2415 307 2477 securius
323 2417 356 2477 in
370 2416 442 2492 ipso
455 2417 588 2492 negotio
598 2414 826 2492 procedamus.
835 2414 950 2475 Testes

158 2517 278 2582 autem,
292 2515 355 2574 etc.
372 2513 508 2585 Quodsi
526 2529 593 2574 non
609 2527 733 2582 omnes
751 2511 812 2572 etc.
830 2513 949 2574 Datum

157 2611 324 2684 Laterani,
341 2613 385 2672 IV
399 2609 472 2670 idus
486 2609 608 2682 martii,
625 2625 712 2670 anno
728 2624 827 2670 nono.

494 2870 613 2956 CXVI

251 3024 302 3082 Ad
321 3019 476 3081 abbatem
497 3019 530 3080 et
544 3017 797 3078 monesterium
818 3017 859 3076 de

447 3117 668 3177 Combcrorw.

440 3247 473 3305 15
488 3245 582 3304 martii
593 3243 671 3304 1225.

172 3376 343 3440 [monuments
354 3385 420 3436 pour
439 3369 517 3420 servir
531 3369 631 3419 bl'bist.
644 3368 689 3418 des
698 3381 770 3433 prov.
786 3367 819 3418 de
828 3368 934 3427 Namur,

445 3450 476 3508 ll,
491 3449 556 3507 v,28,
568 3463 593 3498 n.
611 3448 663 3513 ἢ]

157 3563 199 3618 Ne
211 3561 376 3617 auctoritate
388 3555 616 3629 Apostolicorum
631 3555 786 3612 litterarum
801 3552 837 3610 de
856 3553 951 3612 causis

192 3649 398 3721 compellantur
421 3657 598 3718 cognoscere
619 3643 791 3716 litigantium
811 3643 856 3700 vel
871 3649 949 3700 extra

191 3738 263 3795 duas
294 3737 393 3794 dietas
418 3741 497 3794 extra
524 3731 669 3790 dioecesim
693 3731 767 3790 trahi
788 3731 897 3803 possint
921 3730 950 3788 in

192 3841 319 3884 causam.

198 3945 303 4014 Quum
325 3938 596 4016 contemplationi
620 3937 827 4008 vacantibus,
846 3937 948 3999 utvi-

157 4039 257 4099 deant
278 4052 375 4114 quam
400 4037 512 4096 suavis
531 4037 582 4097 est
596 4035 767 4106 Dominae,
784 4049 823 4094 eo
839 4035 881 4094 sil
897 4050 950 4111 pe·

157 4135 335 4197 riculosior
368 4133 520 4207 evagatio
549 4146 613 4207 quo
645 4147 664 4190 a
699 4147 759 4192 suo
780 4130 950 4207 proposito

157 4232 259 4294 alieni
280 4231 452 4307 patiuntur
479 4228 611 4292 saoilins
640 4227 781 4288 insidias
807 4227 947 4299 inimici,

157 4346 217 4391 nos
228 4328 330 4406 quieti
345 4329 465 4388 vestrae
480 4326 619 4402 paterna
639 4324 864 4386 sollicitudine
878 4340 951 4401 pro-

157 4427 270 4488 videre
290 4425 450 4494 volentes,
475 4439 518 4483 ne
543 4421 739 4483 auctoritate
763 4421 949 4482 litterarum

156 4525 344 4585 nostrarum
358 4523 397 4582 de
413 4520 525 4581 causis
540 4517 786 4595 compellanimi
805 4533 951 4594 cognos-

157 4637 232 4682 cere
246 4619 448 4694 litigantium
459 4618 510 4678 vel
524 4617 619 4678 extra
629 4616 713 4676 duas
724 4615 839 4677 diaetas
854 4617 949 4676 extra

157 4718 343 4788 dioecesim,
374 4717 408 4775 in
435 4731 499 4792 qua
533 4713 771 4775 monasterium
803 4713 949 4774 vestrum

156 4815 313 4884 constitit,
338 4813 427 4874 trahi
442 4811 576 4888 possitis
591 4811 627 4871 in
642 4825 790 4880 causam,
808 4809 950 4871 auctori-

154 4915 222 4976 tate
248 4911 342 4973 vobis
371 4909 586 4986 praesentium
619 4907 847 4982 indulgemus,
884 4906 949 4966 nisi

155 5011 240 5074 sorte
259 5007 443 5085 impetratae
466 5021 485 5066 a
506 5005 590 5066 Sede
618 5005 806 5081 Apostolica
830 5005 949 5066 litterae

157 5108 287 5185 plenam
306 5107 346 5168 de
361 5103 577 5179 indulgentiis
599 5102 791 5179 hujusmodi
810 5102 950 5164 fecerint

157 5205 367 5266 mentionem.
394 5201 486 5263 Nulli
511 5215 590 5275 ergo
620 5199 755 5260 omnino
777 5199 948 5260 bominum

156 5303 256 5384 liceat
270 5301 356 5361 lianc
372 5299 526 5375 paginam
541 5298 664 5358 nostrae
675 5296 884 5358 inhibitionis
896 5298 950 5357 iu-

158 5400 313 5475 tringere,
329 5397 384 5458 vel
407 5397 436 5458 ei
462 5412 547 5457 ausu
569 5393 748 5456 temerario
768 5395 946 5484 contraire.

665 387 668 396 ,
775 303 1004 366 erraneum.
1027 305 1186 408 n1e41x.

1739 304 1802 364 ala

1010 473 1045 532 Si
1058 471 1132 549 quis
1152 469 1263 533 autern
1286 469 1348 530 hoc
1364 469 1527 532 attentare
1541 470 1797 548 presumpserit,

1008 568 1271 645 indignationem
1287 567 1523 642 omnipotentis
1545 568 1605 628 Dei
1624 582 1664 627 ac
1684 567 1800 630 beato-

1006 681 1080 726 rum
1096 665 1188 726 Petri
1203 666 1236 726 et
1248 663 1344 724 Pauli
1359 663 1583 739 apostolorum
1596 666 1668 740 ejus
1682 652 1717 723 se'
1731 679 1797 724 no-

1005 763 1092 823 verit
1118 763 1341 823 incursurum.
1367 759 1487 822 Datum
1505 761 1670 831 Laterani,
1690 759 1798 822 idibus

1006 859 1128 928 martii,
1143 874 1231 920 anno
1241 873 1338 919 nono.

1332 1152 1474 1240 CXVII

1025 1305 1077 1364 Ad
1103 1305 1300 1365 Vactcosem
1322 1303 1355 1364 et
1376 1306 1581 1379 Aprteosem
1594 1306 1778 1378 episcopos.

1289 1445 1322 1500 lv
1335 1443 1431 1499 martii
1444 1443 1522 1500 1225.

1176 1573 1266 1638 [Fej0r‚
1276 1573 1339 1624 Cod.
1355 1573 1473 1640 diplom„
1486 1575 1528 1634 lli,
1542 1588 1571 1634 11,
1582 1573 1634 1638 ΙΙ]

1005 1696 1063 1754 Eos
1078 1705 1175 1755 monet
1189 1705 1219 1755 ut
1234 1697 1369 1756 inducent
1383 1700 1537 1772 capitulum
1551 1698 1800 1770 strigoniensem

1041 1783 1112 1842 inira
1144 1801 1272 1843 mensem
1308 1794 1373 1859 post
1399 1789 1610 1858 susceptionem
1642 1787 1800 1844 litterarum

1012 1927 1013 1930 ,
1040 1874 1268 1946 Apostolicorum
1283 1875 1313 1932 in
1331 1889 1483 1947 personam
1497 1873 1630 1932 idoneam
1652 1887 1702 1947 per
1723 1875 1797 1932 elec·

1039 1963 1147 2020 tionem
1163 1963 1207 2020 vel
1223 1963 1442 2034 postulationem
1455 1964 1638 2020 conveniant.
1876 1964 1877 1967 ’

1044 2089 1212 2148 Honorius
1221 2088 1406 2164 episcopus,
1416 2103 1532 2148 servus
1544 2103 1716 2148 servorum
1727 2088 1798 2160 Dei,

1005 2184 1250 2245 venerabilibus
1273 2183 1443 2256 iratribus,
1524 2185 1680 2245 vaciensi
1702 2185 1734 2245 et
1736 2226 1811 2245 ......

1004 2282 1157 2357 Agriensi
1172 2282 1348 2359 episcopie,
1377 2281 1799 2356 salutemetnpostoncam

1004 2379 1279 2440 benedictionem.

1051 2476 1185 2536 Duabus
1216 2475 1509 2552 postulationibus,
1541 2489 1607 2535 una
1644 2474 1801 2537 videlieet

1005 2574 1045 2634 de
1076 2573 1261 2635 venerabili
1298 2573 1401 2633 fratre
1436 2575 1550 2633 nostro
1582 2571 1797 2644 cenadiensi,

1005 2671 1133 2747 reliqua
1167 2685 1248 2730 vero
1278 2669 1319 2730 de
1349 2667 1532 2731 venerabili
1554 2668 1657 2729 fratre
1686 2671 1800 2730 nostro

1005 2766 1178 2838 Nitriensi,
1220 2765 1396 2841 episcopis,
1428 2765 1464 2824 in
1491 2765 1710 2838 strigoniensi
1744 2781 1801 2828 ec-

1005 2863 1107 2924 elesia
1131 2861 1318 2934 celebratis,
1345 2877 1447 2938 quum
1461 2861 1588 2922 nullam
1611 2877 1726 2922 aarum
1745 2862 1801 2923 in-

1004 2959 1192 3020 venerimus
1229 2973 1304 3020 esse
1340 2958 1546 3030 canonicam,
1587 2959 1620 3019 et
1645 2959 1680 3018 in
1707 2959 1800 3022 tanta

1005 3054 1268 3117 contradictione
1285 3071 1352 3116 non
1376 3055 1586 3116 consueverit
1608 3056 1798 3130 postulatio,

1006 3169 1090 3230 quae,
1110 3153 1138 3213 si
1163 3154 1263 3214 etiam
1285 3153 1495 3214 concorditer
1513 3151 1617 3224 lieret,
1635 3154 1708 3230 plus
1721 3169 1801 3228 gra-

1004 3251 1096 3323 tiam,
1134 3267 1231 3328 quam
1252 3253 1308 3327 jus
1346 3250 1496 3326 requirit,
1534 3250 1683 3325 admitti;
1712 3265 1800 3312 neu-

1005 3351 1090 3410 tram
1112 3349 1153 3409 de
1179 3348 1319 3410 fratrum
1341 3348 1530 3410 nostrorum
1545 3348 1686 3408 consilio
1702 3349 1803 3409 duxi-

1006 3461 1077 3506 mus
1093 3445 1341 3506 admittendum.
1356 3447 1425 3506 Nos
1438 3445 1549 3506 autem
1567 3445 1726 3507 iacientes
1738 3461 1799 3506 ca·

1005 3543 1110 3620 pitulo
1130 3543 1351 3619 strigoniensi
1375 3543 1439 3605 bac
1459 3543 1533 3604 vice
1552 3543 1705 3617 gratiam,
1722 3542 1801 3604 licet

983 3645 984 3650 ’
1005 3640 1046 3702 de
1056 3641 1143 3717 juris
1156 3639 1299 3715 rigores
1316 3640 1411 3701 nobis
1427 3640 1525 3701 eliter
1539 3639 1613 3700 fieri
1626 3641 1797 3716 potuisset,

1005 3738 1256 3799 universitatem
1273 3753 1388 3798 eorum
1404 3752 1587 3807 monemus,
1604 3739 1735 3797 nostras
1751 3739 1801 3797 eis

1005 3834 1121 3896 dantes
1134 3835 1262 3897 litteras
1273 3835 1307 3894 in
1319 3834 1495 3905 mandatis,
1505 3836 1541 3895 ut
1551 3832 1640 3894 intra
1653 3849 1800 3894 mensem

1005 3933 1079 4008 post
1103 3932 1347 4008 susceptionem
1371 3946 1497 4002 earum,
1522 3933 1626 3992 Deum
1648 3929 1819 3992 babendo

1004 4045 1073 4106 prae
1109 4028 1226 4100 oculis,
1260 4029 1294 4088 in
1324 4043 1502 4104 personam
1533 4027 1697 4100 idoneam,
1726 4044 1800 4104 quas

1004 4128 1096 4188 tanto
1107 4124 1268 4200 congruat
1278 4125 1373 4186 oneri
1389 4126 1422 4187 et
1435 4125 1567 4196 honori,
1583 4140 1643 4201 per
1662 4124 1801 4186 electio-

1004 4240 1080 4285 nem
1102 4238 1161 4283 seu
1177 4222 1436 4299 postulationem
1453 4221 1591 4284 liberam
1612 4223 1645 4283 et
1659 4223 1801 4284 canoni-

1005 4337 1088 4392 cam,
1101 4319 1291 4398 juramento
1302 4319 1537 4396 quolibethinc
1550 4319 1627 4379 inde
1637 4321 1797 4396 praestito,

1004 4434 1064 4494 per
1088 4417 1175 4494 quod
1198 4416 1305 4478 libem
1332 4415 1535 4492 impediatur
1566 4416 1701 4488 electio,
1731 4433 1799 4478 non

1004 4516 1166 4587 obstante,
1184 4515 1310 4586 curent,
1335 4515 1491 4576 invocata
1519 4514 1663 4590 Spiritus
1686 4515 1799 4576 Sancti

1004 4613 1122 4690 gratia,
1141 4613 1331 4684 convenire,
1359 4612 1406 4673 ita
1426 4612 1511 4687 quod
1542 4627 1609 4672 non
1625 4611 1801 4673 videamur

1004 4711 1053 4772 eis
1076 4711 1112 4770 in
1132 4709 1363 4786 praejudicium
1387 4707 1627 4784 strigoniensis
1648 4707 1799 4770 ecclesiae

1004 4807 1178 4880 detulisse;
1202 4821 1311 4882 neque
1327 4804 1502 4881 providere
1518 4819 1677 4879 cogamur
1691 4804 1798 4866 eidem

1005 4903 1154 4965 ecclesiae
1167 4918 1227 4980 per
1241 4902 1416 4978 nosipsos.
1431 4901 1593 4972 Quocirca
1610 4901 1800 4963 fraternita-

1003 5003 1068 5062 tem
1082 5000 1227 5064 vestram
1251 4995 1433 5069 monemus,
1453 4997 1616 5074 quatenus
1634 5013 1798 5074 persona·

1003 5099 1080 5160 liter
1094 5096 1289 5158 accedentes
1304 5095 1345 5156 ad
1361 5094 1481 5166 locum,
1494 5110 1550 5155 eos
1561 5094 1602 5155 ad
1616 5095 1649 5154 id
1661 5095 1799 5172 diligen·

1004 5195 1069 5257 tius
1084 5209 1231 5262 monere,
1248 5209 1287 5254 ao
1297 5193 1456 5254 inducere
1469 5193 1665 5269 procuretis.
1679 5195 1797 5255 Datum

1004 5291 1263 5360 Laterani,le
1291 5290 1452 5350 kalendas
1472 5291 1600 5366 aprilis,
1620 5291 1798 5368 pontifica-

1005 5391 1057 5453 tus
1075 5390 1181 5452 nostri
1196 5403 1284 5449 anno
1298 5403 1399 5448 nono.
