4262 6382
369 263 436 324 'aab

376 394 492 484 Amen.
508 419 609 482 Adest
622 417 754 494 signum
769 416 894 478 domini
907 431 1013 494 papae.

416 522 484 594 Ego
505 517 684 584 Honorius,
707 515 879 576 catholicae
900 514 1057 575 Ecclesiae
1078 515 1169 591 epis-

376 631 693 788 00}E{·Stephanus,
704 707 852 769 basilicae
864 709 926 768 XII
937 707 1168 784 Apostolorum

373 809 548 888 presbyter
558 807 648 868 card.

414 909 483 982 Ego
496 907 653 974 loannes,
671 904 704 963 S.
722 901 883 963 Praxedis
898 901 1007 978 presb.
1024 901 1115 962 card.

415 1005 484 1078 Ego
498 1005 606 1076 nugo,
623 1000 784 1062 Ostiensis
797 1000 831 1061 et
844 997 1063 1060 velletrensis
1079 998 1169 1075 epis-

344 1263 347 1266 .
375 1115 487 1274 ⁶⁰ngss
498 1195 664 1272 Pelagius,
681 1191 879 1254 Albanensis
898 1192 1085 1268 episcopus.

413 1296 483 1369 Ego
495 1291 665 1358 Nicolaus,
676 1291 884 1352 Tusculanus
899 1289 1085 1366 episcopus.

413 1393 482 1466 Ego
495 1390 612 1461 (luido,
627 1388 853 1449 Praenestinus
868 1386 1054 1463 episcopus.

413 1489 482 1564 Ego
496 1488 652 1564 Occasus,
670 1487 727 1546 SS.
752 1483 860 1559 Sergii
884 1483 917 1544 et
938 1481 1061 1544 Bacchi
1079 1481 1165 1542 diac.

208 1749 210 1759 ,
278 1673 291 1678 “
372 1584 480 1758 &gig-O
493 1682 675 1751 Romanus,
689 1677 850 1740 diaconus
863 1675 1055 1738 cardinalis.

413 1780 531 1841 Datum
561 1776 729 1847 Laterani,
759 1791 819 1852 per
853 1788 986 1836 manum
1014 1771 1165 1848 magistri

373 1875 545 1946 (luidonis,
567 1873 692 1934 domini
707 1887 802 1948 papae
821 1871 955 1941 notarii,
972 1872 1000 1931 V
1015 1869 1089 1929 idus
1103 1869 1166 1930 de-

372 1973 526 2044 cembris,
542 1970 724 2032 indictione
746 1970 818 2039 Xll,
840 1965 1083 2028 incarnationis
1098 1969 1166 2027 Do-

372 2070 504 2136 minicae
523 2082 612 2138 anno
634 2066 835 2136 MCCXXIV,
853 2063 1063 2140 pontificatus
1086 2077 1165 2124 varo

373 2165 500 2228 domini
515 2164 641 2226 Honori
656 2165 701 2224 lIl
715 2177 803 2223 anno
818 2176 917 2222 nono.

703 2345 831 2488 vuurv
930 2474 934 2482 .

372 2560 425 2621 Ad
441 2556 599 2618 abbatem
621 2552 654 2614 et
672 2551 879 2614 concentum
905 2549 1163 2612 Clatcrotcnscs.

632 2683 664 2740 la
683 2680 812 2738 decemb.
830 2680 909 2737 tabl.

389 2812 509 2878 saepen,
524 2807 570 2860 lib.
588 2805 631 2864 lx,
642 2805 716 2870 epist.
733 2804 786 2854 1³8.
801 2805 856 2854 blss.
871 2805 908 2855 La
919 2803 994 2854 Porte
1006 2801 1041 2854 du
1054 2801 1149 2867 Their]

373 2936 562 2995 Donationem
577 2931 678 2989 decem
701 2929 789 2986 millia
813 2928 979 2986 allectorum
997 2927 1026 2984 in
1040 2927 1166 2985 Menenio

408 3031 436 3082 st
455 3029 537 3095 portu
559 3019 594 3076 de
611 3021 699 3089 Diepa
729 3018 798 3090 ipsis
818 3031 834 3074 a
855 3016 988 3074 Gualtero
1007 3014 1163 3087 archiepis-

408 3125 480 3184 copo
499 3106 643 3182 quondam
668 3105 909 3176 ltolhomagensi,
930 3102 1051 3172 lactem,
1071 3111 1100 3160 et
1118 3101 1165 3160 hic

407 3201 554 3266 insertam,
568 3194 735 3253 auctoritate
750 3193 913 3264 apostolice
923 3189 1084 3249 conllrmnt.

412 3325 1162 3407 Honoriusepisoopus,servusservorumitei,

373 3431 504 3495 dilectis
529 3427 645 3488 tiliis...
662 3423 773 3485 abbati
796 3425 829 3484 et
843 3423 1019 3484 conventui
1041 3422 1165 3485 Cister-

987 259 1166 322 HONORII
1188 261 1234 322 111
1255 263 1405 324 OPERA,

1962 267 2018 324 740

1224 419 1366 490 dedisse,
1383 421 1415 482 et
1429 421 1635 482 concessisse
1651 420 1782 482 dilectis
1804 421 1921 482 amicis
1941 437 2017 484 nos·

1224 519 1322 579 tris...
1337 516 1447 580 abbati
1458 520 1490 580 et
1505 517 1970 580 couventuiCisterciensibus
1984 521 2015 581 in

1224 615 1363 676 liberam
1380 631 1508 692 puram,
1523 615 1557 676 et
1569 618 1761 692 perpetuam
1774 615 2015 692 eleemosynam

1223 711 1336 772 decom
1352 711 1457 772 millia
1476 711 1671 773 allectorum
1693 713 1865 773 annuatim
1885 712 1924 773 in
1943 715 2014 774 hla-

1223 809 1330 881 nerio,
1346 809 1379 870 ot
1392 809 1489 886 portu
1502 809 1616 871 nostro
1636 810 1677 870 de
1699 809 1802 885 Diopa
1823 809 1864 870 de
1883 809 2012 871 redditu

1223 906 1336 967 nostro
1348 906 1507 967 solvendo
1516 907 1604 968 inter
1613 905 1734 968 testum
1745 907 1898 967 Omnium
1911 909 2014 968 Sano-

1222 1003 1342 1073 torum,
1368 1005 1401 1064 et
1423 1002 1543 1064 testum
1563 1003 1676 1065 Sancti
1698 1004 1835 1066 Martini
1853 1004 1963 1065 libera
1978 1005 2016 1066 ab

1223 1100 1313 1159 omni
1336 1100 1584 1161 consuetudine.
1608 1101 1651 1162 Ut
1671 1101 1782 1162 autom
1806 1101 1878 1162 haeo
1905 1103 2015 1162 nostra

1222 1195 1356 1257 donatio
1369 1199 1442 1259 rata
1457 1199 1491 1259 ct
1503 1197 1704 1259 inconcussa
1721 1201 1929 1275 permaneat,
1947 1214 2015 1259 eam

1222 1294 1378 1368 praesenti
1393 1294 1527 1371 scripto,
1541 1296 1575 1357 et
1592 1294 1695 1370 sigilli
1708 1295 1814 1356 nostri
1833 1296 2014 1358 munimine

1222 1387 1377 1450 duximus
1404 1389 1638 1452 roborandam.
1658 1389 1707 1450 Ad
1731 1393 1895 1467 majorem
1920 1391 2015 1452 eliam

1222 1486 1433 1548 securitatem
1450 1487 1597 1561 sigillum
1613 1487 1750 1563 capituli
1767 1488 1876 1548 nostri
1895 1488 2012 1549 nostris

1222 1583 1440 1658 praesentibus
1461 1583 1582 1646 litteris
1603 1583 1743 1645 lecimus
1756 1586 1891 1661 apponi.
1908 1586 2012 1646 Testi-

1221 1679 2008 1759 busGeraldoPontiniaocnsifflald.Ursicampi‚

1221 1779 1239 1839 J
1244 1777 1376 1838 ohanne
1391 1777 1432 1838 de
1449 1777 1567 1848 Quinci
1582 1777 1767 1851 abbatibus,
1784 1780 1920 1840 domino
1934 1781 2010 1840 Ric-

1223 1873 1323 1934 oardo
1347 1873 1473 1936 decano
1493 1875 1763 1951 Rothomagensi,
1782 1877 1944 1952 magistro
1959 1879 2012 1938 Jo-

1221 1968 1332 2029 hanne
1349 1969 1390 2029 da
1408 1969 1528 2036 vilers,
1547 1970 1707 2046 magistro
1730 1969 1874 2032 Roberto
1899 1971 2008 2036 Bulbo,

1221 2066 1297 2136 Riu,
1320 2065 1388 2138 Air,
1405 2066 1576 2128 canonicis
1591 2067 1926 2144 Rothomagensibus,
1948 2071 2009 2129 Ro-

1220 2163 1312 2224 berto
1327 2163 1396 2224 illio
1411 2165 1486 2236 Riu,
1503 2165 1637 2226 clerico.
1659 2167 1778 2226 Datum
1801 2180 1861 2242 per
1878 2181 2007 2226 manum

1220 2259 1356 2322 Roberti
1378 2260 1418 2321 de
1441 2263 1561 2322 Sancto
1580 2261 1720 2324 Nicolao
1740 2261 1909 2338 capellani
1930 2263 2010 2338 apud
2077 2267 2078 2274 ’

1221 2358 2010 2433 Rothomagum.Annolnoarnationisllominicae

1220 2456 1334 2526 MGGl,
1356 2455 1519 2516 kalendas
1538 2455 1617 2531 julii
1641 2473 1670 2516 ».
1700 2455 1793 2518 Nulli
1817 2471 1912 2531 erg0,
1937 2457 2009 2524 eto,

1220 2553 1307 2613 hanc
1331 2553 1486 2629 paginam
1511 2555 1634 2615 nostrae
1658 2553 1935 2625 confirmationis,
1949 2553 2006 2614 eto.

1222 2650 1257 2710 Si
1272 2649 1346 2727 quis
1360 2652 1481 2722 autem,
1501 2651 1565 2712 etc.
1579 2651 1698 2713 Datum
1714 2651 1885 2724 Laterani,
1906 2649 2010 2712 idibus

1221 2747 1415 2820 decembris,
1432 2763 1520 2810 anno
1536 2763 1635 2810 nono.

1564 3006 1667 3093 XLV

1393 3177 1444 3236 Aa
1454 3177 1614 3250 priorem
1628 3177 1669 3237 de
1681 3177 1838 3237 Kirbom.

1486 3305 1520 3362 15
1532 3304 1663 3363 decemb.
1679 3306 1750 3366 llll

1331 3428 1471 3493 [Walbrau.
1484 3429 1627 3480 llemoricls
1639 3429 1666 3478 ol
1677 3427 1827 3486 Fouutaius,
1843 3428 1913 3495 raa]

372 3526 551 3597 ⁰ie¹¹⁸ihu⁸’
564 3523 705 3585 salutem
720 3523 752 3583 et
766 3519 987 3597 Ap⁰⁵t⁰li⁰³m
1001 3519 1163 3582 benedic*
1218 3553 1252 3612 El
1267 3553 1382 3611 mandat
1396 3561 1427 3610 ut
1441 3554 1469 3610 iu
1481 3567 1566 3611 causa
1578 3555 1678 3627 prioris
1692 3561 1720 3612 et
1733 3553 1850 3612 lratrum
1862 3554 2008 3628 hospitalis

373 3629 510 3690 tionem.
1255 3643 1283 3699 S.
1308 3643 1382 3699 Petri
1404 3643 1593 3699 Eboraoensis
1618 3649 1717 3699 contre
1745 3642 1780 3698 do
1805 3643 1953 3711 Fontibus,
1975 3641 2006 3698 de

411 3722 514 3786 Justis
534 3717 728 3798 petentium,
754 3718 829 3786 etc,
851 3727 959 3788 lisque
985 3714 1161 3791 0⁰mP101'0·
1253 3731 1351 3799 llelsa,
1366 3729 1402 3787 de
1416 3729 1572 3800 Bellandia,
1584 3731 1620 3786 de
1633 3731 1812 3788 Girevalloat
1823 3729 2005 3788 deKirlrestal

370 3825 451 3884 Cum
471 3834 550 3894 ergo
574 3816 669 3876 bonae
694 3813 863 3874 memoriae
887 3811 1075 3882 (lualteruS,
1096 3813 1164 3872 Ro·
1253 3817 1370 3876 abbates
1394 3831 1548 3891 corumque
1574 3826 1734 3877 conventus
1748 3819 1944 3878 cisterciensis
1963 3833 2003 3876 or·

372 3914 596 3992 thomagensis
619 3910 903 3986 archiepiscopus,
929 3907 970 3968 de
996 3923 1163 3968 consensu
1253 3905 1328 3964 dinis
1342 3921 1427 3978 super
1437 3906 1537 3964 Garbis
1552 3913 1580 3964 et
1594 3906 1679 3964 rebus
1696 3907 1759 3964 aliis
1770 3915 1900 3966 vertente
1911 3915 2005 3966 utram

370 4013 507 4092 capituli
521 4011 573 4072 sui
584 4010 698 4070 decem
713 4007 817 4066 millia
830 4005 1025 4068 alleciorum
1038 4006 1073 4065 in
1086 4008 1162 4066 Ma·
1252 4011 1307 4096 cuc
1325 4002 1434 4068 partem
1452 3997 1642 4068 peremptorie
1657 3995 1693 4052 ad
1705 3994 1807 4054 sedem
1819 3995 2003 4069 apostolicam

370 4113 476 4183 uario,
489 4110 522 4171 at
537 4109 633 4184 portu
643 4105 684 4165 de
694 4105 798 4180 Diepa
811 4102 951 4177 singulis
961 4102 1058 4162 annis
1068 4101 1162 4164 vobis
1252 4090 1349 4142 citent.

369 4205 544 4272 donaverit
562 4203 684 4265 intuitu
708 4199 854 4276 piatatis,
870 4214 930 4260 nos
945 4199 1066 4260 vestris
1086 4215 1164 4276 pre-
1259 4199 1499 4275 significarunt
1521 4199 1616 4262 nobis
1621 4243 1681 4260 .....
1706 4200 1810 4276 prior,
1835 4201 1868 4262 et
1893 4200 2003 4263 iratres
2077 4233 2078 4236 =

369 4307 463 4368 cibus
489 4299 641 4363 inclinati
671 4297 883 4359 donationem
918 4297 1041 4372 ipsam,
1078 4296 1164 4356 sicut
1217 4296 1392 4372 hospitalis
1414 4296 1528 4358 Sancti
1551 4297 1645 4358 Petri
1667 4296 1898 4370 Eboracensis,
1925 4294 2002 4374 quod

370 4403 424 4480 pie
448 4415 487 4462 ac
509 4395 645 4474 provide
665 4393 751 4455 lacta
767 4394 826 4464 ost,
846 4392 878 4453 et
893 4392 927 4452 in
945 4393 1065 4454 litteris
1087 4394 1163 4455 inda
1217 4409 1292 4454 oum
1307 4394 1372 4470 ipsi
1387 4393 1509 4454 dudum
1524 4393 1566 4454 do
1590 4393 1788 4455 Fontibus...
1812 4395 1853 4456 de
1867 4395 2000 4456 Melsa...

245 4527 251 4553 κ
370 4495 529 4562 contectis
566 4491 696 4570 plenius
731 4489 929 4561 continetur,
967 4489 1164 4552 auctoritate
1217 4490 1478 4552 deBeilandia...
1495 4490 1535 4551 da
1551 4490 1754 4552 Girevallo...
1772 4491 2003 4554 etdeKirkes-

358 4593 559 4674 apostolica
570 4589 816 4660 confirmamus,
827 4587 1039 4662 etpraesentis
1048 4586 1162 4662 scripti
1216 4589 1264 4650 tal
1292 4587 1438 4660 abbates,
1462 4587 1494 4649 et
1517 4602 1634 4648 eorum
1655 4589 1851 4660 conventus,
1881 4591 2001 4650 oister-

370 4690 556 4773 patrooinio
571 4685 824 4749 communimus.
842 4683 890 4744 Ad
904 4683 1077 4745 rotantem
1092 4684 1163 4745 avi·
1217 4685 1339 4747 cionsis
1352 4684 1490 4756 ordinis,
1507 4699 1607 4760 super
1624 4685 1753 4756 (tarbis,
1770 4688 1803 4748 et
1818 4685 1917 4746 rebus
1931 4685 2000 4746 aliis

369 4790 514 4854 dentiam
530 4785 724 4864 pleniorem,
741 4773 891 4844 tenorem
911 4781 1096 4842 litterarum
1110 4781 1163 4858 ip·
1216 4782 1251 4841 in
1267 4780 1386 4858 quibus
1401 4781 1586 4851 annuatim,
1603 4781 1641 4843 ut
1660 4781 1792 4854 dicitur,
1813 4782 1878 4858 ipsi
1889 4781 1998 4857 hospi·

243 4928 245 4939 .
369 4904 482 4954 sarum
509 4881 728 4962 praesentibus
758 4879 798 4939 de
825 4877 928 4938 verbo
958 4878 999 4938 ad
1025 4877 1161 4938 verbum
1197 4879 1276 4940 'tali
1287 4879 1453 4950 tenentur,
1468 4893 1617 4940 coram...
1630 4878 1757 4939 decano
1770 4877 1997 4946 Linoolnionsi‚
2077 4879 2078 4886 ’

369 4985 524 5048 duximus
547 4977 762 5042 inserendum
785 4975 840 5052 qui
861 4974 939 5036 talis
960 4977 1011 5036 est
1026 4995 1034 5034 ε
1051 4991 1071 5034 «κ
1084 4976 1163 5035 Om-
1217 4978 1250 5038 ct
1268 4976 1338 5036 suis
1353 4974 1594 5052 conjudicibus,
1616 4976 1816 5037 auctoritato
1830 4975 1926 5037 bona
1937 4989 2000 5036 mo-

368 5083 465 5146 nibus
497 5076 619 5141 Christi
650 5073 805 5136 fidelibus
833 5071 874 5132 ad
903 5086 986 5148 quos
1014 5087 1161 5148 praesens
1215 5073 1330 5134 moriae
1372 5075 1397 5133 1.
1441 5087 1551 5149 papae,
1593 5072 1847 5148 praedecessoris
1882 5069 1997 5140 nostri,

368 5179 528 5258 scriptum
550 5171 749 5252 pervenerit.
769 5169 955 5239 Gualterus,
972 5169 1031 5230 Dei
1053 5170 1161 5244 gratia
1214 5169 1397 5232 traxissent
1423 5170 1459 5230 in
1484 5185 1636 5241 oausam,
1666 5157 1744 5246 pars
1771 5171 1999 5232 monachorum
2077 5183 2078 5186 ’

368 5271 646 5349 Rothomagensis
661 5267 945 5344 archiepiscopus
962 5266 1101 5327 salutem
1125 5267 1174 5327 in·
1215 5267 1316 5330 citata
1344 5266 1502 5342 legitime,
1527 5265 1773 5328 deliberatoriis
1793 5266 1934 5328 obtentis
1952 5265 2000 5325 in·
2077 5295 2078 5310 ν

368 5374 519 5440 Domino.
542 5369 592 5430 Ad
613 5363 842 5428 universitatis
864 5364 984 5424 vestrae
1008 5363 1160 5425 notitiam
1215 5364 1340 5436 dultiis,
1357 5364 1516 5441 quasdam
1532 5365 1746 5440 exceptiones
1762 5364 1933 5440 proposuit
1949 5378 1999 5423 co·

367 5475 521 5538 uolumus
537 5463 724 5542 pervenire,
740 5476 801 5523 nos
822 5459 944 5522 divinae
959 5459 1092 5537 pietatis
1106 5459 1162 5521 in·
1215 5477 1287 5524 ram
1307 5463 1368 5534 eis,
1392 5477 1492 5538 super
1516 5461 1636 5538 ortibus
1662 5459 1740 5522 dicti
1759 5460 1890 5536 judicos
1911 5459 1998 5522 dubi-

366 5571 455 5635 tuitu
474 5577 629 5632 assensu,
646 5561 679 5620 et
699 5557 871 5622 voluntate
895 5557 1031 5634 capituli
1043 5557 1161 5620 nostri
1214 5560 1322 5622 tantos
1338 5559 1506 5620 duxerunt
1520 5557 1639 5620 sedem
1649 5556 1873 5634 apostolicam
1885 5571 1998 5620 consu-
