4274 6388
183 295 240 356 181

182 569 261 616 num
288 553 390 620 liceat
412 553 498 616 hanc
513 555 668 637 paginam
683 557 806 618 nostrae
829 558 975 632 unionis,

180 649 431 734 constitutionis
446 651 478 712 et
498 652 761 716 confirmationis
780 653 975 732 intringere,

181 747 237 809 val
250 748 281 808 ai
294 763 378 810 ausu
389 749 566 811 temerario
581 751 760 812 contraire.
771 753 806 812 Si
822 768 887 829 qua
896 767 977 822 varo

182 843 385 907 infuturum
406 845 646 918 ecclesiastica,
666 848 882 910 saecularisve
900 863 978 926 per-

180 956 265 1004 sona
291 941 378 1003 hanc
405 944 528 1005 nostrae
553 944 799 1007 constitutionis
821 947 978 1022 paginam

182 1039 304 1110 edens,
314 1040 430 1102 contra
444 1055 517 1102 eam
528 1040 643 1102 venire
652 1041 840 1115 tentaverit,
858 1058 979 1105 secun·

181 1135 224 1198 do
247 1136 388 1198 tertiove
410 1139 627 1210 commonita,
646 1138 712 1199 nisi
733 1140 862 1202 reatum
881 1155 977 1202 suum

182 1247 329 1308 congrua
348 1233 575 1296 satisfactione
591 1236 786 1307 correxerit,
804 1237 977 1314 potestatis

181 1329 385 1408 honorisque
400 1331 452 1392 sui
463 1332 576 1393 careat
588 1332 760 1408 dignitate,
773 1349 931 1412 reamque
942 1349 978 1395 se
1001 1371 1002 1378 κ

183 1426 295 1488 divino
306 1427 435 1504 judicio
448 1427 592 1490 existere
604 1429 645 1490 de
658 1431 847 1506 perpetrata
857 1429 978 1508 iniqui·
1001 1453 1002 1456 ¹

182 1524 250 1587 tate
265 1527 454 1601 cognoscat,
470 1527 503 1588 et
517 1541 537 1586 a
550 1527 776 1588 sacratissimo
791 1541 931 1604 corpore
944 1529 979 1589 et

183 1623 348 1697 sanguine
363 1623 433 1694 Dei,
450 1624 483 1684 et
506 1623 638 1684 Domini
652 1623 882 1701 Redemptoris
899 1638 979 1685 nos-

183 1719 227 1780 tri
241 1721 321 1780 Jesu
332 1719 456 1782 Christi
468 1720 578 1780 aliena
592 1719 662 1792 flat,
675 1722 773 1796 atqua
784 1721 819 1781 in
828 1720 978 1783 extremo

182 1815 337 1877 examine
348 1816 507 1878 districtas
522 1817 693 1894 subjaceat
703 1817 833 1879 ultioni.
844 1818 978 1878 Cunctis
1000 1837 1001 1908 3

182 1912 293 1973 autem
309 1913 415 1973 eidem
430 1912 504 1974 loco
526 1929 586 1974 sua
602 1917 681 1990 jura
703 1913 913 1978 servantibus
935 1915 979 1976 sit
999 1919 1001 1986 t

181 2023 250 2085 pax
263 2009 396 2070 Domini
422 2010 529 2072 nostri
545 2011 626 2072 Jesu
652 2011 786 2082 Christi,
812 2013 975 2087 quatenus

182 2105 216 2166 et
227 2104 283 2166 hic
310 2104 452 2168 fructum
467 2105 562 2168 bonae
573 2107 714 2168 actionis
729 2107 926 2184 percipiant,
945 2107 978 2168 et

182 2201 269 2277 apud
294 2202 481 2264 districtum
500 2203 647 2278 judicem
676 2205 814 2281 praemia
842 2205 977 2266 aeternae

180 2297 274 2375 pacis
303 2297 488 2361 inveniant.
508 2303 623 2361 Amen.
644 2302 760 2362 Amen.
788 2301 978 2378 Sequuntur

182 2395 423 2472 suscriptiones
442 2397 674 2466 cardinalium,
688 2398 723 2459 et
742 2397 874 2460 tandem
895 2397 977 2458 sub·
1000 2423 1001 2426 ¹

182 2492 356 2569 sequitur:
378 2494 498 2556 Datum
521 2493 639 2567 Alatri,
660 2511 867 2572 parmarum
896 2495 978 2556 Gui-

183 2589 278 2650 donis
291 2590 455 2666 capellani
471 2591 596 2652 domini
610 2608 716 2669 papae,
733 2592 802 2654 kal.
815 2595 901 2670 jun,
917 2593 975 2653 in-

182 2685 976 2763 dictionelX,lncarnationisDominianno1222,

182 2783 394 2860 pontificatus
410 2784 535 2846 domini
550 2788 691 2848 Honorii
705 2801 794 2849 anno
809 2789 916 2850 sexte.

533 3109 628 3198 dcv

285 3262 337 3320 Ad
350 3262 643 3334 arclticptscopum
657 3262 878 3323 Ebruduncn.

484 3392 498 3450 l
510 3390 581 3464 junii
594 3391 673 3450 inti.

221 3517 341 3584 fflrgsst„
352 3515 398 3568 lib.
409 3515 452 3576 Vl,
467 3531 507 3584 ep.
522 3515 578 3567 ins.
595 3515 652 3567 hlss.
665 3515 701 3568 ha
710 3517 786 3568 Porta
797 3515 831 3567 du
842 3515 941 3582 ruat]

183 3642 315 3716 rraeupn
328 3649 360 3701 ut
378 3641 466 3700 abbas
479 3650 508 3700 et
521 3651 680 3702 conventus
694 3643 723 3700 S.
737 3643 861 3702 Victoris
873 3642 973 3702 llasai·

218 3731 285 3788 lien.
307 3745 358 3804 per
371 3746 403 3788 se
421 3731 467 3788 vel
490 3738 754 3804 procuratoraasuo
766 3731 976 3804 conspectuise

219 3826 434 3892 rspraesentcnt.

222 3945 403 4019 Honorius,
417 3945 493 4017 etc„
508 3944 693 4008 venerabili
715 3944 812 4008 fratri
828 3943 978 4007 wedn-

182 4059 261 4106 nen.
278 4043 541 4119 archiepiscopo.

224 4141 387 4202 Miramur
401 4139 580 4215 plurimum
595 4155 657 4201 neo
677 4139 861 4202 sufficimus
875 4139 978 4202 admi·

183 4237 265 4309 rari,
274 4236 360 4313 quod
369 4250 470 4312 quum
480 4234 620 4296 sormam
628 4237 867 4314 inquisitionis,
877 4253 977 4315 quam

181 4335 219 4396 in
247 4333 451 4394 monasterio
484 4333 597 4395 Sancti
622 4332 766 4394 Victoris
791 4333 974 4395 Massilien.

182 4430 381 4494 auctoritate
393 4429 508 4490 nostra
522 4429 644 4502 fecisti,
659 4431 885 4506 percuntium
898 4447 978 4509 pro-

183 4529 294 4606 prium
305 4527 365 4588 sub
373 4529 431 4590 tuo
441 4527 553 4602 sigillo
567 4525 665 4587 nobis
675 4528 808 4588 miseris
817 4528 977 4590 interclu-

181 4641 266 4698 sam,
279 4625 392 4686 nullus
406 4624 552 4702 exparte
565 4623 707 4696 abbatis,
723 4625 777 4686 vel
794 4625 977 4688 conventus

184 4723 333 4801 ejusdem
345 4722 540 4786 monasterii
555 4737 668 4783 coram
680 4721 776 4784 nobis
791 4723 979 4799 comparuit

183 4824 390 4899 procurator.
416 4823 556 4910 Propter
584 4821 669 4898 quod
695 4820 729 4881 in
758 4819 977 4898 inquisitione

804 303 1035 366 EPISTOLAE.
1057 307 1136 368 LIB.
1159 307 1213 369 VI.

221 454 438 518 Decernirnus
452 460 544 533 ergo,
561 456 598 520 ut
611 457 695 518 nulli
710 459 847 524 omnino
868 459 978 522 horni-
999 453 1003 467 '

1766 317 1826 378 182

1030 461 1181 529 districte
1208 466 1396 546 precipias,
1423 472 1461 533 ut
1493 485 1599 552 usque
1627 469 1670 534 ad
1701 471 1822 538 fastum

1030 563 1138 624 sancti
1164 565 1262 626 Lucae
1295 565 1447 644 proximo
1479 572 1656 631 venturum
1683 587 1744 648 per
1773 589 1821 645 se,

1031 659 1086 721 vel
1102 663 1334 736 procuratores
1355 663 1558 727 sufficientes
1573 683 1632 743 pro
1643 670 1714 746 jam
1734 668 1821 730 dicto

1032 758 1177 833 negotio,
1200 759 1329 823 sublato
1353 762 1532 838 curjuslibet
1550 765 1746 835 occasionis,
1772 765 1826 827 di·

1032 854 1168 916 lationis
1182 857 1216 918 at
1230 856 1435 921 difficultatis
1455 859 1637 934 obstaculo,
1658 864 1771 925 nostro
1787 879 1824 928 se

1031 953 1223 1030 conspectui
1248 957 1499 1031 repraesentent,
1528 958 1695 1036 recepturi
1724 977 1824 1037 super

1032 1049 1215 1125 praemissis
1242 1051 1330 1127 quod
1358 1053 1439 1114 ordo
1465 1053 1642 1116 dictaverit
1667 1055 1823 1119 rationis.

1032 1145 1188 1222 Alioquin
1203 1162 1247 1209 ex
1260 1150 1340 1210 tunc
1354 1149 1389 1210 in
1415 1149 1488 1227 ipso
1503 1149 1648 1226 negotio,
1664 1151 1823 1229 quantum

1033 1257 1108 1302 cum
1131 1246 1199 1306 Deo
1225 1245 1419 1321 poterimus,
1445 1247 1673 1324 procedemus.
1704 1249 1824 1312 Datum

1031 1339 1150 1415 Alatri,
1165 1340 1318 1403 kalendis
1329 1343 1431 1420 junii,
1447 1359 1536 1406 anno
1550 1347 1655 1407 sexto.

1370 1635 1486 1724 CCVI

1032 1784 1085 1844 Ad
1098 1786 1371 1859 archiepiscopos
1386 1786 1420 1848 ct
1440 1790 1614 1863 episcopos
1626 1788 1664 1850 in
1676 1805 1825 1863 pomum

1072 1882 1271 1943 dioecesibus
1284 1883 1367 1943 sunt
1381 1885 1596 1946 morccsteric
1610 1888 1823 1949 monastario

1073 1979 1288 2038 Ctacntcccnst
1302 1981 1463 2050 subjecta.

1333 2108 1429 2181 liunii
1444 2111 1524 2168 1222.

1079 2231 1201 2295 [ngsst.,
1212 2231 1257 2282 lib.
1271 2232 1311 2291 Vl,
1324 2247 1364 2298 ep.
1373 2232 1428 2284 itt.
1437 2236 1495 2285 lisa.
1507 2235 1623 2287 LuPorte
1636 2237 1671 2287 du
1684 2238 1779 2304 Theti]

1031 2361 1147 2422 Mandat
1159 2372 1189 2422 ut
1199 2363 1363 2424 intrandam
1374 2368 1589 2442 privilegiorum
1598 2371 1826 2444 Apostolicorum

1265 2456 1422 2514 annuntias
1438 2471 1495 2515 non
1510 2457 1613 2516 lerant.

1070 2580 1249 2654 Honorius,
1280 2581 1356 2654 etc,
1389 2582 1638 2645 venerabilibus
1667 2584 1827 2648 fratribus

1030 2677 1293 2756 archiepiscopis
1307 2680 1341 2741 et
1354 2680 1519 2757 episcopis
1533 2682 1723 2758 inquorum
1740 2681 1826 2744 diu-

1031 2775 1163 2836 cesibus
1174 2777 1389 2850 monasteria,
1402 2778 1436 2838 et
1445 2777 1612 2854 prioratus
1631 2778 1823 2840 cluniacen.

1030 2871 1611 2949 monasteriosubjectaconsistunt.
1818 2887 1819 2890 ’

1072 2969 1200 3040 Quanto
1215 2969 1358 3046 amplius
1373 2985 1447 3032 esse
1471 2969 1597 3032 dehetis
1611 2971 1752 3048 institiae
1768 2987 1826 3033 ze-

999 3095 1000 3162 ]
1031 3065 1165 3139 latores,
1200 3066 1293 3128 tanto
1317 3066 1424 3144 magis
1458 3083 1518 3130 vos
1549 3067 1686 3132 dedecet
1711 3069 1824 3130 facere

999 3169 1000 3174 ’
1031 3161 1182 3225 fraudem
1203 3163 1281 3240 legi,
1311 3165 1344 3226 et
1365 3165 1549 3241 praesertim
1576 3164 1611 3226 ln
1626 3165 1825 3242 apostolicae

1032 3261 1128 3322 Sedis
1157 3261 1316 3338 injuriam
1341 3263 1375 3324 et
1400 3262 1633 3339 corumptum.
1660 3265 1747 3324 Sane
1773 3264 1827 3324 di-

1032 3359 1109 3420 lecti
1132 3357 1195 3419 filii
1219 3359 1334 3432 abbas,
1362 3361 1395 3422 et
1425 3361 1607 3422 conventus
1631 3359 1824 3422 Cluniacen.

1030 3471 1167 3534 marem
1207 3456 1304 3519 nobis
1343 3457 1586 3535 querimoniam
1621 3457 1823 3532 obtulerunt,

1030 3554 1115 3630 quod
1132 3554 1266 3631 quidam
1289 3556 1449 3627 vestrum,
1466 3555 1499 3616 et
1517 3569 1634 3617 sorum
1649 3555 1821 3629 officiales,

1031 3667 1132 3729 quum
1154 3651 1188 3712 in
1212 3667 1268 3714 eos
1287 3653 1320 3714 et
1345 3652 1397 3712 sui
1413 3652 1540 3713 ordinis
1564 3652 1825 3716 monachosnon

1031 3749 1160 3826 possint
1194 3749 1548 3811 excommunicationis
1586 3750 1620 3811 et
1655 3749 1825 3812 interdicti

1031 3845 1181 3922 proferre
1218 3845 1414 3919 sententias,
1456 3860 1496 3906 eo
1523 3845 1609 3923 quod
1636 3859 1737 3923 super
1762 3847 1826 3908 hoc

1030 3943 1228 4020 Apostolicae
1252 3943 1346 4004 Sedis
1373 3942 1559 4019 privilegiis
1586 3944 1664 4005 sunt
1692 3943 1824 4012 muniti,

1031 4041 1067 4101 in
1082 4055 1139 4101 eos
1164 4040 1220 4116 qui
1242 4039 1384 4102 moliunt
1406 4039 1443 4099 in
1463 4039 1664 4100 molendinis
1689 4039 1743 4102 vel
1768 4055 1827 4101 oo-

1032 4138 1137 4215 qunnt
1155 4137 1191 4198 in
1207 4136 1314 4198 turnis
1339 4151 1466 4210 eorum,
1494 4137 1616 4215 quique
1639 4137 1823 4210 vendendo,

1031 4233 1828 4307 seuemendo,autallaseiscommunicant,sen-

1030 4331 1152 4394 tentias
1167 4332 1342 4408 proferunt
1353 4333 1565 4406 memoratas,
1575 4333 1608 4394 et
1623 4333 1672 4394 sic
1684 4333 1827 4410 Aposto-

1031 4429 1171 4492 licorum
1186 4429 1438 4506 privilegiorum
1453 4445 1519 4491 non
1536 4431 1604 4492 vim
1627 4430 1660 4492 et
1678 4431 1825 4508 potesta-

1031 4527 1108 4598 tem,
1125 4525 1182 4587 sed
1195 4527 1267 4588 sola
1281 4526 1382 4588 verba
1397 4528 1582 4600 servantes,
1598 4527 1677 4589 dicti
1698 4528 1825 4590 ordinis

1031 4624 1212 4686 monachos
1242 4625 1383 4702 quodam
1411 4625 1508 4686 modo
1534 4625 1825 4688 excommunicant

1032 4721 1109 4784 dum
1129 4723 1178 4783 eis
1197 4721 1283 4783 alios
1297 4721 1544 4784 communicare
1564 4737 1630 4784 non
1646 4723 1769 4795 sinunt,
1783 4737 1827 4784 ax

1031 4835 1096 4898 quo
1109 4820 1191 4880 illud
1205 4820 1306 4882 etiam
1320 4821 1432 4882 evenit
1446 4819 1695 4892 inconveniens,
1710 4819 1746 4880 ut
1758 4819 1823 4896 ipsi

183 4915 975 4996 procederelinaliternonpotuimusmemorata.

182 5016 234 5076 Ne
248 5015 352 5092 igitur
363 5029 414 5087 ea,
431 5029 505 5092 quae
520 5013 555 5076 in
570 5014 658 5076 dicto
679 5015 883 5077 monasterio
895 5030 977 5076 con-

182 5113 333 5178 trabeati
346 5111 515 5174 Benedicti
528 5112 679 5188 regulam
689 5127 864 5189 perperam
875 5113 978 5174 atten-
1031 5112 1211 5190 praedictis,
1246 5115 1407 5190 majorem
1449 5111 1827 5174 excommunicationem

182 5212 308 5282 untur,
331 5226 390 5287 per
415 5211 558 5288 alicujus
586 5210 898 5286 tergiversationem
923 5210 976 5272 vel
1032 5211 1218 5282 incurrunt,
1258 5225 1357 5288 quam
1393 5209 1494 5270 etiam
1530 5211 1827 5273 excommunicatis

183 5309 348 5372 malitiam
369 5309 567 5370 remaneant
593 5307 791 5380 incorrecta,
814 5307 976 5370 fraterni·
1032 5309 1308 5370 communicando
1324 5306 1456 5368 luerunt
1472 5306 1651 5368 incursuri.
1668 5307 1827 5370 Nolentes

182 5407 244 5469 tati
272 5407 338 5470 tuae
368 5421 428 5482 per
451 5405 641 5482 Apostolica
675 5405 800 5483 scripta
838 5406 978 5468 firmiter
1031 5405 1135 5483 igitur
1151 5406 1224 5468 haec
1248 5405 1373 5468 crebris
1394 5405 1434 5466 ad
1455 5421 1515 5467 nos
1538 5405 1740 5467 clamoribus
1755 5409 1826 5482 jam

182 5503 408 5582 precipiendo
432 5503 639 5576 mandamus,
669 5505 835 5581 quatenus
864 5502 976 5565 abbati
1031 5505 1160 5582 perlata
1171 5503 1310 5565 ulterius
1321 5501 1382 5565 sub
1393 5501 1657 5566 dissimulatione
1666 5503 1823 5576 transire,

184 5602 218 5662 et
232 5599 411 5663 conventui
436 5601 629 5664 memoratis
641 5601 840 5666 auratoritate
861 5601 976 5664 nostra
1032 5601 1127 5665 vohis
1142 5601 1308 5664 universis
1332 5603 1366 5665 et
1392 5601 1545 5678 singulis,
1562 5617 1621 5680 per
1635 5599 1825 5679 Apostolica

1031 4917 1187 4979 monachi
1199 4918 1360 4994 qnantum
1384 4917 1425 4978 ad
1445 4917 1508 4979 hoc
1524 4915 1718 4994 judicentur
1728 4916 1824 4993 judi-

1032 5015 1083 5076 cio
1109 5015 1315 5088 Judoeorum,
1343 5016 1377 5077 et
1391 5015 1448 5092 qui
1469 5014 1518 5075 eis
1532 5012 1777 5076 communicant
1791 5014 1826 5076 in
