4226 6372
790 317 1019 382 EPISTOLAE.
1041 320 1121 382 LIB.
1143 322 1184 382 X.

518 484 607 572 LIV

181 637 233 698 Ad
246 637 439 698 Romanam
453 635 573 698 Sancti
587 639 707 713 Annali
724 641 944 711 cardinalem,

429 737 468 796 A.
484 737 519 797 S.
540 735 701 811 legatum.

418 874 603 980 'finovemb
619 873 698 932 late.

200 1007 339 1072 [bouquet
351 1007 410 1058 lice.
423 1007 466 1058 des
476 1007 551 1066 illst,
565 1007 711 1151 llllotg,]777;
726 1006 833 1072 Regest,
843 1003 930 1067 linx,

490 1085 563 1150 epist.
629 1121 635 1136 .

167 1197 284 1260 Menan
298 1201 451 1274 utlagatus
464 1200 641 1258 resarcienda
655 1215 717 1274 quse
727 1199 852 1259 ltmaldo
862 1203 960 1276 Agen-

203 1289 286 1346 nensi
305 1290 439 1362 episcopo
454 1285 631 1347 linimundus
653 1289 810 1371 dolosanus
837 1289 963 1346 intulerit

203 1378 307 1436 demna
323 1384 465 1450 procuret,
485 1379 509 1433 si
521 1377 672 1450 contingat
693 1378 766 1434 inter
780 1375 914 1435 comitem
932 1383 964 1434 et

203 1466 357 1524 eminatam
366 1463 516 1522 reiormmi
530 1479 641 1538 pacem.

208 1600 377 1662 Honorius
393 1599 619 1676 episcopus...,
637 1599 758 1662 dilecto
773 1597 842 1662 tilio
859 1599 912 1668 Β..
928 1602 960 1662 S.

167 1693 286 1770 Angeli
302 1695 442 1758 diacono
457 1695 633 1768 cardinali,
646 1698 684 1757 A.
714 1697 747 1758 S.
771 1693 892 1774 legato,
907 1711 964 1758 sa-

169 1792 283 1864 lutem,
300 1792 365 1853 etc.
633 1802 641 1814 ¹

208 1890 287 1948 Cum
301 1887 502 1950 venerabilis
518 1889 620 1952 frater
632 1889 962 1966 nosterAgenueusis

167 1985 342 2061 episcopus
366 1982 544 2064 [Arnaldus
560 1983 628 2067 IV],
651 1987 692 2048 ad
713 1987 962 2064 exstirpandam

167 2081 365 2158 pravitatem
401 2081 593 2144 haereticam
631 2100 704 2160 quae
743 2086 778 2145 in
815 2086 963 2161 partibus

168 2179 367 2250 Provinciae,
384 2182 588 2256 propagante
609 2180 752 2254 diabole,
774 2181 961 2258 pullulavit,

167 2275 255 2336 inter
270 2275 354 2336 alios
379 2275 527 2353 ejusdem
548 2277 722 2353 religionis
737 2280 904 2356 praelatae,
922 2279 963 2342 ad

168 2371 394 2434 defensionem
436 2375 514 2436 fidei
553 2375 760 2444 orthodoxae,
798 2375 962 2453 quondam

166 2465 369 2547 Risimuudo
381 2469 437 2551 VI]
456 2472 569 2534 comiti
584 2472 749 2533 Tolosano
764 2473 797 2534 et
816 2471 892 2534 aliis
908 2489 964 2532 sa-

167 2569 350 2628 crosanctae
364 2568 565 2629 universalis
586 2569 743 2630 Ecclesiae
759 2567 963 2630 adversariis

167 2661 325 2725 haeretica
341 2665 503 2740 pravitate
527 2663 691 2742 respersis
718 2666 910 2743 opposuerit
927 2681 963 2726 sa

165 2759 310 2821 viriliter
333 2761 367 2822 et
387 2762 579 2838 prudenter,
594 2761 698 2823 multa
714 2764 746 2824 et
761 2763 878 2838 gravia
893 2762 964 2824 dis-

166 2856 287 2930 pendia
302 2856 353 2918 est
375 2873 395 2918 a
419 2857 539 2918 comite
563 2857 701 2933 praefato
725 2872 916 2936 perpessus,
931 2857 965 2920 et

167 2959 278 3011 comes
292 2947 483 3032 Riaimund.
499 2950 571 3032 VII]
586 2951 674 3013 ftltus
684 2953 766 3030 ejus,
776 2953 812 3014 in
823 2953 963 3030 paterna

168 3061 308 3110 manens
323 3047 473 3126 pertidia,
490 3064 557 3111 non
576 3046 683 3112 solum
706 3051 815 3127 ipsum
831 3064 965 3129 posses-

171 3143 321 3207 sionibus
337 3147 369 3207 et
380 3144 476 3208 bonis
490 3145 643 3209 omnibus
658 3145 825 3224 spoliavit,
847 3163 964 3208 verum

169 3243 280 3318 etiam,
303 3242 562 3320 praesumptione
587 3240 780 3315 damnabili,
810 3241 963 3304 eumdem

169 3339 201 3400 et
215 3341 287 3416 ejus
300 3338 440 3401 clericos
458 3339 601 3416 turpiter
617 3339 813 3418 captivavit3
839 3341 873 3402 et
885 3339 965 3402 lieet

168 3436 387 3513 postmodum,
416 3437 451 3498 in
481 3435 684 3499 venerabilis
719 3435 834 3499 fratris
858 3437 964 3499 nostri

168 3529 396 3594 Narbonensis
421 3531 665 3611 archiepiscopi
687 3531 720 3595 et
746 3533 963 3612 quorumdam

169 3630 312 3692 aliorum
327 3631 505 3707 praesentia
529 3629 709 3708 provinciae
736 3631 961 3709 praelatorum,

168 3743 204 3788 se
229 3727 461 3790 restituturum
490 3727 599 3806 ipsum
628 3729 662 3789 et
685 3731 757 3805 eius
787 3727 963 3790 ecclesiam

169 3829 359 3904 promiserit
381 3829 414 3892 et
436 3829 626 3908 jnramento
651 3829 803 3903 firmarit,
821 3829 963 3907 quibus·

169 3925 245 3984 dam
259 3928 370 3987 tamen
386 3927 489 3988 exeis
504 3927 665 3988 restitutis
673 3928 707 3988 in
721 3930 826 4004 parte,
842 3927 962 4005 ipsum,

165 4023 347 4098 juramenti
371 4023 535 4098 religione
558 4023 763 4100 contempta,
788 4023 964 4086 restituere

170 4135 236 4179 uon
252 4119 397 4196 curavit3
429 4119 508 4198 quin
532 4121 643 4192 immo,
661 4121 770 4182 adhuc
792 4137 866 4183 enm
889 4122 964 4184 odio

169 4232 371 4295 persequens
414 4214 562 4296 speciali,
605 4219 795 4280 convocatis
835 4219 963 4280 civibus

169 4315 433 4390 agennensibus,
450 4317 484 4376 et
498 4314 693 4392 quibusdam
709 4314 786 4376 aliis
799 4332 868 4378 snae
880 4315 965 4378 dioe-

170 4411 256 4472 cesis
281 4413 337 4490 qui
371 4414 447 4475 sunt
474 4413 817 4476 excommunicatione
845 4413 962 4486 notati,

170 4509 329 4570 adversus
340 4526 414 4570 eum
426 4509 674 4588 conjurationes
690 4511 831 4588 paravit,
855 4511 898 4583 et,
924 4527 964 4573 eo

169 4609 343 4682 prasente,
360 4607 423 4684 ipsi
438 4605 718 4684 cumquibusdam
732 4607 964 4670 baereticorum

170 4705 354 4768 fautoribus
376 4704 411 4764 in
435 4721 549 4765 necem
575 4707 648 4782 eJ'us
670 4705 802 4769 noviter
826 4705 963 4784 conspi-

170 4805 288 4864 rarunt
301 4801 361 4880 (1).

209 4902 289 4960 Cum
313 4897 415 4975 igitur
429 4899 459 4961 ei
487 4896 543 4976 qui
559 4915 619 4979 pro
634 4900 785 4962 ecclesiae
811 4899 964 4964 libertate

168 4997 413 5061 acdefensione
430 4993 506 5058 fldei
533 4997 725 5060 christianae
749 4998 842 5060 tauta
862 4997 966 5062 susti-

170 5098 242 5158 nuit
261 5093 439 5172 opprobria
468 5095 501 5158 et
521 5097 682 5170 jacturas,
707 5095 802 5158 favor
815 5097 963 5173 Aposto-

169 5193 253 5254 licus
275 5191 393 5254 merito
415 5190 585 5264 debeatur,
617 5193 851 5254 discretionem
872 5204 964 5256 tuam

170 5288 351 5364 rogandam
361 5288 516 5350 duximus
532 5290 565 5350 et
576 5287 786 5362 monendam,
798 5293 965 5366 perf-pos·

170 5387 270 5447 tolica
297 5381 357 5446 tibi
392 5385 516 5462 scripta
553 5383 760 5458 mandantes,
788 5387 962 5464 quatenns

207 5559 247 5633 (l)
271 5561 370 5618 Denuo
395 5560 541 5619 conversis
573 5561 609 5618 ud
628 5557 780 5619 Raimundi
806 5559 963 5620 dominium

172 5631 393 5704 agennensibus
409 5632 529 5701 civibus,
543 5639 624 5705 pacta
640 5633 714 5690 inter
737 5645 787 5690 eos
811 5639 963 5701 movente,

1747 322 1807 386 950

1014 479 1173 562 Ecclesiae
1184 481 1341 542 Romanae
1356 491 1449 542 more
1475 477 1573 543 solito
1596 478 1722 542 aelatus
1745 477 1810 542 bo·

1015 587 1293 649 teramnensem
1317 577 1466 656 ejusdem
1492 577 1639 656 episcopi
1654 577 1810 654 prosequi

1015 675 1148 735 studeas
1172 675 1316 750 benigno
1345 675 1470 739 favore.
1496 678 1528 736 et
1554 675 1630 746 sibi,
1655 673 1808 736 *ecclesiae

1015 770 1263 848 coadjutoribus
1287 774 1371 849 ejus,
1399 787 1501 848 super
1528 770 1807 848 possessionibus

1015 867 1146 930 damnis
1166 871 1199 930 et
1222 869 1355 946 injuriis
1377 869 1491 941 illatis,
1515 869 1638 929 eisdem
1659 869 1808 944 plenarie

1016 965 1172 1026 satisfieri
1185 967 1295 1028 studio
1304 967 1456 1042 vigilanti
1469 978 1639 1044 procures,
1649 966 1678 1025 si
1693 979 1808 1041 pacem

1016 1062 1188 1138 contingat
1200 1063 1288 1125 inter
1306 1064 1430 1124 dictum
1451 1063 1606 1126 ¹comitem
1634 1063 1667 1123 et
1688 1051 1819 1124 Eccle·'

1016 1161 1100 1221 siam
1124 1159 1313 1222 reformari.
1329 1161 1448 1222 Datum
1473 1161 1587 1232 Reate,
1614 1158 1724 1222 idibus
1748 1173 1811 1220 no-

1018 1257 1172 1330 vembris,
1185 1273 1272 1322 anno
1288 1258 1427 1320 decimo.

1380 1525 1448 1611 LV

1097 1687 1149 1746 Ad
1171 1688 1354 1747 universos
1377 1683 1569 1760 presentes
1594 1683 1732 1746 litteras

1299 1781 1524 1856 inspecturos·

1273 1921 1309 1980 20
1322 1921 1455 1980 novemb.
1473 1921 1554 1980 2225.

1111 2044 1248 2108 fflnynald,
1263 2042 1356 2095 Annei.
1374 2045 1406 2094 ad
1422 2055 1482 2094 ann.
1501 2043 1571 2103 lato,
1585 2041 1718 2108 geom]

1017 2169 1184 2229 constitutio
1203 2167 1322 2225 Honori!
1343 2169 1372 2223 in
1391 2181 1442 2224 eos
1461 2168 1508 2240 qui
1528 2167 1639 2240 injmiis
1653 2165 1813 2226 cardinales

1346 2255 1483 2314 afficiunt.

1057 2369 1811 2451 «Universispraesenteslitterasinspecturis.

1057 2471 1215 2532 «Summi
1239 2469 1448 2548 providentia
1470 2469 1632 2548 principis
1658 2467 1812 2547 peculia-

1017 2584 1087 2631 rem
1102 2569 1270 2646 populum,
1281 2584 1377 2644 quem
1392 2567 1585 2644 praetulerat
1595 2566 1683 2640 aliis,
1696 2564 1813 2644 gratiae

1017 2663 1193 2742 privilegio
1211 2663 1366 2742 specialis
1389 2663 1521 2725 fovebat
1541 2679 1664 2724 manna
1678 2663 1815 2722 miseri·

1018 2761 1151 2830 cordiae,
1168 2776 1208 2822 ac
1222 2759 1344 2836 rigoris
1362 2759 1458 2835 virga
1476 2759 1624 2836 regebat,
1639 2757 1813 2820 beneficiis

1018 2857 1171 2929 affluens,
1189 2855 1370 2920 ultionibus
1394 2872 1461 2916 non
1481 2853 1652 2916 remissus.
1678 2855 1813 2916 Amicus

1018 2953 1118 3018 etiam
1142 2954 1274 3016 Domini
1300 2955 1431 3032 Moyses
1460 2969 1520 3030 pro
1549 2953 1664 3014 eodem
1690 2950 1813 3030 populo

1018 3051 1158 3114 vitulum
1173 3050 1291 3112 obtulit
1303 3049 1480 3122 labiorum,
1493 3051 1526 3111 et
1538 3065 1695 3111 manuum
1706 3047 1814 3110 sacri-

1018 3147 1130 3210 ficium
1145 3163 1212 3210 non
1230 3145 1351 3220 omisit,
1369 3146 1443 3225 post
1462 3145 1718 3224 supplicationis
1733 3144 1815 3206 bos-
1916 3163 1919 3168 ·

1017 3245 1098 3308 tiam
1118 3241 1313 3307 holocausto
1331 3243 1570 3307 satisfactionis
1588 3242 1710 3316 oblato,
1727 3258 1812 3303 eau-

1018 3359 1089 3404 sam
1104 3341 1218 3422 populi
1239 3357 1351 3404 eoram
1367 3341 1506 3403 Domino
1522 3339 1687 3418 precibus,
1704 3339 1737 3400 et
1751 3338 1813 3400 Dei

1018 3455 1154 3502 causam
1168 3439 1204 3500 in
1222 3439 1343 3518 populo
1366 3437 1487 3515 gladiis
1503 3439 1707 3516 prosecutus.
1726 3439 1813 3498 Sane

1019 3537 1053 3598 in
1066 3537 1211 3614 maligno
1224 3535 1325 3614 positi
1335 3535 1449 3598 mundi
1464 3535 1603 3606 malitia,
1619 3533 1695 3596 dum
1707 3533 1813 3610 impu·

1019 3635 1097 3697 nitis
1112 3632 1316 3706 excessibus,
1338 3648 1398 3712 per
1418 3649 1570 3710 campum
1585 3633 1728 3693 licentiae
1744 3631 1815 3692 dis·

1019 3731 1124 3796 currit
1135 3729 1292 3804 effraenis,
1303 3729 1543 3807 claustrajuris
1558 3727 1721 3804 infringit,
1739 3727 1814 3788 adi·

1018 3832 1088 3892 tum
1102 3828 1216 3906 pandit
1232 3826 1378 3914 injuriis,
1395 3827 1501 3902 legem
1518 3825 1653 3887 damnat
1667 3824 1810 3896 honesti,

1019 3925 1230 4004 privilegium
1255 3923 1417 4001 promittit
1434 3923 1552 3995 errori,
1569 3923 1602 3984 et
1622 3923 1698 3982 dum
1721 3937 1812 3998 spem
1924 3915 1931 3922 ’

1019 4023 1226 4100 impunitatis
1252 4019 1293 4094 ad
1317 4021 1402 4083 alios
1427 4021 1593 4098 prorogat,
1616 4018 1657 4080 ad
1680 4018 1811 4095 culpam

1020 4119 1198 4183 nonnullos
1218 4118 1347 4188 invitat,
1367 4118 1481 4195 sicque
1496 4116 1533 4179 nt
1546 4115 1687 4195 poenalis
1703 4113 1813 4192 impu-

1020 4220 1107 4282 nitas
1132 4235 1206 4280 eum
1234 4216 1340 4294 poenis
1367 4217 1514 4277 reservet
1543 4214 1725 4292 madoribus
1749 4229 1814 4290 pu-

1018 4315 1170 4389 niendos,
1192 4319 1226 4376 et
1249 4329 1308 4392 per
1335 4311 1507 4390 impunitae
1535 4310 1812 4388 transgressionis

1019 4411 1189 4490 exemplar
1197 4409 1389 4472 blandiatur
1399 4409 1475 4472 aliis
1484 4409 1524 4472 ad
1537 4406 1709 4471 offensam.
1719 4407 1813 4470 Unde

1020 4510 1184 4572 interdurn
1209 4511 1386 4584 utcumque
1411 4507 1586 4584 tyrannice
1603 4503 1763 4582 parcitur,
1780 4504 1814 4565 et

1019 4606 1278 4668 misericorditer
1291 4605 1479 4676 desaevitur,
1497 4619 1572 4664 cum
1585 4602 1726 4678 publicae
1742 4600 1812 4660 uti-

1018 4703 1123 4766 litatis
1141 4701 1284 4774 intersit,
1302 4703 1337 4764 ut
1355 4717 1530 4764 excessum
1550 4698 1696 4760 vindicta
1718 4712 1814 4758 coer-

1019 4805 1103 4872 ceat,
1119 4801 1151 4863 et
1164 4815 1261 4877 poena
1278 4799 1321 4860 sit
1333 4796 1427 4858 limes
1442 4797 1590 4858 offensae.

1059 4897 1178 4960 «Hinc
1193 4895 1253 4968 est,
1271 4893 1356 4974 quod
1374 4894 1509 4972 propter
1524 4891 1758 4970 praesumptam
1778 4889 1812 4951 in

1020 4996 1178 5074 quosdam
1205 4995 1246 5057 de
1273 4991 1431 5054 fratribus
1462 4991 1586 5052 nostris
1614 4987 1812 5050 temeritatis

1019 5093 1192 5156 audaciam
1215 5108 1285 5162 noa,
1303 5107 1345 5152 ne
1365 5086 1509 5150 coelestis
1531 5087 1621 5164 regis
1637 5088 1813 5148 contume-

1019 5191 1110 5258 liam,
1127 5190 1184 5268 qui
1198 5187 1382 5250 bonoratur
1402 5188 1436 5248 et
1454 5185 1622 5263 spernitur
1638 5185 1673 5245 in
1690 5183 1812 5244 minis-

1018 5289 1092 5356 tris,
1120 5285 1379 5348 dissimulationi
1408 5285 1609 5362 relinquere,
1636 5299 1674 5343 ac
1699 5280 1815 5342 Chris-

1019 5385 1119 5448 tianae
1141 5382 1315 5459 religionis
1344 5381 1558 5460 opprobrium
1587 5381 1664 5440 dum
1691 5377 1813 5439 Christi

1019 5574 1118 5618 mense
1132 5559 1209 5617 maio
1219 5559 1297 5627 2226,
1312 5559 1410 5617 recitat
1421 5561 1455 5617 D.
1468 5557 1600 5625 Veiente,
1616 5562 1637 5613 t.
1652 5555 1692 5613 ill
1702 5549 1811 5626 probm.

1020 5647 1088 5705 pag,
1102 5631 1163 5690 307.
1173 5630 1335 5706 (Bennett
