4262 6382
800 303 1028 376 EPISTOLAE.
1051 313 1129 374 ma.
1153 311 1208 371 IX.

501 487 662 574 XXXIV

181 645 232 702 Ad
257 641 538 714 archiepiscopos,
569 639 754 712 episcopos,
783 635 919 696 abbates
943 633 977 694 et

221 741 402 798 attinersos
434 740 469 798 to
495 737 641 808 trrtpcrto
673 734 863 801 Romania,
885 731 976 790 citro

220 838 378 896 Moeram
391 833 603 896 constitutos.

442 973 478 1030 28
490 970 623 1028 novemb.
639 970 717 1027 iiii.

231 1098 353 1162 [Regest.,
364 1095 409 1146 lib.
424 1095 467 1154 IX,
485 1109 524 1159 ep.
537 1094 575 1143 83.
590 1094 646 1143 llss.
661 1091 826 1143 LaPortedu
837 1089 929 1154 Theti]

245 1221 359 1280 Mandat
374 1223 416 1278 eis
428 1228 458 1278 ut
468 1219 503 1276 de
517 1220 600 1278 bonis
614 1220 741 1292 ipsorum
757 1215 915 1274 marchioni

306 1308 506 1368 montisserrati
520 1307 677 1366 subsidium
693 1304 850 1363 conterant.

220 1445 398 1518 Honorius,
424 1446 499 1515 etc,
534 1441 781 1505 venerabilibus
817 1439 975 1502 tratribus

181 1543 441 1620 archiepiscopis
469 1543 502 1602 et
528 1539 704 1617 episcopis,
733 1537 918 1610 abbatibus,
944 1537 977 1597 et

181 1641 360 1718 prioribus,
387 1655 426 1700 ac
450 1637 582 1700 clericis
597 1635 774 1708 universis
790 1637 858 1696 tam
879 1638 974 1696 Grae-

182 1739 230 1800 ois
243 1753 342 1814 quam
366 1736 505 1807 Latinis
523 1738 589 1796 tam
607 1733 754 1811 praelatis
774 1747 871 1809 quam
895 1731 976 1792 sub-

182 1834 270 1906 ditis,
281 1836 348 1897 tam
359 1832 526 1908 religiosis
538 1848 636 1908 quam
648 1830 874 1900 saecularibus,
885 1831 977 1889 Tem·

181 1932 297 2010 plariis
313 1946 453 2009 quoque,
477 1931 510 1992 et
530 1928 765 2004 Hospitalariis
785 1927 820 1987 in
835 1927 975 2003 imperio

181 2028 352 2091 Romaniae
368 2028 450 2088 citra
461 2028 608 2086 Macram
621 2023 820 2094 constitutis,
835 2022 975 2083 salutem

168 2123 214 2187 'et
227 2125 449 2202 Apostolicam
460 2122 734 2184 benedictionem.
913 2179 916 2184 ,

219 2223 320 2284 Juxta
344 2222 482 2302 vulgare
513 2218 723 2297 proverbium
745 2234 810 2279 non
838 2219 888 2278 est
909 2215 976 2292 legi

181 2314 330 2395 subjecta
344 2318 538 2389 necessitas,
555 2316 588 2378 et
602 2314 829 2378 acerbioribus
852 2313 975 2375 morbis

181 2431 319 2476 necesse
334 2417 384 2477 est
398 2414 587 2476 acerbiores
603 2428 768 2490 opponere
778 2411 973 2473 medicinas.

182 2515 270 2575 Sane
284 2513 319 2573 in
330 2513 453 2589 quanto
465 2511 657 2573 discrimine
672 2511 739 2572 siut
753 2509 901 2571 universi
916 2511 975 2568 La-

181 2609 244 2672 tini
258 2609 475 2671 consistentes
494 2609 530 2669 in
551 2608 692 2685 imperio
708 2606 891 2678 Romaniae,
907 2621 974 2667 nou

180 2708 309 2784 oportet
328 2723 388 2769 nos
403 2706 496 2769 vobis
516 2721 682 2782 exponere
706 2705 828 2777 verbis,
851 2719 925 2766 cum
941 2703 974 2764 id

176 2805 305 2881 jugiter
318 2803 536 2881 experiamini
550 2803 656 2865 factis.
672 2804 740 2863 Nos
751 2802 853 2878 igitur
866 2800 907 2862 de
920 2815 976 2861 vo·

180 2900 243 2973 bis,
260 2903 293 2962 et
307 2917 366 2977 pro
380 2901 475 2963 vobis
493 2903 631 2977 paterno
647 2899 823 2960 anxiantes
838 2897 971 2968 affectu,

180 2997 214 3060 at
237 2998 334 3058 simul
359 2997 536 3073 pensantes
561 3011 658 3073 quam
685 2996 911 3056 necessarium
932 2994 976 3055 sit

168 3094 313 3170 ‘negotio
327 3095 438 3154 Terrae
451 3093 592 3164 Sanctae,
609 3093 645 3154 ut
657 3093 761 3153 status
781 3092 974 3152 Latinorum

179 3191 314 3268 inipso
342 3191 482 3266 imperio
504 3189 756 3251 consistentium
787 3187 971 3260 roboretur,

166 3289 335 3351 dilectum
351 3287 455 3347 tilium
471 3286 615 3348 nobilem
630 3287 738 3348 virum
756 3284 972 3358 Willelmum,

179 3386 404 3446 marchionem
427 3381 677 3456 Montislerrati,
708 3383 749 3443 ad
781 3397 973 3444 succursum

180 3483 285 3560 ipsius
312 3481 443 3564 imperii
458 3483 527 3542 tum
548 3479 770 3556 generositate
798 3480 975 3556 magnani-

179 3579 304 3640 mitatis
326 3579 460 3651 innatae,
476 3581 545 3640 tum
567 3577 732 3640 desiderio
751 3578 974 3655 prosequendi

163 3691 273 3737 ¹suam
300 3677 333 3738 et
357 3676 522 3738 carissimi
556 3676 590 3736 in
619 3675 750 3738 Christo
779 3676 840 3736 tilii
868 3675 973 3737 nostri

179 3773 336 3834 Demetrii
378 3773 518 3835 illustris
549 3773 639 3848 regis
666 3772 972 3833 Thessalonicensis

178 3870 291 3932 fratris
306 3870 359 3930 sui
369 3870 546 3946 justitiam,
560 3869 804 3932 ferventissime
816 3870 973 3945 aspiran-

178 3970 257 4038 tem,
269 3967 304 4026 in
315 3966 504 4043 hujusmodi
515 3966 974 4043 propositoetdesideriostu·

179 4063 368 4124 diosissime
383 4062 600 4125 corroborare
615 4064 816 4136 curavimus,
832 4079 899 4126 non
912 4080 970 4125 so-

178 4159 247 4221 lum
276 4160 340 4220 sibi
367 4159 587 4221 ministrando
601 4159 637 4220 iu
665 4161 768 4222 multa
790 4163 972 4237 qiuantitate

177 4259 365 4334 pecuniam,
380 4257 436 4318 sed
453 4258 485 4319 et
499 4257 589 4317 viros
604 4259 757 4319 strenuos
777 4257 817 4319 de
832 4259 971 4335 provin-

178 4355 240 4416 ciis
253 4353 543 4416 circumstantibus
563 4353 604 4415 ad
625 4355 776 4416 eumdem
800 4370 874 4415 cum
898 4355 971 4433 ipso

176 4451 373 4528 Apostolicis
386 4451 602 4526 indulgentiis
615 4451 802 4513 excitando·
816 4452 971 4530 Idemque

175 4549 325 4610 marchio
338 4552 407 4611 tum
423 4564 484 4626 per
501 4565 595 4610 suam
615 4549 884 4622 sollicitudinem,
900 4552 970 4612 tum

1769 307 1830 366 722

1032 473 1120 534 sicut
1132 469 1397 548 magnanimiter,
1417 467 1464 530 ita
1483 463 1659 544 magnilica
1674 465 1829 544 proposi·
1907 523 1913 544 ,

1032 571 1102 631 tum
1117 569 1182 630 iter
1199 567 1377 644 arripiens,
1398 581 1525 626 moram
1540 580 1638 642 quam
1663 561 1828 626 acerbitas

1031 666 1236 728 infirmitatis
1253 664 1448 742 ingesserat,
1474 663 1638 723 redimere
1656 661 1828 723 celeritate

1033 765 1179 839 satagit:
1197 763 1282 840 quod
1296 762 1374 838 quia
1389 777 1456 822 non
1478 760 1584 835 potuit
1603 761 1671 821 tum
1694 757 1828 835 propter

1031 861 1209 931 instantem
1219 859 1361 920 hiemem
1370 859 1539 934 ettempus
1543 858 1614 932 jam
1623 855 1827 916 contrarium

1032 957 1250 1032 navigationi,
1268 956 1400 1032 quando
1423 953 1574 1032 pervenit
1590 952 1825 1026 Brundusium,

1031 1056 1099 1115 tum
1113 1053 1247 1131 propter
1262 1053 1425 1114 deiectum
1451 1050 1641 1127 sumptuum
1666 1038 1826 1113 necessa-

1031 1151 1157 1212 riorum
1177 1151 1268 1212 tanto
1289 1151 1435 1225 negotio,
1460 1149 1621 1210 delectam
1637 1146 1827 1209 multitudi-

1031 1263 1107 1309 nem
1119 1248 1165 1308 ibi
1176 1247 1315 1309 retinuit
1330 1262 1458 1308 cumea
1479 1246 1619 1307 instanti
1643 1245 1762 1307 martio
1777 1243 1829 1304 ie-

1031 1345 1151 1417 liciter,
1176 1345 1289 1406 divina
1312 1343 1445 1406 favente
1469 1343 1589 1419 gratia,
1612 1343 1825 1413 transiturus,

1031 1443 1130 1518 atque
1146 1441 1186 1502 ad
1212 1442 1246 1502 id
1270 1441 1333 1502 sibi
1358 1442 1553 1511 exercitum,
1571 1442 1604 1501 et
1628 1439 1827 1501 seinvicem

1031 1540 1195 1600 exercitui
1204 1540 1395 1616 iuramento
1409 1538 1620 1600 constrinxit.

1075 1638 1237 1698 Caeterum
1258 1637 1335 1714 quia
1351 1651 1435 1697 onus
1456 1635 1589 1697 interim
1613 1632 1826 1695 ministrandi

1031 1735 1132 1796 tantae
1174 1733 1380 1794 multitudini
1419 1732 1621 1803 necessaria,
1650 1733 1682 1793 et
1707 1730 1827 1791 deinde

1030 1830 1195 1893 tractandi
1211 1831 1359 1892 eamdem
1375 1846 1449 1891 cum
1465 1829 1650 1904 stipendiis,
1666 1829 1700 1891 et
1717 1843 1825 1904 appa-

1030 1927 1158 1989 ratibus
1174 1927 1368 2004 opportunis
1377 1928 1473 2003 quasi
1488 1927 1663 2003 quamdam
1682 1925 1828 1986 intinita-

1030 2025 1096 2086 tem
1121 2025 1345 2101 impensarum
1372 2023 1533 2101 exposcit,
1558 2024 1670 2085 missis
1698 2023 1739 2084 ad
1765 2037 1827 2086 nos
1934 2069 1939 2082 ,

1031 2121 1156 2182 nuntiis
1178 2121 1247 2182 suis
1265 2121 1444 2198 postulavit
1465 2121 1638 2192 instanter,
1665 2122 1703 2181 ut
1725 2135 1826 2196 super

1030 2219 1093 2281 hoc
1117 2219 1250 2295 aperire
1272 2218 1471 2294 apostolicas
1488 2217 1688 2295 provisionis
1712 2215 1827 2277 oculos

1031 2315 1257 2392 dignaremur.
1274 2317 1431 2377 Tractatu
1444 2331 1522 2391 ergo
1533 2331 1633 2392 super
1647 2314 1699 2374 his
1714 2311 1827 2376 habitu

1030 2413 1192 2489 diligenti,
1215 2414 1393 2489 pensantes
1419 2415 1579 2488 quantum
1603 2410 1827 2490 dejicerentur

1030 2511 1132 2571 animi
1156 2509 1361 2583 Latinorum,
1389 2511 1423 2572 et
1450 2511 1609 2588 quantum
1635 2509 1825 2571 elevaretur

1029 2609 1298 2670 adversariorum
1311 2608 1463 2679 audacia,
1478 2609 1507 2668 si
1519 2607 1631 2669 tantus
1643 2606 1722 2668 dicti
1736 2621 1827 2666 mar-

1029 2706 1160 2768 chionis
1176 2707 1314 2766 conatus
1330 2704 1464 2781 propter
1478 2719 1700 2780 expensarum
1714 2703 1827 2764 deico-

1029 2804 1109 2874 tum,
1141 2801 1227 2878 quod
1261 2801 1358 2873 absit,
1395 2801 1524 2862 inutilis
1555 2801 1761 2870 redderetur,
1794 2800 1827 2862 et

1030 2899 1189 2976 quantum
1202 2914 1261 2975 per
1279 2911 1485 2973 consequens
1506 2897 1589 2974 ipsis
1614 2899 1742 2959 Latinis
1756 2897 1825 2959 im-

1030 2996 1171 3058 mineret
1194 3011 1306 3058 rerum
1329 3011 1613 3072 personarumque
1631 2995 1822 3068 discrimen,

1029 3109 1069 3155 ac
1083 3093 1289 3155 attendentes
1302 3093 1407 3153 satius
1422 3107 1495 3153 esse
1505 3092 1637 3154 utbona
1648 3095 1770 3166 uestra,
1788 3093 1822 3153 et

1029 3191 1247 3253 ecclesiarum
1274 3190 1462 3251 vestrarum
1488 3205 1548 3267 pro
1579 3189 1824 3252 manutenendo

1029 3288 1162 3365 imperii
1202 3289 1290 3349 statu
1325 3287 1576 3349 communicetis
1608 3288 1649 3348 ad
1682 3289 1836 3364 tempus,¹

1029 3401 1126 3464 quam
1142 3401 1181 3446 ea
1197 3385 1309 3447 omnia
1324 3387 1482 3462 perpetuo
1498 3384 1669 3457 amittatis,
1691 3385 1731 3445 de
1755 3385 1826 3446 ha-

1028 3485 1115 3546 trum
1131 3484 1320 3546 nostrorum
1335 3482 1475 3544 consilio
1496 3482 1630 3559 propter
1653 3483 1825 3558 urgentem

1028 3581 1260 3642 necessitatem
1272 3580 1427 3641 duximus
1449 3580 1670 3652 statuendum,
1692 3581 1729 3641 ut
1748 3595 1823 3642 om·

1029 3679 1121 3739 nium
1148 3677 1335 3740 vestrorum
1353 3680 1574 3754 proventuum
1599 3677 1699 3755 hujus
1728 3677 1820 3746 anni,

1028 3775 1240 3851 omniumque
1267 3775 1409 3835 aliorum
1434 3773 1617 3846 mobilium,
1643 3789 1717 3851 quae
1733 3789 1821 3834 nuno

1027 3871 1156 3933 habetis
1172 3873 1294 3948 inipso
1317 3871 1470 3947 imperio,
1495 3870 1643 3946 exceptis
1662 3870 1824 3934 duntaxat

1027 3970 1244 4031 ecclesiarum
1259 3968 1428 4030 thesauris
1441 3967 1555 4028 divino
1570 3967 1673 4029 cultui
1688 3968 1824 4030 dedica-

1025 4065 1821 4142 tis,dequibusaliterprocuravimusprovidere,

1026 4180 1066 4225 ao
1094 4163 1242 4240 exceptis
1267 4161 1415 4224 vestibus
1449 4163 1481 4224 et
1509 4164 1602 4239 equis
1629 4163 1822 4241 quotidiano

1027 4259 1102 4320 usui
1117 4258 1330 4330 necessariis,
1347 4273 1386 4319 ao
1401 4258 1629 4331 ustensilibus,
1646 4259 1681 4319 in
1703 4257 1822 4337 quibus

1026 4357 1157 4418 nonest
1174 4371 1304 4427 aurum,
1331 4355 1385 4417 vel
1407 4357 1591 4434 argentum,
1612 4357 1671 4418 aut
1694 4357 1822 4434 lapides

1026 4455 1173 4532 pretiosi,
1202 4454 1410 4516 medietatem
1439 4455 1626 4516 marchioni
1662 4455 1820 4532 praedicto

1025 4552 1087 4614 sub
1098 4551 1320 4628 jurisjurandi
1343 4551 1507 4627 religione
1520 4552 1650 4627 integre
1665 4552 1820 4614 consera-

175 4663 234 4724 per
246 4649 394 4708 nostram
406 4646 533 4708 tantum
542 4663 581 4708 ao
593 4647 693 4708 talem
706 4645 747 4706 ab
760 4647 874 4708 aestate
889 4663 971 4724 prae·
1024 4649 1077 4710 tis.
1096 4649 1145 4710 Ita
1161 4647 1246 4724 quod
1272 4663 1334 4709 neo
1360 4647 1550 4724 'templarii
1579 4663 1640 4708 nec
1664 4649 1822 4725 Hospita·

173 4745 271 4806 terita
285 4744 703 4820 congregavitexercitum,
716 4743 803 4820 quod
818 4743 882 4803 nisi
894 4759 969 4804 eum
1024 4745 1113 4818 larii,
1130 4759 1191 4805 neo
1216 4743 1455 4806 cistercienses
1475 4759 1536 4804 neo
1551 4744 1654 4820 aliqui
1676 4744 1737 4804 alii
1757 4759 1821 4806 ou-

173 4841 349 4918 repentiua
364 4840 540 4902 infirmitas
562 4843 721 4918 tempore,
751 4857 817 4918 quo
831 4840 971 4903 debebat
1019 4846 1218 4920 jussumque
1234 4841 1373 4913 ordiale,
1388 4841 1446 4902 aut
1464 4840 1640 4916 religionis
1661 4842 1817 4910 existant,

173 4938 237 5000 iter
252 4939 412 5014 arripere,
428 4937 618 5009 invasisset,
633 4954 721 4999 nuno
743 4938 830 5000 siout
847 4939 969 5000 verisi-
1023 4940 1056 5002 et
1068 4938 1329 5016 quibuscumque
1345 4937 1463 4999 muniti
1473 4937 1541 4998 sint
1556 4937 1751 5014 privilegiis,
1765 4939 1821 5002 in-

172 5036 251 5097 mile
265 5035 316 5096 esi
339 5036 371 5096 et
392 5034 532 5095 tirmiter
549 5035 706 5107 creditur,
730 5036 819 5097 esset
843 5035 878 5096 in
900 5038 968 5097 Ro-
1022 5037 1201 5112 dulgentiis
1221 5035 1273 5096 vel
1295 5035 1501 5111 rescriptisa
1525 5036 1740 5110 praestatione
1754 5037 1820 5098 hu·

150 5133 284 5193 mania
307 5148 382 5193 cum
405 5131 498 5192 tanto
524 5131 678 5203 exfortio,
702 5131 788 5208 quod
816 5147 867 5204 ea,
893 5147 966 5208 quae
1018 5133 1163 5211 jusmodi
1177 5134 1388 5203 excusentur,
1405 5132 1462 5192 sed
1487 5147 1602 5192 omues
1624 5133 1697 5194 siue
1717 5135 1817 5197 diffe-
1902 5190 1907 5200 ,

172 5245 260 5290 nuno
276 5229 424 5289 diflicilia
437 5228 593 5290 videntur
616 5230 649 5290 et
672 5243 802 5304 aspera,
822 5229 921 5305 plana
934 5229 968 5290 et
1020 5227 1820 5310 remia,etdelectuconierant,medietatemprae·

172 5325 284 5386 facilia
298 5325 500 5387 viderentur.
518 5325 653 5387 Distulit
667 5327 777 5386 autem
793 5325 855 5387 hoc
870 5325 967 5392 inflr-
1021 5327 1182 5389 dictorum
1198 5326 1370 5386 mobilium
1382 5327 1540 5399 omnium,
1554 5327 1612 5390 aut
1623 5327 1815 5402 ualentiam,
1902 5395 1908 5404 ,

172 5423 270 5483 mitas
282 5422 366 5498 ipsa,
382 5437 448 5482 non
462 5421 606 5494 abstulit,
623 5423 701 5499 quia
714 5423 801 5486 idem
817 5423 965 5484 marchio
1020 5423 1334 5495 absentiaillorum,
1352 5423 1409 5500 qui
1430 5424 1818 5488 habentesbenedciain
1886 5429 1889 5436 '

174 5516 315 5578 sanitate
327 5518 471 5596 recepta,
498 5516 633 5593 collegit
648 5517 791 5583 militum
806 5519 840 5580 et
867 5519 964 5595 pedi·
1019 5520 1168 5598 partibus
1184 5520 1262 5592 illis,
1280 5518 1359 5580 alibi
1376 5520 1624 5582 commorantur
1639 5522 1822 5586 eos'nulla-

172 5617 239 5676 tum
255 5627 408 5686 magnam
425 5613 458 5674 et
469 5614 638 5676 strenuam
663 5614 918 5689 multitudinem,
932 5617 966 5679 et
1021 5619 1115 5680 tenus
1130 5618 1323 5688 excusante,
1343 5633 1403 5680 uec
1418 5617 1647 5695 patrocinante
1664 5620 1818 5700 cuiquam
