4222 6374
786 289 1015 366 nrrsronm.
1038 288 1117 349 ms.
1140 289 1196 348 vr.

458 457 659 546 LXXVIII

215 611 266 672 Ad
283 609 578 684 orcbteptscopttm
601 609 902 672 Medwltnettscm.

366 739 434 796 Sino
447 738 533 810 siguo
544 737 748 812 chronologia.

201 864 286 927 Vide
320 865 482 932 (lutatam
514 863 815 938 compilationem,
842 861 900 924 lib.
927 863 954 935 1,

164 961 212 1024 tit.
228 964 258 1034 8,
272 965 322 1024 lic
336 961 439 1023 atate
453 961 487 1023 et
501 961 666 1035 qualitate
678 961 711 1023 et
723 964 844 1023 ordlac
855 975 954 1036 pra-

161 1059 398 1132 }ictenclotttm,
413 1059 437 1120 t.
455 1060 480 1128 l,
496 1057 558 1120 col.
573 1059 642 1120 148.

203 1155 355 1218 Pottbast
371 1155 412 1216 de
426 1169 540 1216 errore
555 1154 666 1230 arguit
677 1153 849 1216 Cironium
869 1152 955 1230 quod

162 1252 307 1314 affirmat
321 1253 375 1329 agi
397 1251 432 1312 in
456 1250 520 1313 bac
541 1251 705 1314 Decretali
728 1255 780 1313 De
802 1255 956 1326 episcopa

163 1353 332 1422 callensi,
348 1364 415 1413 non
429 1363 509 1412 nero
524 1349 564 1411 de
580 1352 764 1422 collocari,
781 1347 822 1410 ad
835 1348 958 1425 proba-

161 1446 287 1509 tionem
310 1463 381 1508 suae
404 1446 689 1523 interpretationis
715 1445 813 1510 affert
835 1461 955 1506 nomen

163 1543 255 1606 urbis
269 1544 479 1621 episcopalis,
497 1543 583 1622 quod
598 1543 678 1606 dicit
693 1558 767 1605 esse
782 1547 953 1606 carleolo.

163 1639 210 1703 Gi.
227 1641 375 1704 notulam
392 1638 442 1722 (a)
459 1656 480 1702 a
495 1640 628 1702 Cironio
643 1640 779 1703 allatam
798 1639 861 1701 loc.
879 1639 933 1701 cit.

419 1895 424 1904 ’
480 1943 640 2030 uxum

160 2097 215 2158 Act
224 2096 383 2159 animem
396 2095 431 2156 et
446 2094 653 2156 conventam
669 2090 788 2154 Sancti
801 2091 958 2152 Audoent

409 2191 704 2266 Rotltomapenala.

437 2321 587 2396 ljanuarii
603 2321 683 2378 lata.

188 2447 309 2510 [Regcst.,
323 2445 369 2496 lib.
382 2446 426 2505 vl,
437 2445 511 2510 epist.
523 2443 576 2494 tbi.
588 2445 648 2496 iles.
661 2444 698 2494 ba
707 2443 783 2494 Porta
793 2442 827 2493 du
837 2441 932 2508 rhed]

181 2562 316 2636 indulget
331 2561 387 2618 illis
401 2568 433 2619 ut
445 2560 540 2618 locent
553 2573 654 2617 eorum
668 2558 799 2616 scolene
813 2555 941 2616 decimas

398 2649 501 2722 ontibus
511 2647 580 2708 utile
595 2645 727 2706 viderint.

202 2783 369 2848 Honorius
378 2781 563 2861 episcopus,
577 2796 693 2843 servus
702 2794 875 2843 servorum
884 2779 954 2852 Dei,

164 2881 296 2944 dilectis
311 2881 390 2942 filiis
402 2879 513 2942 abbati
527 2883 559 2941 et
574 2877 750 2940 conventui
762 2876 875 2938 Sancti
890 2879 960 2937 Au-

163 2979 263 3041 doeni
278 2977 567 3054 Rotbomagensis,
588 2975 777 3036 salutemet
794 2972 957 3050 apostoli-

164 3091 238 3138 cam
252 3075 526 3138 benedictionem.

202 3175 320 3236 Vestra
330 3172 425 3233 nobis
436 3171 557 3233 relatio
568 3169 751 3233 declaravit
761 3165 846 3246 quod
858 3184 958 3245 quum

164 3271 206 3334 ad
221 3269 350 3331 firmam
366 3269 445 3330 dare
465 3267 591 3330 tructus
610 3267 797 3329 vestrarum
817 3281 960 3327 consue-

161 3368 278 3431 veritis
298 3367 511 3438 decimarum,
528 3364 708 3427 dioecesani
726 3365 874 3426 locorum
888 3364 959 3424 sta·

163 3466 270 3529 tntum
289 3464 453 3544 quoddam
476 3463 517 3524 de
540 3462 731 3540 hujusmodi
749 3460 887 3522 decimis
908 3459 959 3521 lo-

163 3563 280 3625 candis
291 3559 539 3640 parochialibus
554 3559 756 3638 presbyteris
769 3558 956 3630 ediderunt,

164 3675 224 3737 per
243 3659 329 3736 quod
346 3659 473 3720 utilitas
494 3658 606 3720 vestra
627 3671 693 3717 non
708 3655 874 3716 modicum
889 3653 957 3715 im-

1261 561 1266 572 ,
1341 453 1479 542 lxxx

1063 609 1115 668 Ad
1128 605 1284 669 abbatem
1301 608 1342 668 dc
1361 605 1495 668 Genetel
1512 603 1751 666 cirtercienses

1335 703 1479 763 ordiam.

1284 833 1301 891 3
1312 831 1437 906 januarii
1449 831 1528 889 tata.

1012 955 1124 1020 [Archiv.
1137 956 1179 1008 iilr
1187 955 1278 1008 Knnde
1288 959 1376 1006 lislam.
1387 954 1475 1008 Gesch.
1487 954 1601 1018 Quellcn,
1612 959 1630 1004 t.
1641 955 1684 1013 1x,
1698 968 1723 1020 p.
1736 953 1804 1022 bib]

1011 1079 1127 1142 itandat
1141 1088 1172 1140 ut
1184 1080 1300 1140 audiant
1309 1095 1426 1142 causam
1442 1080 1515 1138 iuter
1527 1086 1700 1138 conventum
1715 1079 1803 1138 Cene-

1046 1170 1143 1230 tel-ex
1163 1185 1220 1228 uua
1240 1176 1329 1243 parte,
1358 1175 1386 1226 et
1411 1167 1611 1228 lleinburdum
1635 1167 1742 1226 laicum
1769 1181 1806 1227 ex

1047 1259 1146 1330 altera,
1162 1266 1190 1316 et
1204 1256 1261 1316 dne
1275 1257 1414 1316 cauomco
1429 1257 1591 1316 terminent.

1050 1383 1218 1446 Honorius
1229 1385 1414 1462 episcopus,
1423 1399 1539 1445 servus
1552 1396 1724 1444 servorum
1733 1381 1805 1456 Del,

1012 1479 1143 1544 dilectis
1157 1481 1236 1543 filiis
1251 1481 1362 1543 abbati
1376 1481 1417 1542 de
1432 1480 1564 1542 Genetel
1577 1479 1820 1542 cisterciensis⁴

1012 1578 1152 1652 ordinis,
1169 1578 1347 1656 preposito
1359 1577 1400 1638 de
1414 1576 1618 1639 Neunburcb
1632 1577 1665 1638 et
1679 1575 1807 1638 decano

1012 1674 1053 1736 de
1085 1675 1207 1737 Sancta
1234 1675 1377 1747 Anatha,
1404 1673 1613 1736 Pataviensis
1638 1671 1806 1744 dimensis,

1012 1771 1152 1834 sulutem
1167 1773 1200 1834 et
1214 1771 1431 1849 apostolicam
1443 1770 1718 1832 benedictionem.

1052 1868 1171 1931 Dilecti
1183 1868 1282 1929 dlii...
1298 1867 1498 1946 prepositus
1511 1867 1544 1929 et
1555 1867 1738 1929 conventus
1751 1881 1809 1929 eo-

1012 1965 1123 2027 clesiae
1155 1966 1279 2045 sanan,
1295 1965 1431 2042 Georgii
1454 1963 1551 2028 nobis
1574 1963 1808 2043 conquerendo

1012 2063 1241 2125 monstrarunt
1258 2061 1346 2139 quod
1365 2060 1582 2124 Meinhardus
1604 2061 1713 2122 laicus
1736 2063 1806 2124 et...

1011 2159 1073 2219 dlii
1088 2162 1161 2236 ejus
1183 2157 1392 2221 Patariensis
1415 2158 1569 2220 dioecesis
1588 2157 1679 2234 ipsos
1697 2158 1808 2220 eccle-

1013 2257 1064 2318 sia
1078 2255 1119 2318 de
1134 2257 1287 2318 Rudnich
1302 2257 1418 2318 contra
1429 2255 1596 2333 iustitiam
1611 2255 1806 2333 spoliarunt.

1013 2354 1093 2414 Cum
1111 2353 1214 2430 igitur
1229 2353 1379 2430 spoliatis
1395 2351 1517 2432 injuste
1532 2352 1754 2414 restitutionis
1767 2353 1811 2414 sit

1011 2449 1173 2512 beneflcio
1189 2450 1461 2522 succurrendum,
1477 2449 1670 2512 discretioni
1687 2451 1809 2511 restrae

1013 2564 1073 2624 per
1086 2547 1277 2626 apostolica
1297 2548 1421 2624 scripta
1436 2547 1632 2610 mandamus
1647 2548 1811 2625 quatenus

1013 2644 1074 2717 eis,
1083 2645 1169 2707 sicut
1174 2645 1301 2722 justum
1310 2645 1422 2718 luerit,
1432 2645 1652 2708 restitutionis
1664 2643 1808 2704 audiatis

1014 2756 1160 2810 causam,
1181 2743 1213 2802 el
1226 2742 1449 2819 appellatione
1468 2741 1607 2814 remota,
1624 2741 1690 2802 tine
1703 2755 1809 2804 cano-

1013 2838 1089 2900 nico
1103 2837 1301 2911 terminetis,
1316 2838 1477 2900 facientes
1491 2838 1578 2915 quod
1596 2838 1810 2899 decreveritis

1013 2949 1273 3012 percensuram
1296 2934 1559 2997 ecclesiasticam
1586 2935 1726 2995 tirmiter
1745 2933 1809 2996 ob-

1014 3030 1154 3093 servari.
1176 3031 1290 3093 Testes
1312 3031 1423 3093 autem
1439 3031 1495 3108 qui
1510 3031 1634 3093 fuerint
1648 3031 1810 3094 nominati

1013 3128 1043 3189 si
1059 3143 1096 3191 se
1114 3128 1234 3205 gratia,
1251 3128 1338 3200 odio,
1360 3129 1414 3191 rel
1439 3129 1560 3191 timore
1585 3129 1811 3191 subtraxerint

1013 3241 1273 3304 percensuram
1298 3225 1459 3298 eamdem,
1490 3227 1712 3304 appellatione
1737 3242 1811 3290 ces-

1013 3325 1120 3396 sante,
1137 3325 1264 3400 cogatis
1286 3325 1420 3387 veritati
1444 3325 1673 3386 testimonium
1694 3324 1810 3402 perhi-

1012 3418 1108 3496 bere;
1123 3421 1209 3498 quod
1223 3421 1329 3482 sinon
1341 3421 1810 3500 omneshisexsequendispo·

1012 3517 1144 3579 tueritIs
1158 3518 1406 3590 interesse,du0
1418 3519 1567 3580 restrum
1581 3535 1622 3580 ea
1636 3519 1809 3580 nibilomi-

1013 3631 1077 3675 nus
1087 3615 1325 3691 exsequantnr.
1335 3617 1453 3678 Datum
1464 3616 1632 3688 Laterani,
1645 3617 1691 3677 ΙΙΙ
1701 3631 1807 3678 nonas

163 3755 315 3834 peditum
332 3769 435 3832 quare
450 3769 550 3830 super
564 3753 628 3814 hoc
639 3751 838 3829 Apostolicae
851 3750 959 3828 provi·
1008 3711 1170 3790 Januarrl,
1184 3711 1397 3824 pontificatus
1412 3715 1517 3776 nostrl
1536 3729 1624 3775 anno
1639 3713 1714 3776 sext
1737 3755 1745 3774 .

162 3853 268 3915 sionis
283 3851 465 3914 remedium
476 3848 689 3928 implorastis.
702 3850 771 3911 Nos
782 3849 884 3925 igitur
898 3848 958 3909 uti·

163 3950 276 4013 litotes
296 3950 426 4012 vestras
445 3947 597 4010 nolentes
621 3946 767 4009 indebite
789 3945 955 4023 impediri,

164 4045 361 4109 auctoritate
379 4045 474 4107 vobis
497 4043 711 4122 praesentium
733 4041 955 4119 indulgemus,

163 4147 201 4205 ut
215 4145 336 4206 statuto
357 4143 547 4222 hujusmodi
561 4157 628 4204 non
651 4141 812 4217 obstante,
828 4142 958 4203 restra-

1329 4079 1487 4170 LXXXI

162 4256 238 4303 rum
263 4241 465 4303 decimarum
500 4239 678 4316 proventus
709 4237 813 4300 llbere
845 4237 957 4300 locare
1012 4231 1803 4304 Adotttuersosabbatesordinactstercteusls.

162 4338 298 4417 possitis
311 4337 428 4417 quibus
443 4336 537 4399 vobis
559 4335 957 4414 expedirejudicareritis
1281 4360 1299 4421 g
1313 4363 1437 4438 junuarii
1455 4365 1534 4424 iiia.

162 4437 196 4498 et
216 4451 290 4498 cum
311 4431 496 4516 [clausulis]
519 4433 638 4512 quibus
664 4434 814 4495 ecclesiae
836 4434 956 4496 vestrae
1142 4484 1283 4551 [nanque
1304 4487 1414 4539 Annua
1425 4487 1519 4540 mm
1551 4488 1586 4543 Ν
1606 4489 1676 4556 m]

163 4533 386 4595 conditionem
407 4532 558 4609 poteritis
577 4530 688 4592 lacere
703 4530 893 4604 meliorem;
910 4531 956 4592 ita
1285 4524 1292 4546 '
1522 4526 1538 4548 ''
1586 4527 1594 4550 '
1656 4529 1662 4542 '

161 4631 273 4692 tamen
293 4631 329 4692 ut
344 4629 537 4707 hujusmodi
552 4627 674 4691 locatio
689 4627 731 4690 ad
751 4626 884 4689 feudum
903 4627 956 4689 Ἴθι
1030 4607 1266 4670 Ecshortaturut
1277 4619 1360 4684 grato
1371 4614 1467 4671 animo
1480 4615 1695 4687 procurationes
1706 4615 1786 4674 exhi·

162 4726 398 4790 alienationem
422 4742 487 4787 non
504 4726 677 4803 judicetur
702 4724 847 4786 extendi.
864 4725 957 4786 Nulli
1130 4698 1217 4757 biam
1232 4700 1264 4757 G·
1281 4701 1418 4758 Mem
1431 4703 1566 4760 R⁰¹¹¹⁸¹¹⁸³
1580 4703 1687 4777 ¹⁰8⁸¹⁰·

161 4839 242 4901 ergo
255 4825 389 4886 omnino
404 4824 575 4885 bominum
590 4823 689 4885 liceat
701 4823 787 4884 hauc
801 4823 956 4899 paginam
1051 4824 1217 4885 Honorius
1229 4825 1413 4904 episcopua,
1423 4843 1540 4890 servus
1550 4844 1721 4890 servorum
1732 4829 1803 4904 Dei,

161 4923 285 4984 nostrae
307 4922 532 4983 concessionis
547 4921 731 4996 intringere
748 4919 801 4982 rel
819 4919 851 4982 ei
872 4935 957 4981 ausu
1012 4920 1178 4983 universis
1198 4921 1382 4996 abbatibus
1399 4927 1432 4986 et
1452 4925 1667 4986 conventibus
1682 4925 1808 4988 Cister-

161 5019 340 5080 temerario
356 5019 534 5080 contraire.
558 5017 593 5080 Si
613 5019 688 5096 quis
701 5017 811 5079 autem
827 5018 890 5078 hcc
904 5020 958 5079 at·
1011 5019 1135 5080 ciensis
1159 5018 1286 5081 ordinis
1310 5021 1491 5100 praesentes
1520 5021 1648 5084 litteras
1670 5023 1806 5102 inspec-

161 5117 291 5178 tentare
305 5115 565 5192 praesumpserit,
580 5113 843 5190 indignationem
854 5115 958 5175 omni·
1011 5115 1106 5178 turis.

161 5213 306 5290 potentis
322 5213 382 5274 Dei
397 5213 430 5274 et
440 5212 612 5274 bealorum
625 5212 715 5275 Petri
726 5215 759 5274 et
771 5211 869 5272 Pauli
881 5227 957 5288 apo·
1052 5214 1180 5284 Quanto
1208 5214 1398 5294 apostolica
1424 5216 1525 5278 Sedes
1554 5220 1682 5295 majora
1714 5219 1808 5284 vobis

162 5310 322 5372 stolorum
334 5313 407 5387 ejus
418 5325 454 5370 se
464 5309 594 5371 noverit
603 5309 826 5371 incursurum.
838 5310 956 5370 Datum
1012 5310 1147 5372 exhibet
1161 5311 1285 5372 indicia
1298 5311 1459 5384 caritatis,
1476 5313 1568 5376 tanto
1581 5331 1640 5376 vos
1654 5317 1686 5378 ei
1702 5321 1809 5394 majo-

162 5407 336 5480 Laterani,
365 5405 526 5468 kalendas
549 5407 716 5485 januarii,
744 5406 957 5485 pontificatus
1011 5423 1082 5468 rem
1098 5407 1477 5472 devotionemexbibere
1492 5410 1810 5491 debetisi'requen·

162 5505 269 5566 nostri
284 5519 371 5567 anno
387 5503 493 5568 sexto.
1010 5506 1063 5567 ter
1077 5507 1189 5567 aulem
1204 5505 1377 5584 conquesti
1392 5509 1469 5572 sunt
1479 5510 1638 5572 Ecclesiae
1650 5513 1809 5574 Romanae

1011 5602 1125 5679 legati,
1143 5602 1303 5680 quadros
1319 5619 1388 5682 prm
1411 5606 1542 5669 caeteris
1561 5605 1734 5670 inveniant
1751 5609 1808 5672 in-

308 5745 422 5792 ramon.
437 5735 571 5794 rouelV.
1626 5739 1643 5796 3
