4262 6382
909 217 1085 280 HONORII
1108 217 1153 278 111
1173 217 1321 278 OPERA·
1925 203 1996 265 756

643 389 737 477 LIII

293 547 345 607 Ad
358 543 494 605 abbates
509 545 550 603 de
563 542 677 603 Horta
698 539 834 602 Sancite
854 541 982 601 Martae
996 540 1030 600 et
1044 541 1085 600 de

344 646 504 713 Dorsum,
525 642 657 700 ordinis
670 637 1032 699 Proemonstrotensis.

438 752 440 768 Α
482 778 562 853 (Sine
584 784 650 835 uota
665 774 894 850 chronologica.)

448 901 541 966 [llngo,
552 901 631 952 Sacrae
643 899 723 966 antiq.
734 913 814 959 mon„
825 900 845 958 l,
855 899 923 964 ite]

293 1029 342 1088 Eis
355 1025 471 1085 mandat
485 1033 516 1084 ut
536 1025 572 1084 de
591 1025 707 1098 querela
728 1025 847 1084 Emouis
866 1024 1086 1098 praepositionu-

327 1123 486 1188 veutusque
495 1115 660 1172 monasterii
672 1113 775 1171 Floridi
789 1113 868 1170 Horti
880 1119 978 1170 contra
991 1111 1083 1170 Theo·

328 1203 467 1272 doricum,
483 1203 737 1262 llonastcriensem
754 1202 930 1274 episcopum,
945 1215 1085 1258 convoca·

327 1291 364 1348 tis
378 1290 504 1364 partibus
519 1304 636 1347 causam
652 1287 710 1345 line
724 1287 820 1345 debito
833 1288 996 1344 terminent.

333 1433 502 1494 Honorius
513 1433 700 1510 episcopus,
711 1431 1083 1504 servusservorumliei,

292 1530 422 1592 dilectis
440 1530 518 1590 filiis
533 1529 573 1591 de
588 1531 690 1591 Horto
709 1530 838 1591 Sanctae
851 1528 972 1606 :Mariae
991 1530 1024 1589 61
1046 1528 1086 1589 16

291 1629 436 1689 Doccum
450 1626 624 1688 abbatibus
645 1626 975 1688 Praemonstratensis
995 1627 1087 1687 ordi-

293 1724 358 1794 nis,
376 1725 517 1787 salutem
541 1725 577 1785 in
594 1724 733 1786 Domtno
748 1727 781 1785 61
795 1724 1017 1800 apostolicam
1027 1722 1088 1784 be-

293 1822 527 1884 bedictionem.

331 1921 382 1980 116
402 1920 495 1996 66616
510 1918 680 1995 praepositi
700 1919 733 1978 et
752 1917 933 1978 conventus
953 1932 1085 1977 monas·

292 2015 369 2078 terii
385 2016 513 2076 Florldl
539 2014 635 2076 Horti
657 2013 987 2075 praemonstratensis
1002 2013 1088 2074 ordi·

292 2113 345 2172 nis
369 2111 465 2172 nobis
487 2111 597 2173 oblata
613 2111 759 2188 querela,
775 2111 860 2187 quod
885 2109 1086 2171 venerabilis

292 2208 396 2270 irater
419 2209 534 2269 noster
551 2207 824 2269 Monasteriensis
846 2208 1020 2284 episcopus
1035 2208 1088 2284 ip·

293 2321 348 2366 sos
367 2304 522 2366 indebitis
537 2304 767 2366 exactionibus
783 2307 945 2381 aggravat
963 2306 996 2367 et
1010 2321 1086 2366 mo-

290 2401 401 2472 lestat,
416 2401 500 2462 61166
522 2402 570 2462 616
589 2400 768 2478 plurimum
791 2401 975 2479 injvrriosus
996 2403 1088 2462 exis-

291 2497 377 2560 tens.
404 2498 545 2576 Ideoque
560 2498 753 2559 discretioni
767 2499 887 2560 vestrae
903 2504 1086 2576 66611666-

292 2595 533 2673 1611666661616
557 2596 764 2668 mandamus,
790 2598 965 2673 quatenus,
982 2596 1088 2673 parti-

291 2692 353 2754 bus
374 2693 575 2767 convocatis,
597 2695 741 2756 audiatis
756 2709 892 2755 causam
912 2695 1088 2771 6166661-

290 2789 415 2852 latione
450 2793 593 2864 remota,
630 2791 696 2852 line
733 2790 843 2853 debito
878 2792 1084 2864 terminetis,

291 2888 452 2950 facientes
462 2889 549 2966 quod
562 2889 788 2962 decreveritis,
799 2889 996 2951 auctoritate
1007 2905 1087 2950 nos-

290 2986 343 3046 tra
358 2986 498 3048 tirmiter
521 2986 703 3049 observari.
719 2989 834 3048 Testes
851 3001 931 3049 vero
954 2989 1009 3064 qui
1025 3003 1088 3048 no-

292 3083 421 3154 minati,
439 3085 500 3145 etc.

645 3323 733 3410 LIV

331 3473 382 3531 Ad
398 3474 581 3546 Huoonem
599 3473 837 3534 Arelatensem
851 3475 1048 3548 episcopum

509 3572 650 3642 ejusque
664 3571 865 3644 capitutum.

551 3709 583 3768 at
597 3709 727 3768 decemb.
741 3709 819 3768 1111.

432 3831 526 3898 [Gallia
543 3833 646 3892 1116161,
660 3834 680 3892 l,
697 3834 748 3897 (dd.
765 3833 949 3900 11161611]

290 3956 340 4013 Eis
354 3955 463 4014 inhibet
475 3971 511 4013 ne
528 3962 653 4014 castrum
669 3957 781 4014 Salonis
800 3956 896 4028 adjus
914 3964 943 4014 et
957 3958 1084 4030 proprie·

324 4051 411 4102 tatem
431 4043 606 4101 Arelatensis
620 4042 750 4102 ccclesiae
763 4045 909 4116 pertinens
918 4043 1084 4114 distrahere,

324 4139 496 4205 permutare,
517 4131 563 4190 val
585 4133 641 4189 alio
662 4131 748 4189 modo
768 4132 894 4189 alienare
907 4133 1087 4206 aliquatenus

325 4221 495 4278 sustineant.

328 4345 497 4407 Honorius
508 4345 695 4421 episcopus,
706 4360 823 4407 servus
835 4347 1085 4417 servorumDei,

288 4441 480 4506 venerando
508 4440 605 4502 fratri
633 4440 884 4518 archiepiscopo
903 4443 936 4503 et
957 4442 1086 4504 dilectis

289 4540 369 4600 lllils
382 4538 526 4616 capitulo
537 4537 736 4606 Arelatensi
749 4537 890 4599 salutem
905 4541 1087 4616 61166616-

289 4635 389 4696 licam
404 4632 677 4695 benedictionem.

328 4734 410 4793 Cum
423 4747 466 4792 ex
480 4731 645 4807 susceptae
661 4730 833 4792 servitutis
849 4729 972 4802 olilcio,
984 4729 1088 4792 eccle·

289 4829 415 4890 siarum
453 4843 535 4889 cura
564 4827 661 4888 nobis
698 4828 872 4888 immineat
905 4826 1084 4903 generalis,

289 4941 417 4987 summa
427 4925 523 4987 nobis
534 4926 584 4987 est
599 4925 823 4987 sollicitudine
834 4924 1085 5001 providendum,

288 5039 332 5085 66
351 5039 412 5100 666
427 5022 616 5100 aliquorum
633 5021 823 5093 insolentia,
836 5022 921 5099 juris
937 5022 989 5082 sui
1007 5037 1085 5082 sus-

287 5121 419 5182 tineant
433 5119 617 5180 laesionem.
635 5120 720 5180 Hinc
733 5119 794 5191 est,
812 5118 898 5195 qnod
915 5118 1084 5180 indemni-

287 5217 412 5278 tatibus
438 5215 645 5276 Arelatensis
668 5215 818 5277 ecclesiae
834 5218 973 5292 paterna
988 5216 1085 5277 solli-

289 5313 436 5376 citudine
451 5311 1008 5388 66661166666166166,6666616616
1024 5316 1086 5374 Sa-

288 5409 490 5500 16616166οά
505 5408 545 5470 61
563 5411 620 5486 jus
635 5409 667 5470 et
690 5409 924 5486 proprietatem
938 5411 1085 5489 ejusdem

290 5506 454 5579 ecclesiae,
480 5523 555 5569 cum
589 5506 798 5582 pertinentiis
825 5507 894 5568 suis
918 5509 1085 5586 pertinere

1140 375 1358 452 dignoscitur,
1371 371 1570 441 distrahere,
1587 370 1806 448 permutare,
1824 363 1994 429 6616116

1140 473 1237 534 modo
1273 472 1422 534 alienare
1456 469 1669 546 aliquatenus
1702 463 1988 544 praesumatiS,

1141 570 1339 632 auctoritate
1368 566 1462 630 vobis
1500 565 1715 643 presentium
1750 560 1991 624 districtius

1140 667 1339 729 inhibemus.
1355 663 1446 726 Nulli
1462 679 1541 741 ergo
1554 664 1725 725 hominum
1736 660 1871 722 liceat
1884 659 1990 719 hanc

1141 765 1296 842 paginam
1318 762 1513 838 infringere,
1530 763 1599 834 etc.
1625 759 1743 821 Datum
1767 756 1987 826 Laterani,

1141 865 1184 923 IV
1205 876 1310 924 nonas
1323 859 1483 936 januarii,
1500 857 1710 934 pontificatus
1726 854 1859 918 nostri
1880 869 1986 916 anno

1140 974 1240 1020 nono.

1505 1188 1571 1274 LV

1201 1351 1253 1411 Act
1269 1351 1489 1420 Lucanicum,
1505 1352 1723 1409 Francorum
1743 1361 1908 1424 regem.

1368 1487 1464 1562 (Anno
1480 1486 1707 1560 11116611111.)

1172 1623 1378 1687 [1666661166.
1391 1620 1435 1671 des
1446 1620 1520 1678 11161,
1532 1621 1600 1748 ligo,
1611 1620 1670 1679 ltil3
1681 1621 1795 1684 Regnat„
1810 1620 1871 1673 lib.
1883 1619 1937 1679 ix,

1461 1699 1535 1764 epist.
1601 1701 1619 1760 .]

1141 1815 1291 1874 Prolltetur
1301 1829 1333 1871 se
1343 1815 1421 1888 regis
1432 1813 1567 1872 ludovici
1575 1814 1638 1886 jnra
1651 1815 1773 1872 convelli
1786 1815 1894 1884 nolle,
1912 1813 1970 1872 sed

1176 1905 1214 1961 116
1236 1904 1345 1960 restitui
1371 1903 1433 1976 regi
1455 1901 1567 1975 Augila
1594 1903 1763 1960 cismarinas
1779 1911 1904 1972 terras,
1935 1910 1970 1960 ut

1177 1991 1339 2050 Ludovicus
1358 1989 1476 2048 serendo
1490 1992 1585 2048 Terre
1600 1992 1710 2048 sancte
1729 1991 1874 2049 subsidio
1900 2005 1965 2048 nou

1177 2079 1295 2148 6116161,
1310 2087 1339 2137 61
1356 2079 1420 2152 jura
1441 2093 1493 2136 sua
1510 2086 1639 2151 tempore
1654 2083 1837 2152 competenti
1856 2080 1967 2138 valeat

1177 2183 1321 2242 persequi.

1182 2301 1961 2380 Honoriusepiscopus..,carissimoinChristo

1142 2401 1211 2462 filio
1231 2400 1409 2472 Ludovico,
1422 2400 1494 2475 regi
1509 2401 1713 2461 Francorum
1732 2401 1883 2468 illustri,
1903 2417 1959 2461 sa·

1142 2497 1254 2569 lutam,
1268 2498 1329 2558 616.

1182 2595 1327 2666 Utinam,
1344 2593 1392 2653 tlli
1417 2593 1600 2665 carissime,
1624 2593 1774 2656 nostrum
1794 2609 1887 2670 erga
1919 2597 1954 2655 16

1142 2691 1288 2753 animum
1308 2691 1405 2768 plene
1426 2705 1644 2767 cognosceres
1664 2692 1697 2753 61
1716 2693 1954 2768 cogitationes

1141 2789 1347 2866 perspiceres
1369 2787 1479 2848 cordis
1502 2788 1623 2849 nostrii
1652 2789 1755 2850 scires
1778 2789 1877 2850 enim
1916 2787 1952 2850 et

1141 2887 1254 2962 aperte
1265 2885 1395 2946 videres
1409 2885 1495 2962 quod
1506 2901 1681 2962 personam
1696 2886 1787 2947 tuam
1803 2887 1951 2948 sincera

1141 2983 1281 3045 caritate
1304 2982 1485 3058 diligimus,
1510 2983 1543 3044 et
1575 2983 1616 3042 61
1647 2985 1948 3045 conservationem

1141 3081 1190 3142 161
1205 3080 1343 3141 1666616
1356 3080 1389 3140 61
1397 3079 1484 3155 juris
1500 3094 1543 3140 ex
1555 3080 1667 3141 animo
1682 3081 1890 3158 aspiramus,
1905 3097 1949 3141 66

1141 3194 1200 3256 666
1217 3177 1281 3238 166
1294 3177 1399 3252 magis
1413 3178 1604 3238 reverenter
1615 3177 1648 3239 et
1662 3179 1768 3254 magis
1783 3179 1944 3240 61116661-

1141 3277 1192 3337 ter
1203 3275 1328 3336 monita
1341 3275 1455 3335 nostra
1466 3274 1671 3351 consiliaque
1685 3277 1867 3353 reciperes,
1885 3277 1943 3338 te-

1142 3387 1205 3450 que
1227 3372 1332 3448 magis
1354 3371 1507 3433 devotum
1522 3371 1555 3434 et
1569 3372 1675 3448 magis
1696 3371 1942 3450 obsequentem

1141 3467 1358 3547 proculdubio
1383 3468 1571 3529 exhiberes.
1588 3470 1685 3530 Nunc
1709 3473 1818 3531 autem
1842 3473 1942 3533 tuum

1141 3567 1266 3628 videris
1286 3567 1402 3628 contra
1428 3581 1489 3627 nos
1509 3567 1657 3627 animum
1680 3566 1889 3640 obfirmasse,
1907 3567 1941 3628 et

1142 3663 1314 3727 obturasse
1345 3662 1471 3724 nostris
1505 3662 1658 3740 precibus
1686 3679 1786 3725 aures
1810 3665 1938 3734 cordis,

1142 3762 1302 3839 patientia
1340 3763 1463 3822 nostrae
1490 3760 1752 3836 longanimitatis
1780 3762 1935 3830 abutens,

1142 3875 1214 3937 quae
1227 3859 1387 3920 cortuum
1403 3859 1589 3919 contrarios
1605 3858 1737 3920 elevare
1746 3875 1813 3920 non
1824 3857 1934 3930 16161,

1142 3956 1198 4017 661
1215 3955 1256 4016 61
1276 3971 1337 4016 666
1353 3955 1462 4031 661166
1478 3955 1650 4017 humiliter
1669 3955 1843 4018 inclinare.
1861 3960 1936 4020 Jam

1142 4053 1305 4130 siquidem
1333 4051 1429 4114 obliti
1456 4067 1569 4112 sumus
1595 4053 1725 4114 numeri
1747 4054 1936 4116 litterarum

1142 4165 1224 4228 quas
1238 4165 1297 4227 pro
1316 4150 1489 4211 carissimo
1504 4149 1573 4212 lilio
1588 4153 1702 4212 nostro
1718 4153 1874 4226 Henrico,
1888 4151 1934 4212 il-

1141 4247 1239 4308 lustri
1262 4262 1341 4322 rege
1362 4247 1555 4323 Anglorum,
1580 4246 1641 4309 tibi
1658 4249 1854 4321 1166616666,
1880 4263 1937 4311 ro-

1141 4346 1257 4419 gantes
1273 4348 1307 4405 61
1321 4343 1533 4406 obsecrantes
1552 4360 1611 4421 pro
1627 4361 1764 4407 munere
1786 4345 1932 4423 speciali,

1142 4441 1283 4517 primum
1298 4443 1334 4502 61
1346 4443 1481 4517 treugas
1497 4441 1574 4502 olim
1590 4443 1678 4503 inter
1692 4443 1791 4504 clarae
1806 4457 1933 4504 memo-

1141 4538 1202 4599 riae
1238 4538 1428 4614 Philippum
1465 4553 1577 4613 regem
1614 4539 1775 4612 Franciae,
1808 4543 1932 4617 patrem

1140 4637 1245 4707 tuum,
1261 4651 1299 4696 ac
1315 4637 1441 4712 patrem
1454 4635 1602 4711 ejusdem
1613 4637 1704 4712 regis
1714 4637 1853 4711 Angliae,
1866 4637 1932 4699 161-

1141 4734 1192 4794 166
1219 4746 1430 4809 6666666666,
1455 4749 1494 4794 66
1518 4733 1648 4805 161616,
1676 4733 1744 4794 11116
1764 4735 1797 4796 16
1821 4747 1930 4810 preces

1141 4830 1272 4890 nostras
1284 4828 1483 4890 obaudiente
1498 4829 1611 4901 linitis,
1628 4830 1664 4890 61
1678 4845 1745 4891 666
1759 4831 1931 4893 invaderes

1140 4928 1266 4988 terram
1283 4929 1365 4999 ejus,
1381 4941 1466 4988 neve
1481 4927 1625 5004 quietem
1635 4941 1813 5002 regnorum
1829 4929 1930 4989 Fran-

1142 5023 1202 5084 616
1220 5039 1259 5084 66
1280 5023 1409 5099 Angliae
1424 5023 1661 5098 perturbando,
1675 5025 1787 5085 Terrae
1807 5026 1931 5086 Sanctae

1142 5121 1326 5182 subsidium
1350 5120 1539 5197 impedires.
1562 5123 1611 5181 Tu
1636 5136 1716 5182 vero
1741 5121 1820 5183 dicti
1846 5121 1929 5198 regis

1140 5219 1265 5280 terram
1294 5218 1511 5279 nihilominus
1547 5218 1711 5290 invasisti,
1740 5218 1930 5296 contemptis

1144 5315 1306 5391 precibus,
1336 5314 1621 5376 obsecrationibus
1657 5315 1689 5376 et
1721 5315 1929 5392 petitionibus

1141 5412 1276 5483 nostris,
1294 5413 1480 5489 contempto
1505 5411 1605 5474 etiam
1634 5411 1755 5473 statuto
1779 5413 1927 5490 166666,

1141 5511 1192 5572 vel
1214 5511 1332 5573 saltem
1347 5509 1474 5585 treugis
1494 5510 1582 5571 inter
1601 5508 1801 5571 christianos
1821 5524 1928 5571 omnes
