4258 6394
327 253 385 314 471

326 409 395 474 tam
413 425 496 474 6666
517 407 695 472 6161616611
718 422 817 485 quam
841 407 909 470 6116
928 407 1120 485 6666611616

327 507 446 570 curent
458 506 580 568 munda
599 507 633 568 et
647 505 753 566 nitida
768 519 978 576 conservare,
994 503 1120 566 monita

326 605 361 666 et
376 603 532 665 mandata
549 603 663 664 666166
681 601 790 664 taliter
807 600 1015 678 impleturus,
1033 601 1119 679 quod

327 699 439 770 661166
459 699 555 762 66116
574 714 690 760 66666
710 698 750 760 16
765 700 822 760 166
839 697 1043 774 negligentia
1061 713 1119 759 re-

327 795 594 858 immunitatum
605 796 773 868 Laterani,
787 797 817 856 ΙΙ
830 811 908 856 666.
923 794 1118 866 decembris,

328 893 540 970 pontificatus
554 893 661 954 nostri
676 907 764 954 anno
776 893 906 956 octavo.

688 1114 761 1202 LII

328 1256 380 1316 Ad
398 1257 656 1317 archidiaconos
669 1258 711 1317 de
731 1255 924 1316 Brcbanttc
943 1255 977 1316 et
993 1257 1034 1316 16
1049 1256 1121 1315 Aa·

377 1352 527 1426 1666616,
540 1353 576 1413 61
587 1355 755 1413 decanum
770 1355 1065 1414 Cameracensm

593 1481 611 1539 1
628 1480 757 1539 decemb.
775 1481 854 1540 1111.

377 1593 446 1656 [llas.
456 1593 546 1654 latins,
556 1593 660 1646 Colbart
669 1595 787 1655 11166166,
800 1600 820 1645 1.
831 1595 918 1656 LXVI,
931 1593 996 1646 Bibl.
1007 1593 1074 1658 nat]

328 1709 445 1770 1166161
458 1718 489 1768 61
507 1722 626 1769 oausam
645 1711 720 1768 inter
738 1712 904 1785 episcopum
919 1726 954 1768 ex
968 1725 1025 1769 666
1041 1717 1121 1784 66616

362 1805 392 1856 61
410 1798 542 1856 6116166
558 1801 587 1858 S.
603 1798 771 1858 Theoderici
789 1814 823 1857 ee
847 1799 1003 1872 capitulum
1018 1800 1046 1858 S.
1063 1801 1118 1856 Do·

363 1889 473 1945 natiani
487 1888 642 1959 Brugensis
653 1903 689 1944 ex
700 1888 798 1956 altera,
815 1888 932 1945 audiant
950 1895 1034 1961 etque
1046 1887 1121 1960 quod

363 1977 515 2034 statuerint
527 1975 644 2034 firmiter
656 1975 802 2033 observari
814 1974 929 2032 iaciant.

368 2103 536 2164 Honorius
546 2103 856 2179 episcopusservus
865 2117 1037 2164 servorum
1047 2102 1118 2174 Dei,

330 2197 550 2260 1116611611116
565 2198 606 2260 16
620 2198 799 2261 Brabantia
822 2199 855 2260 61
873 2198 914 2260 16
939 2199 1121 2276 antuerpia

330 2294 576 2356 archidiaconis
589 2296 755 2358 etdeoano
770 2295 1011 2368 camaracensi,
1025 2295 1119 2358 salu·

331 2390 397 2453 tem
412 2392 445 2453 61
458 2392 681 2468 apostolicam
692 2391 966 2454 benedictionem.

371 2489 528 2565 exparte
551 2487 882 2552 666666111161661616
900 2489 1007 2552 nestri
1026 2487 1120 2566 epis-

331 2584 405 2661 copi
419 2585 639 2647 Tornacensis
659 2585 822 2646 66116661
843 2585 953 2648 oblata
972 2585 1119 2662 querela,

330 2681 415 2758 6661
441 2680 543 2743 61166
573 2682 685 2744 Sancti
709 2681 917 2755 Theoderici,
940 2681 1122 2759 capitulum

332 2779 445 2842 Sancti
462 2779 640 2842 Donatianl
657 2782 847 2856 Brugensis,
862 2781 895 2843 et
906 2780 1040 2858 quidam
1062 2779 1123 2840 alii

329 2876 549 2938 'dorcacensis
583 2876 617 2940 et
641 2878 815 2940 Ramensis
842 2877 996 2940 dioecesis
1022 2891 1123 2954 66666

329 2972 620 3048 procurationibus
642 2976 676 3037 et
702 2972 802 3036 rebus
818 2973 894 3036 61116
918 2974 1122 3052 injuriantur

329 3067 449 3140 eidem,
465 3068 605 3146 ideoque
618 3069 810 3134 discretioni
819 3072 938 3134 vestrae
948 3074 1122 3146 parapos-

329 3163 429 3226 tolica
443 3165 565 3242 scripta
575 3167 779 3240 mandamus,
788 3168 961 3243 quatenus,
972 3166 1122 3244 partibus
1179 3217 1185 3230 .

329 3262 531 3334 convocatis,
546 3262 689 3324 audiatis
704 3279 838 3325 causam
855 3265 888 3326 et
902 3263 987 3341 quod
995 3264 1121 3342 justum

329 3355 440 3431 luerit,
467 3360 687 3437 appellatione
702 3361 895 3440 postposita,
908 3361 1059 3432 satuatis,
1072 3360 1123 3422 16-

329 3453 456 3518 cientes
472 3457 558 3534 6661
578 3457 760 3519 61616661116
779 3474 839 3536 666
862 3474 1038 3520 66666666
1063 3473 1122 3519 66-

330 3551 706 3616 6166166116661661166
723 3553 1035 3618 616666661166166
1060 3571 1123 3617 ao-

327 3648 404 3722 tem,
422 3651 479 3728 qui
493 3650 798 3725 166616166616611,
809 3652 838 3714 61
854 3653 1018 3728 sagrada,
1032 3653 1120 3728 odio,

329 3746 382 3810 661
396 3747 515 3810 116666
527 3747 755 3812 subtraxerint
769 3765 1016 3828 percensuram
1031 3765 1125 3811 eam-

329 3843 403 3907 dam
429 3845 652 3922 appellatione
676 3845 828 3910 cessante
843 3847 970 3922 cogatis
984 3847 1122 3910 veritati

329 3919 554 4006 testimonium
569 3945 755 4022 perhibere.
773 3944 908 4020 Quodsi
922 3961 990 4006 666
1008 3959 1123 4007 66666

329 4039 384 4099 116
409 4041 631 4118 exsequendis
659 4042 834 4118 potueritis
855 4042 1029 4113 iuteresse,
1058 4041 1123 4102 duo

329 4137 1123 4215 vestrumeanibilominusexsequantur.l)atum

330 4235 497 4305 Laterani,
523 4237 553 4294 11
574 4249 680 4296 nonas
697 4233 892 4307 decembris,
911 4233 1123 4312 pontificatus

331 4329 437 4392 666161
450 4345 538 4392 6666
549 4331 676 4392 octavo.

678 4551 772 4639 Lllt

452 4697 504 4755 Ad
524 4697 775 4771 116666666666
789 4695 996 4769 episcopum.

597 4823 753 4883 1166661.
769 4823 848 4882 1113.

341 4941 464 5008 [Ragcst.,
473 4939 592 5000 lib.Vlll,
602 4939 676 5006 epist.
694 4940 747 4991 itt.
765 4939 822 4990 1166.
835 4939 871 4990 La
883 4939 958 4990 Porto
968 4938 1002 4988 du
1013 4939 1108 5006 Theti]

370 5057 403 5114 Ei
418 5055 535 5116 666161
547 5058 784 5116 utcoemeterium
796 5056 876 5130 juxta
890 5058 1030 5132 capellam
1043 5057 1079 5116 de

587 5146 695 5205 caliate
709 5145 870 5204 benedicat.

370 5263 549 5336 Honorius,
566 5263 641 5336 616,
655 5263 839 5326 6666661111
852 5263 986 5328 166161...
999 5263 1124 5339 Lingo-

940 247 1118 313 flottofflt
1140 249 1185 310 111
1207 248 1355 310 OPERA.

1909 246 1973 304 472

1174 407 1432 486 66666166666,
1445 401 1974 494 661616661166616116661666-
2093 447 2094 456 .

1174 503 1363 566 dictionem.

1215 597 1486 674 significantibus
1501 599 1631 662 dilectis
1660 598 1777 661 11116...
1807 597 1973 674 magistro

1174 699 1208 758 et
1224 695 1383 756 iratribus
1410 695 1594 772 Hospitalis
1617 695 1912 772 Hierosolymitani
1933 695 1974 754 in

1174 793 1367 868 Burgundia
1398 806 1459 853 nos
1491 792 1625 854 noveris
1654 791 1835 867 accepisse,
1867 790 1969 868 quod,

1174 905 1274 967 quum
1287 890 1366 952 olim
1383 888 1445 950 tibi
1463 888 1686 950 direxerimus
1700 889 1825 965 6661616
1840 888 1971 958 nostra,
2096 931 2097 938 .

1175 987 1211 1048 ut
1220 987 1377 1063 aisjuxta
1390 985 1553 1062 capellam
1572 985 1689 1048 demus
1703 1001 1819 1048 eorum
1845 983 1887 1045 de
1906 985 1974 1044 Ga·

1175 1083 1259 1146 11616
1273 1084 1339 1146 tuae
1357 1083 1513 1144 dioecesis
1527 1083 1753 1147 ooeuteterium
1767 1080 1973 1142 benedicens
2097 1059 2098 1108 t

1173 1179 1400 1242 tantummodo
1421 1194 1482 1256 pro
1505 1178 1630 1242 eisdem
1653 1178 1826 1255 sinejuris
1839 1180 1969 1255 praeju-

1175 1277 1262 1339 dicio
1295 1275 1408 1350 alieni,
1441 1277 1478 1338 16
1500 1276 1692 1340 66616166
1717 1276 1869 1338 6661666
1892 1289 1973 1352 666-

1173 1373 1342 1436 166661666
1356 1388 1438 1435 aure
1455 1373 1568 1446 surda,
1591 1373 1623 1434 id
1650 1373 1812 1434 hactenus
1835 1371 1972 1434 61116666

1175 1486 1242 1533 666
1253 1471 1389 1543 curasti,
1400 1470 1479 1532 licet
1499 1471 1535 1531 in
1542 1470 1667 1532 eisdem
1678 1469 1800 1532 litteris
1815 1469 1970 1532 contine-

1175 1570 1267 1630 retur
1277 1582 1446 1645 exprasse,
1461 1567 1558 1645 quod,
1573 1569 1606 1630 te
1619 1569 1655 1628 in
1666 1567 1863 1630 executione
1873 1582 1972 1627 man·
2005 1598 2009 1606 =
2100 1649 2101 1652 Ἴ

1175 1663 1243 1727 dati
1258 1665 1363 1726 nostri
1387 1665 1549 1738 cessante,
1576 1664 1611 1725 id
1628 1665 1760 1742 impleri
1781 1679 1842 1740 per
1864 1663 1970 1724 alium

1175 1762 1372 1824 faceramus.
1389 1764 1498 1835 Quare
1518 1761 1649 1824 anobis
1662 1760 1834 1822 humiliter
1853 1761 1972 1836 postu·
2101 1807 2102 1818 ,

1175 1858 1300 1932 labant,
1312 1861 1350 1920 ut
1360 1859 1409 1920 eis
1419 1874 1520 1936 super
1533 1859 1597 1920 166
1611 1858 1787 1936 providere
1801 1855 1971 1933 debenig-
2102 1911 2103 1954 3

1176 1956 1279 2018 nitate
1300 1955 1394 2018 Sedis
1419 1955 1617 2032 Apostolieae
1643 1955 1868 2031 dignaremur.
1899 1955 1971 2016 Nos

1175 2053 1277 2129 igitur
1291 2068 1334 2113 an
1349 2053 1462 2130 aliqua
1487 2052 1576 2114 inte
1603 2051 1799 2114 obedientiae
1823 2049 1971 2114 scintilla

1175 2149 1373 2212 remanserit
1385 2150 1493 2211 adbuc
1507 2149 1654 2227 experiri
1668 2149 1829 2221 volantes,
1845 2147 1969 2210 166166-

1175 2247 1272 2310 611611
1286 2247 1351 2308 1666
1366 2262 1427 2324 666
1436 2246 1626 2325 1666161166
1638 2246 1760 2322 6661616
1770 2245 1972 2323 preacipien-

1175 2345 1217 2406 do
1234 2343 1440 2416 mandamus,
1457 2343 1620 2421 quatenus
1628 2343 1799 2421 jamdictis
1811 2342 1971 2405 iratribus

1171 2443 1268 2519 juxta
1296 2441 1458 2519 capellam
1483 2441 1668 2518 66616166,
1692 2440 1874 2502 66666166
1901 2441 1973 2516 661-

1176 2553 1270 2600 orum
1280 2537 1518 2599 continentiam
1532 2537 1728 2609 litterarum,
1743 2537 1972 2598 coemeterium

1175 2635 1362 2707 benedicas,
1383 2635 1584 2712 praeceptum
1604 2635 1757 2696 nostrum
1770 2633 1885 2696 taliter
1902 2633 1972 2694 im-

1176 2730 1732 2808 61616666666111166666666166
1749 2745 1786 2792 se
1804 2730 1974 2806 gaudeant

1177 2828 1262 2907 qued
1282 2827 1468 2900 intendunt,
1497 2827 1530 2890 et
1558 2843 1619 2890 nos
1643 2827 1852 2890 devotionem
1876 2827 1970 2889 tuam

1176 2925 1340 3003 possimus
1364 2925 1399 2985 in
1431 2925 1571 2988 Domino
1586 2925 1704 2987 merito
1718 2923 1971 3001 commendare3

1176 3022 1325 3099 alioquin
1337 3021 1470 3083 noveris
1485 3036 1545 3084 nos
1554 3020 1739 3083 venerabili
1751 3021 1846 3083 166161
1856 3023 1973 3083 666166

1176 3118 1367 3180 cabilonen.
1380 3119 1535 3196 episcopo
1550 3117 1673 3180 nostris
1693 3117 1825 3180 dedisse
1846 3119 1969 3180 litteris

1176 3233 1211 3277 tn
1226 3213 1402 3287 mandatis,
1419 3217 1465 3288 ut,
1481 3216 1514 3277 te
1530 3215 1615 3293 quod
1642 3215 1872 3276 6661661666
1894 3215 1969 3277 eill-

1177 3329 1252 3374 cere
1263 3311 1461 3388 negligente,
1483 3312 1570 3374 idem
1585 3313 1746 3390 inquisite
1764 3329 1865 3390 super
1882 3328 1972 3392 666-

1177 3409 1287 3470 616616
1302 3409 1494 3485 diligentius
1519 3409 1670 3482 veritate,
1688 3409 1774 3486 quod
1797 3425 1898 3487 super
1917 3409 1972 3471 bis

1176 3507 1343 3568 invenerit
1363 3521 1422 3583 per
1438 3521 1516 3568 suas
1541 3505 1636 3567 nobis
1660 3507 1790 3568 litteras
1816 3506 1972 3568 intimare

1177 3604 1333 3680 procuret
1349 3603 1395 3676 ut,
1412 3619 1471 3678 par
1493 3606 1564 3681 ejus
1589 3603 1785 3665 relationem
1801 3603 1969 3676 instructi,

1177 3699 1328 3760 securius
1339 3697 1373 3758 16
1388 3697 1460 3774 1666
1471 3697 1604 3776 negotio
1612 3699 1843 3776 procedamus.

1215 3795 1334 3856 Datum
1352 3795 1521 3868 Laterani,
1544 3795 1642 3856 nonis
1664 3794 1860 3868 decembris,
1882 3809 1972 3857 anno

1177 3901 1306 3964 661666.

1216 4079 1260 4138 16
1284 4080 1441 4139 cumdem
1467 4081 1608 4141 modum
1628 4078 1972 4156 66661666610611-

1178 4173 1288 4238 16666.
1298 4174 1582 4250 66166666,666116
1592 4176 1967 4252 666661661666616116,

1177 4284 1284 4343 usque
1305 4270 1547 4333 commendare.
1562 4275 1650 4333 Deio
1664 4274 1845 4345 subjicitur
1861 4293 1869 4332 ε
1886 4275 1970 4344 Quo-

1178 4366 1267 4428 circa
1279 4365 1480 4429 fraternitati
1495 4368 1561 4429 tuae
1575 4369 1833 4445 6661666161166
1848 4371 1972 4447 scripta

1178 4463 1382 4537 mandamus,
1398 4465 1570 4542 quatenus,
1585 4464 1701 4527 eedem
1716 4466 1873 4544 episcopo
1885 4466 1972 4543 quod

1177 4559 1407 4623 mandavimus
1422 4561 1557 4623 allicere
1570 4563 1788 4638 negligenter,
1804 4563 1973 4640 1616661-

1178 4659 1242 4720 sita
1265 4673 1364 4736 super
1392 4659 1575 4736 praemissis
1604 4659 1797 4736 diligentius
1818 4661 1970 4734 veritate,

1177 4755 1262 4833 quod
1277 4757 1443 4833 superbis
1458 4756 1795 4834 166666616,6661666
1811 4755 1906 4819 66116
1921 4757 1974 4819 iit-

1177 4856 1265 4916 teras
1280 4854 1436 4915 intimare
1455 4869 1624 4930 procures,
1642 4858 1752 4932 61666
1774 4857 1864 4918 tuam
1882 4856 1973 4917 rela-

1177 4951 1299 5012 tionem
1324 4950 1479 5012 instructi
1505 4953 1655 5014 securius
1681 4952 1717 5013 in
1742 4953 1815 5030 ipso
1838 4953 1972 5028 negotio

1177 5047 1407 5125 procedamus.
1420 5048 1538 5110 Datum
1549 5049 1717 5123 Laterani,
1729 5051 1827 5112 nonis
1840 5050 1973 5112 decem-

1177 5145 1257 5218 bris,
1275 5160 1363 5207 anno
1377 5146 1506 5208 661666.
