4262 6382
289 373 293 381 Ι
359 289 417 348 ras
464 328 469 339 ,
959 271 1146 346 uortoau
1170 285 1214 362 ru
1236 281 1384 343 orsas.
1947 275 2010 335 eoo

357 447 580 526 apostoticam
595 445 762 520 visitares,
779 457 906 520 nosque
916 441 977 505 tibi
989 443 1030 504 de
1043 441 1152 519 gratia
1206 441 1361 502 nuntiare
1371 435 1515 510 deberet,
1529 437 1637 498 dictus
1648 435 1845 514 procurator
1854 432 2010 496 debitum

358 545 565 624 postmodum
582 543 773 613 indulsisse,
788 541 825 603 ut
839 541 880 602 ad
900 540 933 603 id
949 555 1016 600 non
1030 539 1096 600 nisi
1112 538 1152 599 de
1207 539 1335 600 naturae
1349 535 1517 613 persolvit,
1533 535 1647 610 sicque
1661 547 1764 592 causa
1777 533 1850 608 ipsa
1864 546 1933 590 non
1953 545 2011 606 po·

357 643 492 706 biennio
506 642 542 701 in
557 640 729 702 biennium
743 637 917 699 tenereris.
934 639 1058 698 Verum
1074 637 1153 712 quia
1207 635 1270 696 tuit
1282 632 1391 694 debito
1405 633 1470 693 flne
1483 631 1601 692 decidi.
1615 631 1778 703 Quocirca
1791 627 2008 696 mandamus,

357 742 446 802 circa
461 739 581 800 festum
596 735 838 812 assumptionis
863 733 968 795 beatae
990 732 1151 808 Virginis,
1208 733 1372 807 quatenus
1396 727 1728 805 utramquepartem,
1753 725 1841 786 inter
1856 739 1891 784 se
1911 739 2011 783 com-

358 854 433 902 eum
457 838 535 899 tunc
559 832 727 909 receperis
749 815 898 908 pallium,
916 828 1153 906 ethuJ'usmodi
1209 843 1331 904 ponere
1361 825 1502 887 debeant
1533 824 1722 894 convenire,
1756 839 1796 884 ao
1826 821 2013 896 diligenter

354 931 589 1013 jusjurandum
615 928 811 1006 praestiteris
833 927 893 989 tibi
923 928 986 988 boc
1004 925 1155 986 imminet
1209 925 1366 985 inducere
1395 923 1592 999 procuretis
1628 922 1713 998 quod
1748 921 1777 980 si
1809 918 2011 994 compositio

359 1030 558 1102 faciendum,
575 1028 763 1102 ettempore
779 1025 837 1085 illo
853 1025 987 1100 propter
1002 1023 1091 1084 aeris
1108 1022 1156 1081 in·
1210 1021 1294 1082 forte
1316 1021 1492 1098 provenire
1514 1033 1581 1080 non
1605 1017 1741 1094 poterit,
1765 1033 1826 1078 vos
1853 1015 2012 1092 proximo

359 1125 551 1202 temperiem
566 1138 731 1200 proponas
742 1121 965 1198 periculosum
978 1119 1020 1180 ad
1032 1117 1155 1179 Urbem
1210 1120 1386 1179 venturum
1439 1116 1558 1178 festum
1604 1115 1758 1176 Omnium
1808 1113 2011 1174 Sanctorum

361 1239 543 1292 accessum,
560 1220 628 1281 tam
650 1218 844 1295 suppliciter
870 1233 967 1293 quam
986 1215 1157 1275 humiliter
1210 1213 1468 1292 peremptorium
1502 1212 1652 1289 partibus
1685 1211 1864 1272 terminum
1894 1207 2012 1285 praeii-

361 1319 549 1399 postulasti,
571 1319 607 1378 ut
630 1316 671 1376 ad
691 1315 810 1376 festum
825 1312 1019 1375 Natiuitatis
1041 1311 1156 1373 Domi·
1210 1313 1308 1388 gatis
1330 1327 1394 1387 quo
1417 1325 1476 1387 per
1499 1325 1534 1370 se
1558 1309 1611 1370 vel
1635 1307 1846 1385 responsales
1868 1307 2010 1368 idoneos

361 1420 447 1480 nicae
489 1415 617 1477 mutare
654 1412 856 1474 visitationis
888 1411 954 1473 tuae
979 1409 1157 1472 terminum
1212 1410 1426 1484 compareant
1447 1422 1559 1470 coram
1581 1405 1689 1478 nobis,
1715 1406 1901 1480 recepturae
1922 1403 2010 1479 quod
2092 1407 2093 1414 ’

362 1516 588 1589 dignaremur.
616 1511 725 1581 Quare
748 1523 809 1568 nos
833 1507 965 1582 gratiae,
996 1521 1094 1583 quam
1122 1505 1158 1565 in
1213 1521 1312 1583 super
1327 1505 1390 1566 boa
1402 1505 1597 1566 duxerimus
1613 1502 1835 1570 statuendum.
1852 1516 1922 1562 non
1939 1499 2011 1560 obs·
2092 1529 2093 1572 1

361 1609 474 1673 multis
498 1606 698 1670 fraternitati
719 1605 787 1666 tuae
806 1604 956 1674 fecimus,
973 1603 1037 1664 bac
1057 1603 1157 1663 etiam
1211 1603 1358 1665 tentibus
1373 1601 1494 1664 litteris
1512 1601 1600 1670 aliis,
1622 1600 1741 1661 harum
1754 1599 1870 1661 tenore
1891 1597 2007 1666 tacito,

362 1709 437 1772 vice
470 1705 614 1784 gratiam
647 1701 865 1773 cumulantes,
902 1700 1068 1776 postulata
1097 1698 1158 1760 tibi
1213 1700 1333 1762 aSede
1351 1699 1541 1776 Apostolica
1558 1697 1754 1774 impetratis.
1776 1695 1867 1768 Quod
1890 1695 1921 1755 si
1943 1709 2008 1754 non
2092 1725 2093 1742 ,

268 1796 274 1808 '
364 1803 562 1867 auctoritate
595 1800 808 1878 praesentium
842 1798 1000 1894 duximus
1033 1812 1157 1858 conce·
1213 1813 1339 1870 omnes,
1367 1799 1429 1857 etc.
1457 1798 1575 1857 Datum
1599 1794 1767 1866 Laterani,
1792 1795 1821 1853 ll
1846 1790 2008 1854 kalendas

364 1902 482 1964 denda.
499 1900 618 1962 Datum
633 1896 800 1968 Laterani,
822 1896 868 1956 lll
887 1893 1049 1956 kalendas
1063 1909 1158 1954 mar·
1214 1896 1336 1967 martii,
1352 1909 1441 1956 anno
1456 1908 1554 1956 nono.

362 2001 413 2072 tii,
429 2013 518 2060 anno
534 2011 633 2058 nono.

1550 2126 1672 2213 XCIX

682 2232 846 2320 XCVIII
1357 2279 1408 2338 Ad
1422 2280 1617 2351 episcopum
1634 2281 1865 2336 Pcrzacnscm.

365 2391 416 2450 Ad
439 2389 635 2462 episcopum
662 2385 888 2454 Valentinum,
910 2381 1066 2442 abbatem
1089 2382 1161 2440 Ro·
1504 2407 1627 2465 lmsrtil
1647 2406 1725 2464 itti.

406 2487 531 2561 pateat,
548 2481 583 2544 et
599 2482 809 2558 capistrum
823 2483 864 2542 dc
879 2481 1039 2548 clamart,
1055 2491 1161 2538 carto-

407 2584 525 2642 atcum
544 2581 752 2640 Edueascm.

1216 2655 1250 2713 Ei
1269 2653 1422 2727 respondet
1442 2655 1471 2710 in
1492 2669 1579 2712 causa
1601 2653 1635 2711 Α.
1659 2653 1825 2726 presbyteri,
1850 2665 1937 2724 quem
1958 2651 2003 2708 ab·

628 2709 664 2766 ²⁸
678 2705 813 2766 sebfflflffi
825 2705 904 2764 ¹²²5·
1251 2744 1336 2802 solvit
1346 2744 1382 2800 ab
1397 2744 1578 2800 accusatione
1588 2741 1776 2816 quorumdam
1789 2739 1908 2799 fratrum
1923 2742 2005 2800 ilino

394 2835 516 2898 [Regost.‚
527 2832 573 2882 lib.
584 2830 618 2881 lx
624 2869 630 2891 ,
641 2831 713 2896 epist.
722 2829 777 2880 109.
789 2831 846 2881 llss.
861 2829 898 2879 La
908 2827 983 2879 Porta
993 2827 1027 2878 du
1036 2825 1130 2888 Thell]
1251 2845 1313 2888 rum
1328 2845 1385 2888 non
1396 2831 1566 2904 juratorum.

367 2963 421 3018 liat
435 2959 477 3016 eis
496 2955 671 3030 provinciam
692 2952 724 3012 G.
740 2953 911 3012 canonicum
934 2951 1060 3011 Gablien.
1081 2956 1110 3007 et
1125 2949 1160 3008 N.
1256 2967 1423 3028 Honorius
1433 2967 1618 3044 episcopus
1630 2981 1746 3028 servus
1755 2981 1929 3026 servorum
1939 2964 2003 3032 Dei,

402 3044 605 3104 cancellarium
614 3042 775 3114 Campaniae
787 3040 822 3098 ad
832 3039 1060 3113 componendam
1071 3040 1160 3108 litem,
1215 3063 1400 3125 venerabili
1419 3063 1553 3125 pamm
1575 3063 1729 3141 episcopo
1750 3063 1914 3125 Pennensp
1956 3076 2006 3122 sa,

403 3150 466 3208 quae
479 3135 552 3190 inter
568 3133 645 3204 ipsos
660 3130 831 3200 vertebatur,
846 3125 1009 3186 inducendi.
1216 3161 1317 3222 putem
1333 3161 1365 3222 et
1379 3161 1601 3238 Apostolicam
1615 3159 1890 3222 benedictionem·
1921 3107 1931 3136 '

407 3259 575 3321 Honorius
587 3257 773 3333 episcopus,
784 3271 900 3317 servus
909 3269 1080 3316 servorum
1090 3251 1159 3324 Dei,
1256 3261 1369 3335 Nuper
1391 3258 1486 3319 nobis
1508 3263 1546 3320 A.
1570 3259 1764 3337 presbytero
1789 3256 2002 3334 supplicante,

367 3355 553 3420 venerabili
575 3353 708 3414 fratri...
735 3353 889 3428 episcopo
916 3351 1104 3418 Valentino,
1130 3351 1163 3411 et
1217 3355 2004 3432 utcumipseordinemfratrumMinorumcansa

368 3452 498 3515 dilectis
511 3449 627 3510 tiliis...
644 3448 755 3509 abbati
769 3447 941 3524 Ragniaci,
957 3448 990 3509 et
1004 3447 1161 3522 magistro
1217 3451 1423 3528 probationis
1440 3451 1607 3522 intrasset,
1624 3467 1663 3511 ac
1676 3451 1797 3511 exinde
1817 3449 1908 3510 nulla
1926 3448 2004 3509 facta

368 3555 406 3613 A.
423 3546 632 3618 declamari,
659 3545 819 3606 canonico
840 3544 995 3616 Eduensi,
1022 3544 1162 3606 salutem
1217 3547 1422 3624 professione
1437 3547 1524 3608 infra
1540 3563 1663 3608 annum
1680 3549 1814 3619 exisset,
1832 3562 1934 3623 super
1950 3545 2004 3605 boc

368 3648 401 3709 et
411 3645 634 3724 apostoticam
646 3642 923 3704 benedictionem.
1217 3643 1392 3722 providere
1416 3644 1677 3707 misericorditer
1698 3645 1930 3720 dignaremur;
1950 3640 2003 3703 tibi

408 3744 488 3805 Oria
509 3741 596 3802 inter
619 3740 757 3802 dilectos
781 3739 867 3800 lilios
891 3738 1086 3816 magistrum
1110 3741 1160 3809 (1.,
1218 3742 1367 3803 dedimus
1387 3741 1422 3802 in
1441 3743 1617 3814 mandatis,
1641 3743 1687 3813 ut,
1714 3743 1743 3802 si
1767 3757 1820 3802 res
1843 3741 1958 3802 taliter
1974 3753 2004 3798 se

369 3840 566 3904 canonicum
580 3837 741 3906 cabilon..
757 3837 790 3898 et
809 3836 1046 3898 cancellarium
1062 3837 1162 3895 Cam·
1217 3837 1366 3906 baberet,
1391 3838 1605 3901 denuntiares
1629 3840 1737 3915 ipsum
1759 3839 1800 3899 ad
1822 3837 2004 3915 regularem

1326 2529 1466 2594 [Sbarnlea
1478 2530 1573 2580 bullar.
1585 2529 1721 2588 francisc..
1733 2529 1753 2586 l,
1762 2529 1802 2590 21,
1812 2541 1838 2578 n.
1849 2527 1901 2590 ta]

369 3938 478 4017 paniae
498 3951 598 4012 super
617 3933 812 4012 quibusdam
832 3933 1006 4004 incendiis,
1028 3947 1163 3994 succes·
1218 3936 1463 3998 observantiam
1480 3952 1547 3998 non
1566 3938 1684 3999 teneri.
1707 3937 1800 4000 Dicto
1815 3953 1895 4013 ergo
1912 3949 2003 4014 pres·
2092 3951 2093 3954 ¹

369 4033 661 4105 sionevinearum,
676 4031 804 4108 proprii
824 4031 974 4107 corporis
997 4029 1161 4106 captione,
1217 4033 1344 4110 bytero,
1360 4034 1394 4095 et
1412 4033 1514 4095 fratre
1535 4032 1689 4097 iohanne
1713 4035 1748 4096 in
1771 4035 1922 4112 partibus
1945 4031 2003 4096 tuis

370 4135 403 4196 et
429 4131 528 4193 rebus
552 4129 630 4190 aliis
659 4129 881 4204 quastione...
911 4126 1023 4188 abbati
1051 4127 1163 4187 Sancti
1218 4130 1384 4198 Minorum
1399 4129 1540 4192 fratrum
1561 4132 1697 4194 custode
1717 4147 1792 4192 cum
1814 4132 2004 4209 quibusdam
2092 4119 2093 4124 ’

371 4228 532 4305 Stephani
555 4226 588 4287 et
611 4225 748 4300 collegis
773 4225 880 4301 ipsius
906 4223 1111 4300 scripsimus,
1129 4224 1165 4284 ut
1218 4227 1294 4287 aliis
1314 4227 1449 4303 propter
1470 4226 1534 4287 hoc
1553 4227 1588 4287 in
1607 4227 1664 4288 tua
1686 4227 1864 4304 praesentia
1884 4226 2004 4288 consti-

370 4340 506 4387 causam
519 4322 684 4394 audirent,
700 4322 732 4382 et
744 4337 817 4382 eam
830 4321 871 4382 ad
885 4337 945 4382 nos
959 4320 1164 4382 remitterent
1218 4324 1309 4392 tutis,
1342 4323 1450 4384 dictus
1479 4324 1589 4385 custos
1616 4324 1657 4384 ad
1682 4324 1899 4402 probandum,
1926 4321 2003 4402 quod

372 4423 577 4486 sufficienter
610 4420 816 4491 instructam,
846 4419 1055 4496 praefigentes
1086 4435 1165 4496 par·
1218 4418 1305 4480 idem
1318 4420 1491 4498 presbyter
1503 4419 1742 4497 professionem
1757 4421 1900 4494 fecisset,
1918 4436 2004 4500 quos·

372 4520 459 4584 tibus
483 4517 672 4588 terminum,
698 4532 762 4592 quo
783 4517 896 4577 nostro
919 4531 954 4576 se
973 4517 1165 4592 conspectui
1219 4517 1294 4578 dam
1308 4517 1435 4578 ordinis
1444 4518 1495 4577 sni
1510 4519 1611 4580 testes
1624 4519 1765 4592 induxit,
1778 4521 1834 4596 qui
1846 4521 2003 4598 deposue-

371 4617 623 4696 praesentarent,
650 4612 849 4675 sententiam
878 4613 1072 4688 recepturae.
1098 4615 1165 4674 Re·
1219 4613 1297 4674 runt
1323 4629 1424 4690 super
1443 4613 1517 4686 boc,
1532 4616 1779 4678 contradicente
1805 4617 2002 4695 presbytero,

371 4716 473 4776 misso
488 4714 600 4790 itaque
623 4711 663 4772 ad
679 4726 740 4772 nos
756 4710 888 4785 negotio
909 4709 945 4770 in
964 4708 1106 4771 termino
1123 4710 1164 4771 ab
1219 4726 1285 4772 non
1303 4711 1533 4788 jnratisUnde
1552 4711 1709 4788 praefatus
1729 4714 1901 4791 presbyter
1915 4727 2003 4775 usse-

372 4812 498 4874 eisdem
511 4807 681 4887 judicibus
696 4807 876 4883 assignato,
892 4806 924 4867 et
939 4806 1053 4867 eodem
1072 4809 1109 4868 G.
1125 4823 1165 4868 aa
1219 4807 1314 4870 rebat
1325 4824 1440 4869 eorum
1453 4809 1679 4871 testimonium
1692 4810 1819 4870 nullum
1833 4827 1916 4882 esse,
1931 4823 2005 4887 prae·

347 4901 588 4988 ¹procuratore
617 4905 723 4982 partis
757 4903 895 4965 alterius
928 4903 1014 4979 apud
1049 4904 1165 4966 sedem
1220 4905 1307 4967 dicto
1333 4905 1516 4981 replicante
1542 4907 1690 4974 custode,
1717 4909 1803 4985 quod
1832 4909 2004 4969 secundum
2092 4969 2093 4986 ἶ

372 5004 596 5084 Apostolicam
612 5001 811 5074 constitutis,
823 5001 943 5063 dilecto
959 5001 1027 5062 filio
1042 5001 1167 5077 magis·
1221 5001 1347 5063 ordinis
1370 5001 1422 5063 sui
1446 5001 1595 5078 regulam
1616 5005 1732 5080 jurare
1754 5020 1820 5065 non
1847 5001 2003 5082 poterant,
2092 4997 2093 5004 ’

372 5109 424 5166 tro
440 5106 475 5164 0.
499 5100 701 5162 subdiacono
716 5102 750 5159 et
768 5099 939 5176 capellano
959 5100 1072 5160 nostro
1085 5114 1167 5159 con·
1222 5114 1282 5159 nec
1293 5097 1470 5173 debebant3
1486 5100 1543 5160 sed
1556 5116 1670 5161 eorum
1684 5102 1794 5163 verbis
1807 5101 2005 5179 simplicibus

372 5199 588 5262 tradictarum
625 5197 811 5258 litterarum
847 5196 992 5259 auditori
1024 5196 1164 5256 commi·
1221 5195 1256 5256 in
1280 5196 1470 5273 hujusmodi
1495 5197 1647 5258 standum
1671 5202 1758 5273 erat;
1792 5215 1895 5276 quare
1918 5196 2006 5260 nobis

344 5298 477 5360 ‘simus
519 5293 711 5372 specialiter
753 5293 954 5354 audiendam
991 5294 1166 5368 ¹negotium
1221 5291 1393 5354 humiliter
1409 5293 1615 5370 supplicasti,
1640 5296 1676 5355 ut
1695 5295 1772 5372 quid
1792 5297 1954 5372 agendum
1968 5289 2007 5352 sit

372 5389 648 5462 memoraturum
662 5391 755 5466 cujus
771 5389 949 5466 prasentia
962 5387 1167 5450 cumfuisset
1220 5389 1292 5462 tibi,
1322 5390 1355 5451 te
1383 5389 1598 5452 redderemus
1635 5391 1758 5453 nostris
1789 5392 1908 5454 litteris
1939 5403 2006 5453 oer-

372 5489 564 5565 allegatum,
593 5489 627 5549 et
652 5486 855 5563 disputatum
887 5485 967 5545 binc
1001 5485 1089 5558 inde,
1127 5500 1167 5546 ac
1222 5487 1352 5549 liorem.
1375 5487 1443 5549 Nos
1466 5503 1544 5562 ergo
1565 5487 1766 5550 fraternitati
1783 5489 1849 5552 tuae
1868 5487 2006 5550 breviter

372 5587 444 5662 ipse
464 5601 563 5663 super
578 5585 631 5645 his
651 5599 724 5660 quae
741 5598 852 5644 coram
875 5597 915 5644 eo
937 5583 1011 5644 acta
1035 5581 1168 5645 fuerant
1222 5584 1470 5663 respondemus,
1484 5583 1569 5661 quod
1581 5585 1693 5646 nullus
1702 5587 1903 5659 testimonio,
1913 5599 2005 5664 quan-
