<?xml version="1.0" encoding="UTF-8"?>
<!DOCTYPE html PUBLIC "-//W3C//DTD XHTML 1.0 Transitional//EN"
    "http://www.w3.org/TR/xhtml1/DTD/xhtml1-transitional.dtd">
<html xmlns="http://www.w3.org/1999/xhtml" xml:lang="en" lang="en">
 <head>
  <title>
</title>
<meta http-equiv="Content-Type" content="text/html;charset=utf-8" />
  <meta name='ocr-system' content='tesseract 3.04.00' />
  <meta name='ocr-capabilities' content='ocr_page ocr_carea ocr_par ocr_line ocrx_word'/>
</head>
<body>
  <div class='ocr_page' id='page_1' title='image "./mediiaevibiblio00unkngoog_0310.png"; bbox 0 0 4244 6374; ppageno 0'>
   <div class='ocr_carea' id='block_1_1' title="bbox 327 305 387 366">
    <p class='ocr_par' dir='ltr' id='par_1_1' title="bbox 327 305 387 366">
     <span class='ocr_line' id='line_1_1' title="bbox 327 305 387 366; baseline -0.033 0"><span class='ocrx_word' id='word_1_1' title='bbox 327 305 387 366; x_wconf 82' lang='lat'>535</span> 
     </span>
    </p>
   </div>
   <div class='ocr_carea' id='block_1_2' title="bbox 325 459 1123 1413">
    <p class='ocr_par' dir='ltr' id='par_1_2' title="bbox 325 459 1123 1413">
     <span class='ocr_line' id='line_1_2' title="bbox 325 459 1121 536; baseline -0.009 -9"><span class='ocrx_word' id='word_1_2' title='bbox 325 465 476 527; x_wconf 89' lang='lat' dir='ltr'>tuensem</span> <span class='ocrx_word' id='word_1_3' title='bbox 489 459 664 523; x_wconf 89' lang='lat' dir='ltr'>ecclesiam</span> <span class='ocrx_word' id='word_1_4' title='bbox 687 459 854 536; x_wconf 83' lang='lat' dir='ltr'>possessio</span> <span class='ocrx_word' id='word_1_5' title='bbox 874 459 923 520; x_wconf 90' lang='lat' dir='ltr'>sic</span> <span class='ocrx_word' id='word_1_6' title='bbox 944 459 1121 536; x_wconf 91' lang='lat' dir='ltr'>abjudica-</span> 
     </span>
     <span class='ocr_line' id='line_1_3' title="bbox 325 556 1121 634; baseline -0.01 -10"><span class='ocrx_word' id='word_1_7' title='bbox 325 563 391 634; x_wconf 88' lang='lat' dir='ltr'>tur,</span> <span class='ocrx_word' id='word_1_8' title='bbox 409 576 466 622; x_wconf 89' lang='lat' dir='ltr'>seu</span> <span class='ocrx_word' id='word_1_9' title='bbox 482 559 557 621; x_wconf 89' lang='lat' dir='ltr'>data</span> <span class='ocrx_word' id='word_1_10' title='bbox 583 557 746 629; x_wconf 78' lang='lat' dir='ltr'>turbetur,</span> <span class='ocrx_word' id='word_1_11' title='bbox 773 558 806 618; x_wconf 89' lang='lat' dir='ltr'>et</span> <span class='ocrx_word' id='word_1_12' title='bbox 830 557 910 618; x_wconf 90' lang='lat' dir='ltr'>tunc</span> <span class='ocrx_word' id='word_1_13' title='bbox 931 556 1121 632; x_wconf 86' lang='lat' dir='ltr'>archiepis-</span> 
     </span>
     <span class='ocr_line' id='line_1_4' title="bbox 327 655 1120 736; baseline -0.009 -15"><span class='ocrx_word' id='word_1_14' title='bbox 327 675 428 736; x_wconf 83' lang='lat' dir='ltr'>copus</span> <span class='ocrx_word' id='word_1_15' title='bbox 467 657 656 719; x_wconf 77' lang='lat' dir='ltr'>turbatores</span> <span class='ocrx_word' id='word_1_16' title='bbox 694 655 856 716; x_wconf 82' lang='lat' dir='ltr'>duntaxat</span> <span class='ocrx_word' id='word_1_17' title='bbox 890 655 1120 730; x_wconf 85' lang='lat' dir='ltr'>suspensione,</span> 
     </span>
     <span class='ocr_line' id='line_1_5' title="bbox 327 752 1120 828; baseline -0.009 -10"><span class='ocrx_word' id='word_1_18' title='bbox 327 757 380 818; x_wconf 91' lang='lat' dir='ltr'>vel</span> <span class='ocrx_word' id='word_1_19' title='bbox 395 753 738 817; x_wconf 80' lang='lat' dir='ltr'>excommunicatione</span> <span class='ocrx_word' id='word_1_20' title='bbox 757 752 855 828; x_wconf 90' lang='lat' dir='ltr'>prout</span> <span class='ocrx_word' id='word_1_21' title='bbox 870 766 984 812; x_wconf 91' lang='lat' dir='ltr'>eorum</span> <span class='ocrx_word' id='word_1_22' title='bbox 1000 767 1120 812; x_wconf 83' lang='lat' dir='ltr'>exces-</span> 
     </span>
     <span class='ocr_line' id='line_1_6' title="bbox 327 850 1119 928; baseline -0.009 -13"><span class='ocrx_word' id='word_1_23' title='bbox 327 870 383 916; x_wconf 92' lang='lat' dir='ltr'>sus</span> <span class='ocrx_word' id='word_1_24' title='bbox 413 852 564 928; x_wconf 80' lang='lat' dir='ltr'>exegerit</span> <span class='ocrx_word' id='word_1_25' title='bbox 590 868 609 912; x_wconf 90' lang='lat' dir='ltr'>a</span> <span class='ocrx_word' id='word_1_26' title='bbox 632 850 881 927; x_wconf 86' lang='lat' dir='ltr'>perturbatione</span> <span class='ocrx_word' id='word_1_27' title='bbox 921 851 1119 925; x_wconf 90' lang='lat' dir='ltr'>compescat.</span> 
     </span>
     <span class='ocr_line' id='line_1_7' title="bbox 327 945 1121 1023; baseline -0.009 -12"><span class='ocrx_word' id='word_1_28' title='bbox 327 950 390 1012; x_wconf 89' lang='lat' dir='ltr'>Ubi</span> <span class='ocrx_word' id='word_1_29' title='bbox 418 964 498 1011; x_wconf 89' lang='lat' dir='ltr'>vero</span> <span class='ocrx_word' id='word_1_30' title='bbox 525 947 560 1008; x_wconf 90' lang='lat' dir='ltr'>in</span> <span class='ocrx_word' id='word_1_31' title='bbox 583 947 827 1023; x_wconf 88' lang='lat' dir='ltr'>possessionem</span> <span class='ocrx_word' id='word_1_32' title='bbox 866 945 981 1006; x_wconf 91' lang='lat' dir='ltr'>missio</span> <span class='ocrx_word' id='word_1_33' title='bbox 1013 945 1121 1006; x_wconf 90' lang='lat' dir='ltr'>locum</span> 
     </span>
     <span class='ocr_line' id='line_1_8' title="bbox 326 1042 1122 1122; baseline -0.005 -16"><span class='ocrx_word' id='word_1_34' title='bbox 326 1047 450 1108; x_wconf 91' lang='lat' dir='ltr'>babere</span> <span class='ocrx_word' id='word_1_35' title='bbox 465 1061 531 1107; x_wconf 91' lang='lat' dir='ltr'>non</span> <span class='ocrx_word' id='word_1_36' title='bbox 551 1045 659 1122; x_wconf 91' lang='lat' dir='ltr'>potest</span> <span class='ocrx_word' id='word_1_37' title='bbox 680 1042 962 1120; x_wconf 87' lang='lat' dir='ltr'>archiepiscopus,</span> <span class='ocrx_word' id='word_1_38' title='bbox 977 1043 1122 1120; x_wconf 88' lang='lat' dir='ltr'>priorem</span> 
     </span>
     <span class='ocr_line' id='line_1_9' title="bbox 328 1141 1121 1222; baseline -0.008 -17"><span class='ocrx_word' id='word_1_39' title='bbox 328 1146 361 1205; x_wconf 90' lang='lat' dir='ltr'>et</span> <span class='ocrx_word' id='word_1_40' title='bbox 375 1143 548 1222; x_wconf 84' lang='lat' dir='ltr'>syndicum</span> <span class='ocrx_word' id='word_1_41' title='bbox 566 1143 782 1203; x_wconf 90' lang='lat' dir='ltr'>Portuensem</span> <span class='ocrx_word' id='word_1_42' title='bbox 797 1143 933 1217; x_wconf 90' lang='lat' dir='ltr'>propter</span> <span class='ocrx_word' id='word_1_43' title='bbox 943 1141 1121 1202; x_wconf 89' lang='lat' dir='ltr'>contuma-</span> 
     </span>
     <span class='ocr_line' id='line_1_10' title="bbox 329 1237 1123 1314; baseline -0.004 -13"><span class='ocrx_word' id='word_1_44' title='bbox 329 1241 416 1302; x_wconf 88' lang='lat' dir='ltr'>ciam</span> <span class='ocrx_word' id='word_1_45' title='bbox 431 1240 705 1310; x_wconf 80' lang='lat' dir='ltr'>excommunicet,</span> <span class='ocrx_word' id='word_1_46' title='bbox 735 1237 789 1299; x_wconf 91' lang='lat' dir='ltr'>vel</span> <span class='ocrx_word' id='word_1_47' title='bbox 813 1238 1003 1314; x_wconf 90' lang='lat' dir='ltr'>suspendat,</span> <span class='ocrx_word' id='word_1_48' title='bbox 1025 1237 1123 1313; x_wconf 91' lang='lat' dir='ltr'>prout</span> 
     </span>
     <span class='ocr_line' id='line_1_11' title="bbox 326 1335 1123 1413; baseline -0.006 -14"><span class='ocrx_word' id='word_1_49' title='bbox 326 1337 449 1400; x_wconf 90' lang='lat' dir='ltr'>viderit</span> <span class='ocrx_word' id='word_1_50' title='bbox 463 1337 624 1413; x_wconf 88' lang='lat' dir='ltr'>expediri.</span> <span class='ocrx_word' id='word_1_51' title='bbox 639 1339 778 1397; x_wconf 88' lang='lat' dir='ltr'>Domum</span> <span class='ocrx_word' id='word_1_52' title='bbox 790 1337 913 1408; x_wconf 89' lang='lat' dir='ltr'>autem,</span> <span class='ocrx_word' id='word_1_53' title='bbox 930 1335 963 1396; x_wconf 90' lang='lat' dir='ltr'>et</span> <span class='ocrx_word' id='word_1_54' title='bbox 977 1349 1123 1396; x_wconf 89' lang='lat' dir='ltr'>conven-</span> 
     </span>
    </p>
   </div>
   <div class='ocr_carea' id='block_1_3' title="bbox 324 1431 1122 2852">
    <p class='ocr_par' dir='ltr' id='par_1_3' title="bbox 324 1431 1122 2852">
     <span class='ocr_line' id='line_1_12' title="bbox 326 1431 1122 1509; baseline -0.008 -12"><span class='ocrx_word' id='word_1_55' title='bbox 326 1436 409 1507; x_wconf 89' lang='lat' dir='ltr'>tum,</span> <span class='ocrx_word' id='word_1_56' title='bbox 432 1449 493 1496; x_wconf 90' lang='lat' dir='ltr'>neo</span> <span class='ocrx_word' id='word_1_57' title='bbox 519 1433 708 1504; x_wconf 90' lang='lat' dir='ltr'>interdicto,</span> <span class='ocrx_word' id='word_1_58' title='bbox 732 1449 794 1494; x_wconf 92' lang='lat' dir='ltr'>nec</span> <span class='ocrx_word' id='word_1_59' title='bbox 816 1431 1038 1509; x_wconf 87' lang='lat' dir='ltr'>suspensioni,</span> <span class='ocrx_word' id='word_1_60' title='bbox 1061 1447 1122 1493; x_wconf 90' lang='lat' dir='ltr'>nec</span> 
     </span>
     <span class='ocr_line' id='line_1_13' title="bbox 326 1526 1121 1604; baseline -0.006 -13"><span class='ocrx_word' id='word_1_61' title='bbox 326 1528 661 1592; x_wconf 82' lang='lat' dir='ltr'>excommunicationi</span> <span class='ocrx_word' id='word_1_62' title='bbox 693 1529 872 1604; x_wconf 87' lang='lat' dir='ltr'>supponat,</span> <span class='ocrx_word' id='word_1_63' title='bbox 907 1527 974 1587; x_wconf 89' lang='lat' dir='ltr'>nisi</span> <span class='ocrx_word' id='word_1_64' title='bbox 1007 1526 1121 1587; x_wconf 83' lang='lat' dir='ltr'>forsan</span> 
     </span>
     <span class='ocr_line' id='line_1_14' title="bbox 326 1623 1122 1702; baseline -0.005 -14"><span class='ocrx_word' id='word_1_65' title='bbox 326 1642 441 1688; x_wconf 90' lang='lat' dir='ltr'>eorum</span> <span class='ocrx_word' id='word_1_66' title='bbox 458 1627 585 1688; x_wconf 89' lang='lat' dir='ltr'>malitia</span> <span class='ocrx_word' id='word_1_67' title='bbox 601 1627 703 1702; x_wconf 89' lang='lat' dir='ltr'>prior,</span> <span class='ocrx_word' id='word_1_68' title='bbox 720 1627 753 1686; x_wconf 89' lang='lat' dir='ltr'>et</span> <span class='ocrx_word' id='word_1_69' title='bbox 770 1625 927 1702; x_wconf 87' lang='lat' dir='ltr'>syndicus</span> <span class='ocrx_word' id='word_1_70' title='bbox 950 1625 986 1685; x_wconf 93' lang='lat' dir='ltr'>in</span> <span class='ocrx_word' id='word_1_71' title='bbox 1002 1623 1122 1686; x_wconf 89' lang='lat' dir='ltr'>contu-</span> 
     </span>
     <span class='ocr_line' id='line_1_15' title="bbox 326 1722 1121 1798; baseline -0.003 -14"><span class='ocrx_word' id='word_1_72' title='bbox 326 1724 443 1785; x_wconf 88' lang='lat' dir='ltr'>maciae</span> <span class='ocrx_word' id='word_1_73' title='bbox 460 1739 528 1785; x_wconf 90' lang='lat' dir='ltr'>suae</span> <span class='ocrx_word' id='word_1_74' title='bbox 541 1723 726 1784; x_wconf 88' lang='lat' dir='ltr'>rebellione</span> <span class='ocrx_word' id='word_1_75' title='bbox 742 1723 933 1798; x_wconf 85' lang='lat' dir='ltr'>persistant,</span> <span class='ocrx_word' id='word_1_76' title='bbox 951 1722 983 1783; x_wconf 93' lang='lat' dir='ltr'>et</span> <span class='ocrx_word' id='word_1_77' title='bbox 994 1722 1072 1782; x_wconf 91' lang='lat' dir='ltr'>tunc</span> <span class='ocrx_word' id='word_1_78' title='bbox 1087 1722 1121 1782; x_wconf 94' lang='lat' dir='ltr'>in</span> 
     </span>
     <span class='ocr_line' id='line_1_16' title="bbox 327 1819 1120 1897; baseline -0.004 -15"><span class='ocrx_word' id='word_1_79' title='bbox 327 1837 384 1882; x_wconf 90' lang='lat' dir='ltr'>eos</span> <span class='ocrx_word' id='word_1_80' title='bbox 398 1822 639 1892; x_wconf 89' lang='lat' dir='ltr'>tantummodo,</span> <span class='ocrx_word' id='word_1_81' title='bbox 657 1835 739 1897; x_wconf 87' lang='lat' dir='ltr'>quos</span> <span class='ocrx_word' id='word_1_82' title='bbox 759 1835 859 1896; x_wconf 90' lang='lat' dir='ltr'>super</span> <span class='ocrx_word' id='word_1_83' title='bbox 883 1820 946 1880; x_wconf 90' lang='lat' dir='ltr'>boc</span> <span class='ocrx_word' id='word_1_84' title='bbox 966 1819 1000 1880; x_wconf 95' lang='lat' dir='ltr'>in</span> <span class='ocrx_word' id='word_1_85' title='bbox 1024 1819 1120 1895; x_wconf 86' lang='lat' dir='ltr'>culpa</span> 
     </span>
     <span class='ocr_line' id='line_1_17' title="bbox 325 1917 1120 1996; baseline -0.003 -18"><span class='ocrx_word' id='word_1_86' title='bbox 325 1919 471 1996; x_wconf 88' lang='lat' dir='ltr'>reperiet</span> <span class='ocrx_word' id='word_1_87' title='bbox 486 1917 674 1996; x_wconf 77' lang='lat' dir='ltr'>hansmodi</span> <span class='ocrx_word' id='word_1_88' title='bbox 689 1917 802 1978; x_wconf 90' lang='lat' dir='ltr'>valeat</span> <span class='ocrx_word' id='word_1_89' title='bbox 823 1931 981 1976; x_wconf 82' lang='lat' dir='ltr'>exercere</span> <span class='ocrx_word' id='word_1_90' title='bbox 996 1932 1120 1976; x_wconf 92' lang='lat' dir='ltr'>censu-</span> 
     </span>
     <span class='ocr_line' id='line_1_18' title="bbox 325 2013 1122 2090; baseline -0.003 -14"><span class='ocrx_word' id='word_1_91' title='bbox 325 2030 409 2076; x_wconf 92' lang='lat' dir='ltr'>ram.</span> <span class='ocrx_word' id='word_1_92' title='bbox 435 2015 527 2075; x_wconf 91' lang='lat' dir='ltr'>Nulli</span> <span class='ocrx_word' id='word_1_93' title='bbox 552 2030 632 2090; x_wconf 90' lang='lat' dir='ltr'>ergo</span> <span class='ocrx_word' id='word_1_94' title='bbox 660 2014 796 2075; x_wconf 91' lang='lat' dir='ltr'>omnino</span> <span class='ocrx_word' id='word_1_95' title='bbox 823 2013 994 2073; x_wconf 89' lang='lat' dir='ltr'>bominum</span> <span class='ocrx_word' id='word_1_96' title='bbox 1021 2014 1122 2074; x_wconf 91' lang='lat' dir='ltr'>liceat</span> 
     </span>
     <span class='ocr_line' id='line_1_19' title="bbox 326 2110 1122 2188; baseline -0.003 -16"><span class='ocrx_word' id='word_1_97' title='bbox 326 2112 413 2172; x_wconf 90' lang='lat' dir='ltr'>banc</span> <span class='ocrx_word' id='word_1_98' title='bbox 428 2113 584 2188; x_wconf 89' lang='lat' dir='ltr'>paginam</span> <span class='ocrx_word' id='word_1_99' title='bbox 598 2111 721 2173; x_wconf 83' lang='lat' dir='ltr'>nostrae</span> <span class='ocrx_word' id='word_1_100' title='bbox 735 2110 997 2172; x_wconf 86' lang='lat' dir='ltr'>confirmationis</span> <span class='ocrx_word' id='word_1_101' title='bbox 1009 2110 1122 2186; x_wconf 90' lang='lat' dir='ltr'>etpro-</span> 
     </span>
     <span class='ocr_line' id='line_1_20' title="bbox 324 2209 1120 2285; baseline 0 -15"><span class='ocrx_word' id='word_1_102' title='bbox 324 2209 464 2271; x_wconf 89' lang='lat' dir='ltr'>visionis</span> <span class='ocrx_word' id='word_1_103' title='bbox 477 2211 672 2285; x_wconf 84' lang='lat' dir='ltr'>intringere,</span> <span class='ocrx_word' id='word_1_104' title='bbox 691 2210 746 2271; x_wconf 91' lang='lat' dir='ltr'>vel</span> <span class='ocrx_word' id='word_1_105' title='bbox 767 2211 799 2270; x_wconf 92' lang='lat' dir='ltr'>ei</span> <span class='ocrx_word' id='word_1_106' title='bbox 826 2225 910 2270; x_wconf 89' lang='lat' dir='ltr'>ausu</span> <span class='ocrx_word' id='word_1_107' title='bbox 940 2209 1120 2270; x_wconf 90' lang='lat' dir='ltr'>temerario</span> 
     </span>
     <span class='ocr_line' id='line_1_21' title="bbox 325 2303 1120 2380; baseline 0 -16"><span class='ocrx_word' id='word_1_108' title='bbox 325 2305 504 2365; x_wconf 88' lang='lat' dir='ltr'>contraire.</span> <span class='ocrx_word' id='word_1_109' title='bbox 519 2305 554 2365; x_wconf 88' lang='lat' dir='ltr'>si</span> <span class='ocrx_word' id='word_1_110' title='bbox 569 2305 763 2380; x_wconf 82' lang='lat' dir='ltr'>pulsantem</span> <span class='ocrx_word' id='word_1_111' title='bbox 776 2303 839 2364; x_wconf 89' lang='lat' dir='ltr'>boc</span> <span class='ocrx_word' id='word_1_112' title='bbox 851 2305 1015 2364; x_wconf 89' lang='lat' dir='ltr'>altentare</span> <span class='ocrx_word' id='word_1_113' title='bbox 1029 2319 1120 2380; x_wconf 88' lang='lat' dir='ltr'>prae-</span> 
     </span>
     <span class='ocr_line' id='line_1_22' title="bbox 325 2400 1119 2477; baseline -0.003 -15"><span class='ocrx_word' id='word_1_114' title='bbox 325 2401 514 2477; x_wconf 90' lang='lat' dir='ltr'>sumpserit,</span> <span class='ocrx_word' id='word_1_115' title='bbox 532 2400 792 2476; x_wconf 85' lang='lat' dir='ltr'>indignationem</span> <span class='ocrx_word' id='word_1_116' title='bbox 808 2401 1043 2476; x_wconf 88' lang='lat' dir='ltr'>omnipotentis</span> <span class='ocrx_word' id='word_1_117' title='bbox 1059 2401 1119 2461; x_wconf 91' lang='lat' dir='ltr'>Dei</span> 
     </span>
     <span class='ocr_line' id='line_1_23' title="bbox 325 2498 1119 2577; baseline -0.004 -16"><span class='ocrx_word' id='word_1_118' title='bbox 325 2499 360 2561; x_wconf 93' lang='lat' dir='ltr'>et</span> <span class='ocrx_word' id='word_1_119' title='bbox 373 2498 545 2560; x_wconf 91' lang='lat' dir='ltr'>beatorum</span> <span class='ocrx_word' id='word_1_120' title='bbox 555 2499 646 2559; x_wconf 89' lang='lat' dir='ltr'>Petri</span> <span class='ocrx_word' id='word_1_121' title='bbox 661 2499 693 2560; x_wconf 91' lang='lat' dir='ltr'>et</span> <span class='ocrx_word' id='word_1_122' title='bbox 704 2499 799 2559; x_wconf 86' lang='lat' dir='ltr'>Pauli</span> <span class='ocrx_word' id='word_1_123' title='bbox 811 2499 1036 2573; x_wconf 89' lang='lat' dir='ltr'>apostolorum</span> <span class='ocrx_word' id='word_1_124' title='bbox 1046 2503 1119 2577; x_wconf 87' lang='lat' dir='ltr'>ejus</span> 
     </span>
     <span class='ocr_line' id='line_1_24' title="bbox 328 2595 1117 2667; baseline -0.003 -10"><span class='ocrx_word' id='word_1_125' title='bbox 328 2611 364 2658; x_wconf 83' lang='lat' dir='ltr'>se</span> <span class='ocrx_word' id='word_1_126' title='bbox 385 2596 516 2657; x_wconf 89' lang='lat' dir='ltr'>noverit</span> <span class='ocrx_word' id='word_1_127' title='bbox 549 2596 772 2656; x_wconf 88' lang='lat' dir='ltr'>incursurum.</span> <span class='ocrx_word' id='word_1_128' title='bbox 804 2597 922 2657; x_wconf 90' lang='lat' dir='ltr'>Datum</span> <span class='ocrx_word' id='word_1_129' title='bbox 949 2595 1117 2667; x_wconf 86' lang='lat' dir='ltr'>Laterani,</span> 
     </span>
     <span class='ocr_line' id='line_1_25' title="bbox 327 2692 1121 2769; baseline -0.001 -15"><span class='ocrx_word' id='word_1_130' title='bbox 327 2695 357 2754; x_wconf 95' lang='lat' dir='ltr'>II</span> <span class='ocrx_word' id='word_1_131' title='bbox 372 2693 446 2753; x_wconf 91' lang='lat' dir='ltr'>idus</span> <span class='ocrx_word' id='word_1_132' title='bbox 473 2692 643 2766; x_wconf 78' lang='lat' dir='ltr'>februarii,</span> <span class='ocrx_word' id='word_1_133' title='bbox 673 2693 884 2769; x_wconf 86' lang='lat' dir='ltr'>pontificatus</span> <span class='ocrx_word' id='word_1_134' title='bbox 902 2692 1007 2754; x_wconf 91' lang='lat' dir='ltr'>nostri</span> <span class='ocrx_word' id='word_1_135' title='bbox 1033 2708 1121 2754; x_wconf 90' lang='lat' dir='ltr'>anno</span> 
     </span>
     <span class='ocr_line' id='line_1_26' title="bbox 328 2793 457 2852; baseline 0.016 -2"><span class='ocrx_word' id='word_1_136' title='bbox 328 2793 457 2852; x_wconf 86' lang='lat' dir='ltr'>octavo.</span> 
     </span>
    </p>
   </div>
   <div class='ocr_carea' id='block_1_4' title="bbox 645 3032 806 3119">
    <p class='ocr_par' dir='ltr' id='par_1_4' title="bbox 645 3032 806 3119">
     <span class='ocr_line' id='line_1_27' title="bbox 645 3032 806 3119; baseline 0 0"><span class='ocrx_word' id='word_1_137' title='bbox 645 3032 806 3119; x_wconf 78' lang='lat' dir='ltr'>CXXIII</span> 
     </span>
    </p>
   </div>
   <div class='ocr_carea' id='block_1_5' title="bbox 393 3183 1054 3351">
    <p class='ocr_par' dir='ltr' id='par_1_5' title="bbox 393 3183 1054 3351">
     <span class='ocr_line' id='line_1_28' title="bbox 393 3183 1054 3254; baseline 0 -12"><span class='ocrx_word' id='word_1_138' title='bbox 393 3185 445 3243; x_wconf 82' lang='lat' dir='ltr'>All</span> <span class='ocrx_word' id='word_1_139' title='bbox 455 3183 629 3242; x_wconf 77' lang='lat' dir='ltr'>Arldream</span> <span class='ocrx_word' id='word_1_140' title='bbox 645 3185 816 3254; x_wconf 72' lang='lat' dir='ltr'>punillam</span> <span class='ocrx_word' id='word_1_141' title='bbox 837 3183 1054 3243; x_wconf 81' lang='lat' dir='ltr'>Lundcascm</span> 
     </span>
     <span class='ocr_line' id='line_1_29' title="bbox 622 3281 822 3351; baseline -0.005 -13"><span class='ocrx_word' id='word_1_142' title='bbox 622 3281 822 3351; x_wconf 82' lang='lat' dir='ltr'>arolleplso.</span> 
     </span>
    </p>
   </div>
   <div class='ocr_carea' id='block_1_6' title="bbox 416 3409 1031 3598">
    <p class='ocr_par' dir='ltr' id='par_1_6' title="bbox 416 3409 1031 3598">
     <span class='ocr_line' id='line_1_30' title="bbox 589 3409 856 3468; baseline -0.011 -2"><span class='ocrx_word' id='word_1_143' title='bbox 589 3411 622 3466; x_wconf 77' lang='lat' dir='ltr'>lt</span> <span class='ocrx_word' id='word_1_144' title='bbox 633 3409 765 3466; x_wconf 77' lang='lat' dir='ltr'>februarii</span> <span class='ocrx_word' id='word_1_145' title='bbox 779 3410 856 3468; x_wconf 79' lang='grc'><strong>1111.</strong></span> 
     </span>
     <span class='ocr_line' id='line_1_31' title="bbox 416 3532 1031 3598; baseline 0 -14"><span class='ocrx_word' id='word_1_146' title='bbox 416 3532 560 3598; x_wconf 71' lang='lat' dir='ltr'>[Liljegrem</span> <span class='ocrx_word' id='word_1_147' title='bbox 573 3533 687 3584; x_wconf 84' lang='lat' dir='ltr'>Svcnslrt</span> <span class='ocrx_word' id='word_1_148' title='bbox 697 3533 815 3598; x_wconf 81' lang='lat' dir='ltr'>diplom,</span> <span class='ocrx_word' id='word_1_149' title='bbox 825 3535 845 3592; x_wconf 94' lang='lat' dir='ltr'>l,</span> <span class='ocrx_word' id='word_1_150' title='bbox 859 3533 914 3592; x_wconf 80' lang='grc'><strong>138,</strong></span> <span class='ocrx_word' id='word_1_151' title='bbox 923 3546 949 3582; x_wconf 90' lang='lat' dir='ltr'>n.</span> <span class='ocrx_word' id='word_1_152' title='bbox 962 3533 1031 3598; x_wconf 68' lang='grc'><strong>121]</strong></span> 
     </span>
    </p>
   </div>
   <div class='ocr_carea' id='block_1_7' title="bbox 324 3657 1121 4086">
    <p class='ocr_par' dir='ltr' id='par_1_7' title="bbox 324 3657 1121 4086">
     <span class='ocr_line' id='line_1_32' title="bbox 324 3657 1120 3730; baseline 0 -14"><span class='ocrx_word' id='word_1_153' title='bbox 324 3657 638 3730; x_wconf 82' lang='lat' dir='ltr'>Conceditpotestalem</span> <span class='ocrx_word' id='word_1_154' title='bbox 665 3657 831 3716; x_wconf 89' lang='lat' dir='ltr'>absolvendi</span> <span class='ocrx_word' id='word_1_155' title='bbox 854 3673 914 3726; x_wconf 90' lang='lat' dir='ltr'>eos,</span> <span class='ocrx_word' id='word_1_156' title='bbox 931 3658 979 3730; x_wconf 86' lang='lat' dir='ltr'>qui</span> <span class='ocrx_word' id='word_1_157' title='bbox 1007 3666 1073 3716; x_wconf 85' lang='lat' dir='ltr'>sunl</span> <span class='ocrx_word' id='word_1_158' title='bbox 1086 3657 1120 3716; x_wconf 90' lang='lat' dir='ltr'>de</span> 
     </span>
     <span class='ocr_line' id='line_1_33' title="bbox 361 3745 1121 3820; baseline 0.001 -17"><span class='ocrx_word' id='word_1_159' title='bbox 361 3745 424 3820; x_wconf 81' lang='lat' dir='ltr'>ejus</span> <span class='ocrx_word' id='word_1_160' title='bbox 442 3746 559 3820; x_wconf 89' lang='lat' dir='ltr'>speciali</span> <span class='ocrx_word' id='word_1_161' title='bbox 585 3745 691 3804; x_wconf 84' lang='lat' dir='ltr'>tamilla</span> <span class='ocrx_word' id='word_1_162' title='bbox 714 3753 742 3804; x_wconf 89' lang='lat' dir='ltr'>et</span> <span class='ocrx_word' id='word_1_163' title='bbox 767 3747 815 3817; x_wconf 83' lang='lat' dir='ltr'>qui</span> <span class='ocrx_word' id='word_1_164' title='bbox 834 3745 938 3803; x_wconf 87' lang='lat' dir='ltr'>londos</span> <span class='ocrx_word' id='word_1_165' title='bbox 962 3746 1121 3804; x_wconf 86' lang='lat' dir='ltr'>Lundensis</span> 
     </span>
     <span class='ocr_line' id='line_1_34' title="bbox 360 3833 1118 3908; baseline -0.001 -16"><span class='ocrx_word' id='word_1_166' title='bbox 360 3835 489 3892; x_wconf 78' lang='lat' dir='ltr'>ecclesie</span> <span class='ocrx_word' id='word_1_167' title='bbox 505 3849 555 3907; x_wconf 92' lang='lat' dir='ltr'>pro</span> <span class='ocrx_word' id='word_1_168' title='bbox 581 3833 642 3906; x_wconf 86' lang='lat' dir='ltr'>ejus</span> <span class='ocrx_word' id='word_1_169' title='bbox 661 3834 824 3906; x_wconf 86' lang='lat' dir='ltr'>provisione</span> <span class='ocrx_word' id='word_1_170' title='bbox 849 3835 1013 3908; x_wconf 86' lang='lat' dir='ltr'>assignatos</span> <span class='ocrx_word' id='word_1_171' title='bbox 1035 3835 1118 3891; x_wconf 89' lang='lat' dir='ltr'>inba-</span> 
     </span>
     <span class='ocr_line' id='line_1_35' title="bbox 359 3922 1121 3981; baseline 0 -1"><span class='ocrx_word' id='word_1_172' title='bbox 359 3922 450 3981; x_wconf 89' lang='lat' dir='ltr'>bilant</span> <span class='ocrx_word' id='word_1_173' title='bbox 464 3924 489 3980; x_wconf 86' lang='lat' dir='ltr'>si</span> <span class='ocrx_word' id='word_1_174' title='bbox 508 3922 579 3980; x_wconf 89' lang='lat' dir='ltr'>lorte</span> <span class='ocrx_word' id='word_1_175' title='bbox 601 3922 752 3980; x_wconf 89' lang='lat' dir='ltr'>inciderint</span> <span class='ocrx_word' id='word_1_176' title='bbox 766 3923 794 3978; x_wconf 92' lang='lat' dir='ltr'>in</span> <span class='ocrx_word' id='word_1_177' title='bbox 814 3936 955 3980; x_wconf 87' lang='lat' dir='ltr'>canonem</span> <span class='ocrx_word' id='word_1_178' title='bbox 970 3925 1121 3980; x_wconf 76' lang='lat' dir='ltr'>sententie</span> 
     </span>
     <span class='ocr_line' id='line_1_36' title="bbox 361 4013 561 4086; baseline -0.015 -17"><span class='ocrx_word' id='word_1_179' title='bbox 361 4013 561 4086; x_wconf 75' lang='lat' dir='ltr'>promulgate.</span> 
     </span>
    </p>
   </div>
   <div class='ocr_carea' id='block_1_8' title="bbox 322 4136 1122 5478">
    <p class='ocr_par' dir='ltr' id='par_1_8' title="bbox 324 4136 1121 4408">
     <span class='ocr_line' id='line_1_37' title="bbox 364 4136 1118 4214; baseline 0 -17"><span class='ocrx_word' id='word_1_180' title='bbox 364 4136 1118 4214; x_wconf 84' lang='lat' dir='ltr'>Honoriusepiscopus,servasservorumDei,</span> 
     </span>
     <span class='ocr_line' id='line_1_38' title="bbox 324 4234 1121 4310; baseline -0.001 -15"><span class='ocrx_word' id='word_1_181' title='bbox 324 4234 509 4295; x_wconf 85' lang='lat' dir='ltr'>venerabili</span> <span class='ocrx_word' id='word_1_182' title='bbox 524 4234 620 4294; x_wconf 84' lang='lat' dir='ltr'>fratri</span> <span class='ocrx_word' id='word_1_183' title='bbox 635 4238 686 4306; x_wconf 79' lang='lat' dir='ltr'>n,</span> <span class='ocrx_word' id='word_1_184' title='bbox 704 4235 870 4310; x_wconf 88' lang='lat' dir='ltr'>quondam</span> <span class='ocrx_word' id='word_1_185' title='bbox 881 4235 1049 4296; x_wconf 90' lang='lat' dir='ltr'>Lundensi</span> <span class='ocrx_word' id='word_1_186' title='bbox 1064 4249 1121 4294; x_wconf 90' lang='lat' dir='ltr'>ar-</span> 
     </span>
     <span class='ocr_line' id='line_1_39' title="bbox 324 4331 790 4408; baseline 0 -16"><span class='ocrx_word' id='word_1_187' title='bbox 324 4331 547 4408; x_wconf 89' lang='lat' dir='ltr'>chieplsoopo,</span> <span class='ocrx_word' id='word_1_188' title='bbox 560 4331 713 4402; x_wconf 90' lang='lat' dir='ltr'>salutem,</span> <span class='ocrx_word' id='word_1_189' title='bbox 727 4334 790 4393; x_wconf 90' lang='lat' dir='ltr'>eto.</span> 
     </span>
    </p>

    <p class='ocr_par' dir='ltr' id='par_1_9' title="bbox 322 4429 1122 5478">
     <span class='ocr_line' id='line_1_40' title="bbox 364 4429 1118 4505; baseline -0.003 -15"><span class='ocrx_word' id='word_1_190' title='bbox 364 4429 483 4490; x_wconf 90' lang='lat' dir='ltr'>Merita</span> <span class='ocrx_word' id='word_1_191' title='bbox 510 4429 575 4490; x_wconf 87' lang='lat' dir='ltr'>tuae</span> <span class='ocrx_word' id='word_1_192' title='bbox 599 4429 773 4505; x_wconf 87' lang='lat' dir='ltr'>probitatis</span> <span class='ocrx_word' id='word_1_193' title='bbox 796 4431 828 4491; x_wconf 89' lang='lat' dir='ltr'>et</span> <span class='ocrx_word' id='word_1_194' title='bbox 851 4429 1037 4490; x_wconf 88' lang='lat' dir='ltr'>honestatis</span> <span class='ocrx_word' id='word_1_195' title='bbox 1053 4444 1118 4488; x_wconf 83' lang='lat' dir='ltr'>ex-</span> 
     </span>
     <span class='ocr_line' id='line_1_41' title="bbox 324 4525 1120 4604; baseline -0.003 -17"><span class='ocrx_word' id='word_1_196' title='bbox 324 4526 474 4603; x_wconf 86' lang='lat' dir='ltr'>poscunt,</span> <span class='ocrx_word' id='word_1_197' title='bbox 504 4526 541 4588; x_wconf 92' lang='lat' dir='ltr'>ut</span> <span class='ocrx_word' id='word_1_198' title='bbox 570 4527 605 4586; x_wconf 92' lang='lat' dir='ltr'>in</span> <span class='ocrx_word' id='word_1_199' title='bbox 639 4527 757 4604; x_wconf 88' lang='lat' dir='ltr'>quibus</span> <span class='ocrx_word' id='word_1_200' title='bbox 791 4527 884 4588; x_wconf 90' lang='lat' dir='ltr'>salva</span> <span class='ocrx_word' id='word_1_201' title='bbox 914 4525 1120 4587; x_wconf 89' lang='lat' dir='ltr'>conscientia</span> 
     </span>
     <span class='ocr_line' id='line_1_42' title="bbox 323 4622 1121 4701; baseline -0.001 -16"><span class='ocrx_word' id='word_1_202' title='bbox 323 4640 499 4700; x_wconf 90' lang='lat' dir='ltr'>possumus</span> <span class='ocrx_word' id='word_1_203' title='bbox 514 4623 660 4685; x_wconf 81' lang='lat' dir='ltr'>savorem</span> <span class='ocrx_word' id='word_1_204' title='bbox 672 4625 732 4686; x_wconf 91' lang='lat' dir='ltr'>libi</span> <span class='ocrx_word' id='word_1_205' title='bbox 746 4623 974 4701; x_wconf 89' lang='lat' dir='ltr'>Apostolicnm</span> <span class='ocrx_word' id='word_1_206' title='bbox 990 4622 1121 4699; x_wconf 89' lang='lat' dir='ltr'>impen-</span> 
     </span>
     <span class='ocr_line' id='line_1_43' title="bbox 324 4719 1118 4798; baseline -0.004 -15"><span class='ocrx_word' id='word_1_207' title='bbox 324 4723 452 4783; x_wconf 83' lang='lat' dir='ltr'>damus</span> <span class='ocrx_word' id='word_1_208' title='bbox 476 4722 561 4782; x_wconf 91' lang='lat' dir='ltr'>Hinc</span> <span class='ocrx_word' id='word_1_209' title='bbox 585 4721 903 4798; x_wconf 84' lang='lat' dir='ltr'>estquodprecibus</span> <span class='ocrx_word' id='word_1_210' title='bbox 927 4720 994 4781; x_wconf 83' lang='lat' dir='ltr'>tals</span> <span class='ocrx_word' id='word_1_211' title='bbox 1019 4719 1118 4780; x_wconf 87' lang='lat' dir='ltr'>beni-</span> 
     </span>
     <span class='ocr_line' id='line_1_44' title="bbox 323 4815 1119 4895; baseline -0.005 -15"><span class='ocrx_word' id='word_1_212' title='bbox 323 4836 424 4895; x_wconf 88' lang='lat' dir='ltr'>gnum</span> <span class='ocrx_word' id='word_1_213' title='bbox 450 4819 677 4895; x_wconf 90' lang='lat' dir='ltr'>impertientes</span> <span class='ocrx_word' id='word_1_214' title='bbox 707 4833 894 4888; x_wconf 87' lang='lat' dir='ltr'>assensum,</span> <span class='ocrx_word' id='word_1_215' title='bbox 925 4815 1119 4878; x_wconf 88' lang='lat' dir='ltr'>absolvendi</span> 
     </span>
     <span class='ocr_line' id='line_1_45' title="bbox 323 4913 1120 4994; baseline -0.005 -16"><span class='ocrx_word' id='word_1_216' title='bbox 323 4917 451 4994; x_wconf 90' lang='lat' dir='ltr'>eosqui</span> <span class='ocrx_word' id='word_1_217' title='bbox 467 4918 544 4978; x_wconf 90' lang='lat' dir='ltr'>sunt</span> <span class='ocrx_word' id='word_1_218' title='bbox 559 4917 599 4976; x_wconf 92' lang='lat' dir='ltr'>de</span> <span class='ocrx_word' id='word_1_219' title='bbox 614 4918 672 4978; x_wconf 88' lang='lat' dir='ltr'>tua</span> <span class='ocrx_word' id='word_1_220' title='bbox 685 4914 823 4992; x_wconf 90' lang='lat' dir='ltr'>speciali</span> <span class='ocrx_word' id='word_1_221' title='bbox 843 4913 981 4986; x_wconf 80' lang='lat' dir='ltr'>familia,</span> <span class='ocrx_word' id='word_1_222' title='bbox 1006 4915 1039 4975; x_wconf 92' lang='lat' dir='ltr'>et</span> <span class='ocrx_word' id='word_1_223' title='bbox 1064 4915 1120 4990; x_wconf 89' lang='lat' dir='ltr'>qui</span> 
     </span>
     <span class='ocr_line' id='line_1_46' title="bbox 323 5011 1119 5088; baseline 0 -15"><span class='ocrx_word' id='word_1_224' title='bbox 323 5012 442 5075; x_wconf 79' lang='lat' dir='ltr'>fundos</span> <span class='ocrx_word' id='word_1_225' title='bbox 468 5014 654 5074; x_wconf 87' lang='lat' dir='ltr'>Lundensis</span> <span class='ocrx_word' id='word_1_226' title='bbox 674 5011 824 5074; x_wconf 87' lang='lat' dir='ltr'>ecclesiae</span> <span class='ocrx_word' id='word_1_227' title='bbox 841 5027 899 5088; x_wconf 93' lang='lat' dir='ltr'>pro</span> <span class='ocrx_word' id='word_1_228' title='bbox 921 5013 979 5073; x_wconf 91' lang='lat' dir='ltr'>tua</span> <span class='ocrx_word' id='word_1_229' title='bbox 1002 5011 1119 5087; x_wconf 92' lang='lat' dir='ltr'>provi·</span> 
     </span>
     <span class='ocr_line' id='line_1_47' title="bbox 323 5108 1122 5187; baseline -0.003 -15"><span class='ocrx_word' id='word_1_230' title='bbox 323 5113 416 5173; x_wconf 91' lang='lat' dir='ltr'>sione</span> <span class='ocrx_word' id='word_1_231' title='bbox 431 5111 490 5172; x_wconf 93' lang='lat' dir='ltr'>tibi</span> <span class='ocrx_word' id='word_1_232' title='bbox 501 5110 690 5187; x_wconf 86' lang='lat' dir='ltr'>assignatos</span> <span class='ocrx_word' id='word_1_233' title='bbox 704 5108 902 5181; x_wconf 90' lang='lat' dir='ltr'>inhabitant,</span> <span class='ocrx_word' id='word_1_234' title='bbox 919 5110 947 5169; x_wconf 91' lang='lat' dir='ltr'>si</span> <span class='ocrx_word' id='word_1_235' title='bbox 961 5108 1045 5171; x_wconf 83' lang='lat' dir='ltr'>torte</span> <span class='ocrx_word' id='word_1_236' title='bbox 1061 5110 1122 5170; x_wconf 92' lang='lat' dir='ltr'>ali·</span> 
     </span>
     <span class='ocr_line' id='line_1_48' title="bbox 323 5205 1120 5286; baseline -0.001 -18"><span class='ocrx_word' id='word_1_237' title='bbox 323 5209 454 5286; x_wconf 88' lang='lat' dir='ltr'>quando</span> <span class='ocrx_word' id='word_1_238' title='bbox 480 5208 659 5270; x_wconf 89' lang='lat' dir='ltr'>inciderint</span> <span class='ocrx_word' id='word_1_239' title='bbox 684 5207 718 5267; x_wconf 95' lang='lat' dir='ltr'>in</span> <span class='ocrx_word' id='word_1_240' title='bbox 759 5222 920 5267; x_wconf 91' lang='lat' dir='ltr'>canonem</span> <span class='ocrx_word' id='word_1_241' title='bbox 948 5205 1120 5268; x_wconf 70' lang='lat' dir='ltr'>sententiar</span> 
     </span>
     <span class='ocr_line' id='line_1_49' title="bbox 323 5305 1120 5383; baseline -0.004 -16"><span class='ocrx_word' id='word_1_242' title='bbox 323 5307 553 5383; x_wconf 85' lang='lat' dir='ltr'>promulgatae,</span> <span class='ocrx_word' id='word_1_243' title='bbox 566 5305 742 5366; x_wconf 90' lang='lat' dir='ltr'>dummodo</span> <span class='ocrx_word' id='word_1_244' title='bbox 757 5319 873 5364; x_wconf 89' lang='lat' dir='ltr'>eorum</span> <span class='ocrx_word' id='word_1_245' title='bbox 883 5319 1040 5364; x_wconf 84' lang='lat' dir='ltr'>excessus</span> <span class='ocrx_word' id='word_1_246' title='bbox 1055 5319 1120 5364; x_wconf 91' lang='lat' dir='ltr'>non</span> 
     </span>
     <span class='ocr_line' id='line_1_50' title="bbox 322 5401 1122 5478; baseline -0.003 -14"><span class='ocrx_word' id='word_1_247' title='bbox 322 5405 367 5465; x_wconf 91' lang='grc'>611</span> <span class='ocrx_word' id='word_1_248' title='bbox 378 5403 525 5465; x_wconf 81' lang='lat' dir='ltr'>difficilis</span> <span class='ocrx_word' id='word_1_249' title='bbox 541 5405 575 5464; x_wconf 90' lang='lat' dir='ltr'>et</span> <span class='ocrx_word' id='word_1_250' title='bbox 589 5402 751 5476; x_wconf 90' lang='lat' dir='ltr'>enormis;</span> <span class='ocrx_word' id='word_1_251' title='bbox 768 5403 801 5463; x_wconf 90' lang='lat' dir='ltr'>et</span> <span class='ocrx_word' id='word_1_252' title='bbox 819 5401 1030 5462; x_wconf 83' lang='lat' dir='ltr'>conserendis</span> <span class='ocrx_word' id='word_1_253' title='bbox 1045 5417 1122 5478; x_wconf 90' lang='lat' dir='ltr'>per-</span> 
     </span>
    </p>
   </div>
   <div class='ocr_carea' id='block_1_9' title="bbox 228 5482 1121 5562">
    <p class='ocr_par' dir='ltr' id='par_1_10' title="bbox 228 5482 1121 5562">
     <span class='ocr_line' id='line_1_51' title="bbox 228 5482 1121 5562; baseline -0.003 -1"><span class='ocrx_word' id='word_1_254' title='bbox 228 5482 232 5495; x_wconf 68' lang='lat'>&#39;</span> <span class='ocrx_word' id='word_1_255' title='bbox 323 5502 414 5562; x_wconf 77' lang='lat' dir='ltr'>sonIs</span> <span class='ocrx_word' id='word_1_256' title='bbox 429 5501 559 5562; x_wconf 91' lang='lat' dir='ltr'>idoneis</span> <span class='ocrx_word' id='word_1_257' title='bbox 569 5499 731 5561; x_wconf 85' lang='lat' dir='ltr'>beneficia</span> <span class='ocrx_word' id='word_1_258' title='bbox 742 5501 778 5560; x_wconf 93' lang='lat' dir='ltr'>in</span> <span class='ocrx_word' id='word_1_259' title='bbox 792 5499 890 5562; x_wconf 90' lang='lat' dir='ltr'>dictis</span> <span class='ocrx_word' id='word_1_260' title='bbox 908 5499 1020 5560; x_wconf 84' lang='lat' dir='ltr'>lundis</span> <span class='ocrx_word' id='word_1_261' title='bbox 1038 5515 1121 5560; x_wconf 90' lang='lat' dir='ltr'>con-</span> 
     </span>
    </p>
   </div>
   <div class='ocr_carea' id='block_1_10' title="bbox 320 5597 1122 5676">
    <p class='ocr_par' dir='ltr' id='par_1_11' title="bbox 320 5597 1122 5676">
     <span class='ocr_line' id='line_1_52' title="bbox 320 5597 1122 5676; baseline 0 -18"><span class='ocrx_word' id='word_1_262' title='bbox 320 5599 475 5660; x_wconf 89' lang='lat' dir='ltr'>sistentia</span> <span class='ocrx_word' id='word_1_263' title='bbox 507 5615 606 5676; x_wconf 87' lang='lat' dir='ltr'>quum</span> <span class='ocrx_word' id='word_1_264' title='bbox 636 5597 815 5668; x_wconf 89' lang='lat' dir='ltr'>vacabunt,</span> <span class='ocrx_word' id='word_1_265' title='bbox 839 5597 901 5658; x_wconf 90' lang='lat' dir='ltr'>tibi</span> <span class='ocrx_word' id='word_1_266' title='bbox 924 5597 1122 5660; x_wconf 89' lang='lat' dir='ltr'>auctoritate</span> 
     </span>
    </p>
   </div>
   <div class='ocr_carea' id='block_1_11' title="bbox 945 295 1358 362">
    <p class='ocr_par' dir='ltr' id='par_1_12' title="bbox 945 295 1358 362">
     <span class='ocr_line' id='line_1_53' title="bbox 945 295 1358 362; baseline -0.017 -2"><span class='ocrx_word' id='word_1_267' title='bbox 945 299 1122 362; x_wconf 90' lang='lat' dir='ltr'>HONORII</span> <span class='ocrx_word' id='word_1_268' title='bbox 1143 299 1188 358; x_wconf 89' lang='grc' dir='ltr'>ΙΙΙ</span> <span class='ocrx_word' id='word_1_269' title='bbox 1210 295 1358 357; x_wconf 81' lang='lat' dir='ltr'><strong>OPERA.</strong></span> 
     </span>
    </p>
   </div>
   <div class='ocr_carea' id='block_1_12' title="bbox 1913 285 1972 346">
    <p class='ocr_par' dir='ltr' id='par_1_13' title="bbox 1913 285 1972 346">
     <span class='ocr_line' id='line_1_54' title="bbox 1913 285 1972 346; baseline 0 0"><span class='ocrx_word' id='word_1_270' title='bbox 1913 285 1972 346; x_wconf 79' lang='lat'>530</span> 
     </span>
    </p>
   </div>
   <div class='ocr_carea' id='block_1_13' title="bbox 1176 444 1970 720">
    <p class='ocr_par' dir='ltr' id='par_1_14' title="bbox 1176 444 1970 720">
     <span class='ocr_line' id='line_1_55' title="bbox 1176 444 1970 532; baseline -0.016 -15"><span class='ocrx_word' id='word_1_271' title='bbox 1176 453 1391 532; x_wconf 86' lang='lat' dir='ltr'>praesentium</span> <span class='ocrx_word' id='word_1_272' title='bbox 1410 447 1622 512; x_wconf 89' lang='lat' dir='ltr'>concedimus</span> <span class='ocrx_word' id='word_1_273' title='bbox 1641 447 1847 524; x_wconf 88' lang='lat' dir='ltr'>potestatem.</span> <span class='ocrx_word' id='word_1_274' title='bbox 1878 444 1970 506; x_wconf 88' lang='lat' dir='ltr'>Nulli</span> 
     </span>
     <span class='ocr_line' id='line_1_56' title="bbox 1177 543 1970 628; baseline -0.013 -15"><span class='ocrx_word' id='word_1_275' title='bbox 1177 568 1267 628; x_wconf 88' lang='lat' dir='ltr'>ergo,</span> <span class='ocrx_word' id='word_1_276' title='bbox 1295 552 1357 612; x_wconf 90' lang='lat' dir='ltr'>etc.</span> <span class='ocrx_word' id='word_1_277' title='bbox 1376 550 1410 609; x_wconf 91' lang='lat' dir='ltr'>Si</span> <span class='ocrx_word' id='word_1_278' title='bbox 1426 547 1500 625; x_wconf 86' lang='lat' dir='ltr'>quis</span> <span class='ocrx_word' id='word_1_279' title='bbox 1515 548 1636 618; x_wconf 88' lang='lat' dir='ltr'>autem,</span> <span class='ocrx_word' id='word_1_280' title='bbox 1653 545 1850 606; x_wconf 74' lang='lat' dir='ltr'>elebatum</span> <span class='ocrx_word' id='word_1_281' title='bbox 1868 543 1970 604; x_wconf 90' lang='lat' dir='ltr'>Late-</span> 
     </span>
     <span class='ocr_line' id='line_1_57' title="bbox 1176 643 1875 720; baseline -0.011 -11"><span class='ocrx_word' id='word_1_282' title='bbox 1176 650 1262 720; x_wconf 90' lang='lat' dir='ltr'>rani,</span> <span class='ocrx_word' id='word_1_283' title='bbox 1280 651 1339 708; x_wconf 89' lang='lat' dir='ltr'>XV</span> <span class='ocrx_word' id='word_1_284' title='bbox 1363 645 1524 708; x_wconf 89' lang='lat' dir='ltr'>kalendas</span> <span class='ocrx_word' id='word_1_285' title='bbox 1537 644 1629 711; x_wconf 89' lang='lat' dir='ltr'>maii,</span> <span class='ocrx_word' id='word_1_286' title='bbox 1646 658 1734 704; x_wconf 91' lang='lat' dir='ltr'>anno</span> <span class='ocrx_word' id='word_1_287' title='bbox 1747 643 1875 703; x_wconf 91' lang='lat' dir='ltr'>octavo.</span> 
     </span>
    </p>
   </div>
   <div class='ocr_carea' id='block_1_14' title="bbox 1496 919 1653 1006">
    <p class='ocr_par' dir='ltr' id='par_1_15' title="bbox 1496 919 1653 1006">
     <span class='ocr_line' id='line_1_58' title="bbox 1496 919 1653 1006; baseline -0.013 0"><span class='ocrx_word' id='word_1_288' title='bbox 1496 919 1653 1006; x_wconf 84' lang='lat' dir='ltr'>CXXIV</span> 
     </span>
    </p>
   </div>
   <div class='ocr_carea' id='block_1_15' title="bbox 1302 1073 1843 1148">
    <p class='ocr_par' dir='ltr' id='par_1_16' title="bbox 1302 1073 1843 1148">
     <span class='ocr_line' id='line_1_59' title="bbox 1302 1073 1843 1148; baseline -0.013 -14"><span class='ocrx_word' id='word_1_289' title='bbox 1302 1075 1354 1134; x_wconf 82' lang='lat' dir='ltr'>All</span> <span class='ocrx_word' id='word_1_290' title='bbox 1363 1075 1522 1148; x_wconf 82' lang='lat' dir='ltr'>prlorcrn</span> <span class='ocrx_word' id='word_1_291' title='bbox 1541 1073 1843 1134; x_wconf 78' lang='lat' dir='ltr'>camaldulensem.</span> 
     </span>
    </p>
   </div>
   <div class='ocr_carea' id='block_1_16' title="bbox 1254 1200 1894 1390">
    <p class='ocr_par' dir='ltr' id='par_1_17' title="bbox 1254 1200 1894 1390">
     <span class='ocr_line' id='line_1_60' title="bbox 1436 1200 1710 1260; baseline 0 -2"><span class='ocrx_word' id='word_1_292' title='bbox 1436 1202 1470 1259; x_wconf 90' lang='grc'>16</span> <span class='ocrx_word' id='word_1_293' title='bbox 1482 1200 1616 1260; x_wconf 89' lang='lat' dir='ltr'>lebruarii</span> <span class='ocrx_word' id='word_1_294' title='bbox 1632 1201 1710 1258; x_wconf 77' lang='lat' dir='ltr'>tall.</span> 
     </span>
     <span class='ocr_line' id='line_1_61' title="bbox 1254 1321 1894 1390; baseline -0.006 -14"><span class='ocrx_word' id='word_1_295' title='bbox 1254 1325 1407 1390; x_wconf 82' lang='lat' dir='ltr'>[blitterolli,</span> <span class='ocrx_word' id='word_1_296' title='bbox 1421 1326 1514 1377; x_wconf 79' lang='lat' dir='ltr'>Annei.</span> <span class='ocrx_word' id='word_1_297' title='bbox 1525 1324 1678 1383; x_wconf 73' lang='lat' dir='ltr'>camaldul„</span> <span class='ocrx_word' id='word_1_298' title='bbox 1693 1325 1736 1384; x_wconf 85' lang='lat' dir='ltr'>lv,</span> <span class='ocrx_word' id='word_1_299' title='bbox 1753 1338 1811 1389; x_wconf 85' lang='lat' dir='ltr'>app.</span> <span class='ocrx_word' id='word_1_300' title='bbox 1826 1321 1894 1386; x_wconf 68' lang='lat' dir='ltr'>cm]</span> 
     </span>
    </p>
   </div>
   <div class='ocr_carea' id='block_1_17' title="bbox 1195 1447 1954 1612">
    <p class='ocr_par' dir='ltr' id='par_1_18' title="bbox 1195 1447 1954 1612">
     <span class='ocr_line' id='line_1_62' title="bbox 1195 1447 1954 1524; baseline -0.007 -14"><span class='ocrx_word' id='word_1_301' title='bbox 1195 1452 1307 1510; x_wconf 85' lang='lat' dir='ltr'>Litterae</span> <span class='ocrx_word' id='word_1_302' title='bbox 1318 1451 1404 1524; x_wconf 82' lang='lat' dir='ltr'>priori</span> <span class='ocrx_word' id='word_1_303' title='bbox 1419 1452 1630 1511; x_wconf 81' lang='lat' dir='ltr'>camaldulensi</span> <span class='ocrx_word' id='word_1_304' title='bbox 1643 1465 1694 1523; x_wconf 93' lang='lat' dir='ltr'>pro</span> <span class='ocrx_word' id='word_1_305' title='bbox 1707 1447 1841 1510; x_wconf 83' lang='lat' dir='ltr'>llattbaeo</span> <span class='ocrx_word' id='word_1_306' title='bbox 1852 1447 1954 1506; x_wconf 87' lang='lat' dir='ltr'>abbate</span> 
     </span>
     <span class='ocr_line' id='line_1_63' title="bbox 1449 1539 1698 1612; baseline -0.008 -14"><span class='ocrx_word' id='word_1_307' title='bbox 1449 1539 1698 1612; x_wconf 78' lang='lat' dir='ltr'>berardingorum.</span> 
     </span>
    </p>
   </div>
   <div class='ocr_carea' id='block_1_18' title="bbox 1175 1655 1973 3390">
    <p class='ocr_par' dir='ltr' id='par_1_19' title="bbox 1176 1655 1973 1929">
     <span class='ocr_line' id='line_1_64' title="bbox 1216 1655 1971 1735; baseline -0.004 -16"><span class='ocrx_word' id='word_1_308' title='bbox 1216 1659 1384 1720; x_wconf 86' lang='lat' dir='ltr'>Honorius</span> <span class='ocrx_word' id='word_1_309' title='bbox 1395 1657 1581 1735; x_wconf 88' lang='lat' dir='ltr'>episcopus,</span> <span class='ocrx_word' id='word_1_310' title='bbox 1593 1655 1971 1727; x_wconf 88' lang='lat' dir='ltr'>servusservorumDei,</span> 
     </span>
     <span class='ocr_line' id='line_1_65' title="bbox 1177 1752 1973 1832; baseline -0.004 -18"><span class='ocrx_word' id='word_1_311' title='bbox 1177 1755 1297 1816; x_wconf 90' lang='lat' dir='ltr'>dilecto</span> <span class='ocrx_word' id='word_1_312' title='bbox 1313 1755 1418 1815; x_wconf 89' lang='lat' dir='ltr'>tilio...</span> <span class='ocrx_word' id='word_1_313' title='bbox 1434 1755 1539 1832; x_wconf 91' lang='lat' dir='ltr'>priori</span> <span class='ocrx_word' id='word_1_314' title='bbox 1559 1753 1816 1821; x_wconf 80' lang='lat' dir='ltr'>camaldulensi,</span> <span class='ocrx_word' id='word_1_315' title='bbox 1831 1752 1973 1813; x_wconf 90' lang='lat' dir='ltr'>salutern</span> 
     </span>
     <span class='ocr_line' id='line_1_66' title="bbox 1176 1851 1733 1929; baseline -0.005 -16"><span class='ocrx_word' id='word_1_316' title='bbox 1176 1852 1440 1929; x_wconf 83' lang='lat' dir='ltr'>etApostolicam</span> <span class='ocrx_word' id='word_1_317' title='bbox 1456 1851 1733 1913; x_wconf 89' lang='lat' dir='ltr'>benedictionem.</span> 
     </span>
    </p>

    <p class='ocr_par' dir='ltr' id='par_1_20' title="bbox 1175 1946 1973 3390">
     <span class='ocr_line' id='line_1_67' title="bbox 1217 1946 1972 2026; baseline -0.003 -18"><span class='ocrx_word' id='word_1_318' title='bbox 1217 1953 1324 2021; x_wconf 87' lang='lat' dir='ltr'>Quum</span> <span class='ocrx_word' id='word_1_319' title='bbox 1348 1965 1456 2026; x_wconf 90' lang='lat' dir='ltr'>nuper</span> <span class='ocrx_word' id='word_1_320' title='bbox 1475 1949 1677 2010; x_wconf 90' lang='lat' dir='ltr'>monasterio</span> <span class='ocrx_word' id='word_1_321' title='bbox 1701 1947 1857 2009; x_wconf 86' lang='lat' dir='ltr'>Albaren.</span> <span class='ocrx_word' id='word_1_322' title='bbox 1884 1946 1972 2022; x_wconf 90' lang='lat' dir='ltr'>quod</span> 
     </span>
     <span class='ocr_line' id='line_1_68' title="bbox 1176 2043 1970 2122; baseline -0.004 -16"><span class='ocrx_word' id='word_1_323' title='bbox 1176 2043 1414 2108; x_wconf 83' lang='lat' dir='ltr'>adRomanam</span> <span class='ocrx_word' id='word_1_324' title='bbox 1430 2047 1611 2108; x_wconf 90' lang='lat' dir='ltr'>Ecclesiam</span> <span class='ocrx_word' id='word_1_325' title='bbox 1626 2046 1719 2106; x_wconf 90' lang='lat' dir='ltr'>nullo</span> <span class='ocrx_word' id='word_1_326' title='bbox 1734 2045 1877 2122; x_wconf 91' lang='lat' dir='ltr'>pertinet</span> <span class='ocrx_word' id='word_1_327' title='bbox 1896 2059 1970 2104; x_wconf 90' lang='lat' dir='ltr'>me-</span> 
     </span>
     <span class='ocr_line' id='line_1_69' title="bbox 1176 2141 1973 2220; baseline -0.003 -17"><span class='ocrx_word' id='word_1_328' title='bbox 1176 2143 1299 2214; x_wconf 90' lang='lat' dir='ltr'>diante,</span> <span class='ocrx_word' id='word_1_329' title='bbox 1316 2145 1458 2220; x_wconf 91' lang='lat' dir='ltr'>pastoris</span> <span class='ocrx_word' id='word_1_330' title='bbox 1472 2144 1590 2204; x_wconf 90' lang='lat' dir='ltr'>solatio</span> <span class='ocrx_word' id='word_1_331' title='bbox 1602 2143 1771 2214; x_wconf 88' lang='lat' dir='ltr'>destituto,</span> <span class='ocrx_word' id='word_1_332' title='bbox 1784 2141 1896 2203; x_wconf 90' lang='lat' dir='ltr'>dilecti</span> <span class='ocrx_word' id='word_1_333' title='bbox 1910 2141 1973 2201; x_wconf 87' lang='lat' dir='ltr'>nlii</span> 
     </span>
     <span class='ocr_line' id='line_1_70' title="bbox 1176 2239 1971 2319; baseline -0.003 -19"><span class='ocrx_word' id='word_1_334' title='bbox 1176 2242 1357 2301; x_wconf 88' lang='lat' dir='ltr'>conventus</span> <span class='ocrx_word' id='word_1_335' title='bbox 1371 2241 1519 2319; x_wconf 88' lang='lat' dir='ltr'>ejusdem</span> <span class='ocrx_word' id='word_1_336' title='bbox 1530 2241 1724 2304; x_wconf 89' lang='lat' dir='ltr'>monasterii</span> <span class='ocrx_word' id='word_1_337' title='bbox 1736 2239 1971 2302; x_wconf 88' lang='lat' dir='ltr'>convenientes</span> 
     </span>
     <span class='ocr_line' id='line_1_71' title="bbox 1176 2337 1969 2415; baseline 0 -18"><span class='ocrx_word' id='word_1_338' title='bbox 1176 2338 1210 2398; x_wconf 90' lang='lat' dir='ltr'>in</span> <span class='ocrx_word' id='word_1_339' title='bbox 1232 2354 1345 2411; x_wconf 92' lang='lat' dir='ltr'>unum,</span> <span class='ocrx_word' id='word_1_340' title='bbox 1374 2339 1528 2400; x_wconf 89' lang='lat' dir='ltr'>invocata</span> <span class='ocrx_word' id='word_1_341' title='bbox 1553 2338 1695 2415; x_wconf 84' lang='lat' dir='ltr'>Spiritus</span> <span class='ocrx_word' id='word_1_342' title='bbox 1721 2339 1833 2399; x_wconf 87' lang='lat' dir='ltr'>Sancti</span> <span class='ocrx_word' id='word_1_343' title='bbox 1848 2337 1969 2414; x_wconf 88' lang='lat' dir='ltr'>gratia,</span> 
     </span>
     <span class='ocr_line' id='line_1_72' title="bbox 1176 2434 1970 2497; baseline 0.004 -4"><span class='ocrx_word' id='word_1_344' title='bbox 1176 2434 1331 2497; x_wconf 89' lang='lat' dir='ltr'>dilectum</span> <span class='ocrx_word' id='word_1_345' title='bbox 1356 2436 1498 2496; x_wconf 81' lang='lat' dir='ltr'>fillum...</span> <span class='ocrx_word' id='word_1_346' title='bbox 1529 2436 1681 2497; x_wconf 86' lang='lat' dir='ltr'>abbatem</span> <span class='ocrx_word' id='word_1_347' title='bbox 1711 2435 1905 2496; x_wconf 89' lang='lat' dir='ltr'>monasterii</span> <span class='ocrx_word' id='word_1_348' title='bbox 1930 2434 1970 2496; x_wconf 94' lang='lat' dir='ltr'>de</span> 
     </span>
     <span class='ocr_line' id='line_1_73' title="bbox 1175 2533 1969 2610; baseline 0 -18"><span class='ocrx_word' id='word_1_349' title='bbox 1175 2533 1400 2608; x_wconf 89' lang='lat' dir='ltr'>Berardingis,</span> <span class='ocrx_word' id='word_1_350' title='bbox 1418 2535 1504 2610; x_wconf 86' lang='lat' dir='ltr'>quod</span> <span class='ocrx_word' id='word_1_351' title='bbox 1521 2535 1561 2596; x_wconf 89' lang='lat' dir='ltr'>ad</span> <span class='ocrx_word' id='word_1_352' title='bbox 1581 2535 1674 2594; x_wconf 90' lang='lat' dir='ltr'>tuum</span> <span class='ocrx_word' id='word_1_353' title='bbox 1687 2534 1873 2594; x_wconf 89' lang='lat' dir='ltr'>coenobium</span> <span class='ocrx_word' id='word_1_354' title='bbox 1888 2549 1969 2610; x_wconf 89' lang='lat' dir='ltr'>per-</span> 
     </span>
     <span class='ocr_line' id='line_1_74' title="bbox 1175 2631 1968 2706; baseline 0 -16"><span class='ocrx_word' id='word_1_355' title='bbox 1175 2631 1282 2690; x_wconf 91' lang='lat' dir='ltr'>tinere</span> <span class='ocrx_word' id='word_1_356' title='bbox 1304 2631 1521 2706; x_wconf 89' lang='lat' dir='ltr'>dignoscitur,</span> <span class='ocrx_word' id='word_1_357' title='bbox 1549 2631 1582 2690; x_wconf 90' lang='lat' dir='ltr'>in</span> <span class='ocrx_word' id='word_1_358' title='bbox 1599 2631 1749 2692; x_wconf 88' lang='lat' dir='ltr'>abbatem</span> <span class='ocrx_word' id='word_1_359' title='bbox 1775 2647 1871 2692; x_wconf 91' lang='lat' dir='ltr'>suum</span> <span class='ocrx_word' id='word_1_360' title='bbox 1896 2631 1968 2692; x_wconf 91' lang='lat' dir='ltr'>ele-</span> 
     </span>
     <span class='ocr_line' id='line_1_75' title="bbox 1175 2729 1972 2806; baseline 0.001 -19"><span class='ocrx_word' id='word_1_361' title='bbox 1175 2729 1284 2802; x_wconf 88' lang='lat' dir='ltr'>gerint</span> <span class='ocrx_word' id='word_1_362' title='bbox 1296 2730 1328 2790; x_wconf 90' lang='lat' dir='ltr'>et</span> <span class='ocrx_word' id='word_1_363' title='bbox 1338 2730 1515 2806; x_wconf 90' lang='lat' dir='ltr'>pastorem,</span> <span class='ocrx_word' id='word_1_364' title='bbox 1529 2729 1737 2790; x_wconf 90' lang='lat' dir='ltr'>devotionem</span> <span class='ocrx_word' id='word_1_365' title='bbox 1747 2729 1838 2790; x_wconf 90' lang='lat' dir='ltr'>tuam</span> <span class='ocrx_word' id='word_1_366' title='bbox 1854 2743 1972 2789; x_wconf 91' lang='lat' dir='ltr'>moue-</span> 
     </span>
     <span class='ocr_line' id='line_1_76' title="bbox 1176 2826 1967 2904; baseline 0.003 -20"><span class='ocrx_word' id='word_1_367' title='bbox 1176 2841 1259 2898; x_wconf 91' lang='lat' dir='ltr'>mus,</span> <span class='ocrx_word' id='word_1_368' title='bbox 1277 2843 1336 2902; x_wconf 89' lang='lat' dir='ltr'>per</span> <span class='ocrx_word' id='word_1_369' title='bbox 1349 2827 1538 2904; x_wconf 88' lang='lat' dir='ltr'>Apostolica</span> <span class='ocrx_word' id='word_1_370' title='bbox 1548 2827 1609 2888; x_wconf 91' lang='lat' dir='ltr'>tibi</span> <span class='ocrx_word' id='word_1_371' title='bbox 1620 2826 1744 2904; x_wconf 89' lang='lat' dir='ltr'>scripta</span> <span class='ocrx_word' id='word_1_372' title='bbox 1760 2827 1967 2898; x_wconf 89' lang='lat' dir='ltr'>mandantes,</span> 
     </span>
     <span class='ocr_line' id='line_1_77' title="bbox 1176 2924 1969 3002; baseline 0.004 -20"><span class='ocrx_word' id='word_1_373' title='bbox 1176 2924 1338 2999; x_wconf 86' lang='lat' dir='ltr'>quatenus</span> <span class='ocrx_word' id='word_1_374' title='bbox 1357 2924 1464 2986; x_wconf 90' lang='lat' dir='ltr'>eidem</span> <span class='ocrx_word' id='word_1_375' title='bbox 1484 2941 1504 2985; x_wconf 88' lang='lat' dir='ltr'>a</span> <span class='ocrx_word' id='word_1_376' title='bbox 1522 2925 1666 2998; x_wconf 88' lang='lat' dir='ltr'>vinculo,</span> <span class='ocrx_word' id='word_1_377' title='bbox 1683 2941 1748 3002; x_wconf 87' lang='lat' dir='ltr'>qup</span> <span class='ocrx_word' id='word_1_378' title='bbox 1767 2924 1969 2986; x_wconf 91' lang='lat' dir='ltr'>monasterio</span> 
     </span>
     <span class='ocr_line' id='line_1_78' title="bbox 1176 3021 1969 3100; baseline 0.001 -20"><span class='ocrx_word' id='word_1_379' title='bbox 1176 3021 1216 3081; x_wconf 92' lang='lat' dir='ltr'>de</span> <span class='ocrx_word' id='word_1_380' title='bbox 1230 3021 1445 3098; x_wconf 88' lang='lat' dir='ltr'>Berardingis</span> <span class='ocrx_word' id='word_1_381' title='bbox 1460 3024 1603 3096; x_wconf 92' lang='lat' dir='ltr'>tenetur,</span> <span class='ocrx_word' id='word_1_382' title='bbox 1621 3023 1751 3100; x_wconf 88' lang='lat' dir='ltr'>penitus</span> <span class='ocrx_word' id='word_1_383' title='bbox 1762 3021 1912 3083; x_wconf 90' lang='lat' dir='ltr'>absoluto</span> <span class='ocrx_word' id='word_1_384' title='bbox 1927 3021 1969 3082; x_wconf 93' lang='lat' dir='ltr'>ad</span> 
     </span>
     <span class='ocr_line' id='line_1_79' title="bbox 1176 3119 1968 3184; baseline -0.001 -4"><span class='ocrx_word' id='word_1_385' title='bbox 1176 3119 1355 3181; x_wconf 88' lang='lat' dir='ltr'>Alberense</span> <span class='ocrx_word' id='word_1_386' title='bbox 1369 3123 1606 3183; x_wconf 89' lang='lat' dir='ltr'>monasterium</span> <span class='ocrx_word' id='word_1_387' title='bbox 1623 3121 1817 3184; x_wconf 90' lang='lat' dir='ltr'>transeundi</span> <span class='ocrx_word' id='word_1_388' title='bbox 1841 3119 1968 3181; x_wconf 91' lang='lat' dir='ltr'>tribuas</span> 
     </span>
     <span class='ocr_line' id='line_1_80' title="bbox 1177 3216 1970 3291; baseline 0.003 -15"><span class='ocrx_word' id='word_1_389' title='bbox 1177 3216 1970 3291; x_wconf 83' lang='lat' dir='ltr'>liberamtacnltatem.DatumLaterani,Xlea·</span> 
     </span>
     <span class='ocr_line' id='line_1_81' title="bbox 1176 3314 1683 3390; baseline 0.006 -17"><span class='ocrx_word' id='word_1_390' title='bbox 1176 3314 1291 3377; x_wconf 88' lang='lat' dir='ltr'>landas</span> <span class='ocrx_word' id='word_1_391' title='bbox 1313 3317 1436 3390; x_wconf 88' lang='lat' dir='ltr'>martii,</span> <span class='ocrx_word' id='word_1_392' title='bbox 1452 3333 1539 3378; x_wconf 91' lang='lat' dir='ltr'>anno</span> <span class='ocrx_word' id='word_1_393' title='bbox 1555 3317 1683 3380; x_wconf 87' lang='lat' dir='ltr'>octavo.</span> 
     </span>
    </p>
   </div>
   <div class='ocr_carea' id='block_1_19' title="bbox 1507 3593 1641 3679">
    <p class='ocr_par' dir='ltr' id='par_1_21' title="bbox 1507 3593 1641 3679">
     <span class='ocr_line' id='line_1_82' title="bbox 1507 3593 1641 3679; baseline -0.007 0"><span class='ocrx_word' id='word_1_394' title='bbox 1507 3593 1641 3679; x_wconf 81' lang='lat' dir='ltr'>lxxv</span> 
     </span>
    </p>
   </div>
   <div class='ocr_carea' id='block_1_20' title="bbox 1324 3743 1816 3832">
    <p class='ocr_par' dir='ltr' id='par_1_22' title="bbox 1324 3743 1816 3832">
     <span class='ocr_line' id='line_1_83' title="bbox 1324 3743 1816 3832; baseline -0.002 -28"><span class='ocrx_word' id='word_1_395' title='bbox 1324 3745 1374 3804; x_wconf 84' lang='lat' dir='ltr'>Ad</span> <span class='ocrx_word' id='word_1_396' title='bbox 1388 3746 1531 3803; x_wconf 82' lang='lat' dir='ltr'>Erlcum</span> <span class='ocrx_word' id='word_1_397' title='bbox 1547 3758 1665 3832; x_wconf 76' lang='lat' dir='ltr'>rapam</span> <span class='ocrx_word' id='word_1_398' title='bbox 1679 3743 1816 3805; x_wconf 80' lang='lat' dir='ltr'>Sectile.</span> 
     </span>
    </p>
   </div>
   <div class='ocr_carea' id='block_1_21' title="bbox 1268 3871 1891 4074">
    <p class='ocr_par' dir='ltr' id='par_1_23' title="bbox 1268 3871 1891 4074">
     <span class='ocr_line' id='line_1_84' title="bbox 1433 3871 1710 3931; baseline -0.004 -1"><span class='ocrx_word' id='word_1_399' title='bbox 1433 3873 1469 3930; x_wconf 77' lang='lat'>20</span> <span class='ocrx_word' id='word_1_400' title='bbox 1482 3871 1615 3930; x_wconf 79' lang='lat' dir='ltr'>februarii</span> <span class='ocrx_word' id='word_1_401' title='bbox 1631 3873 1710 3931; x_wconf 72' lang='lat'>1224.</span> 
     </span>
     <span class='ocr_line' id='line_1_85' title="bbox 1268 3995 1891 4074; baseline 0.003 -29"><span class='ocrx_word' id='word_1_402' title='bbox 1268 3995 1530 4060; x_wconf 73' lang='lat' dir='ltr'>[Liljegrcmswenskt</span> <span class='ocrx_word' id='word_1_403' title='bbox 1541 3995 1685 4060; x_wconf 90' lang='lat' dir='ltr'>diplom.,l,</span> <span class='ocrx_word' id='word_1_404' title='bbox 1694 3997 1749 4057; x_wconf 79' lang='grc'><strong>238,</strong></span> <span class='ocrx_word' id='word_1_405' title='bbox 1767 4011 1793 4047; x_wconf 88' lang='lat' dir='ltr'>u.</span> <span class='ocrx_word' id='word_1_406' title='bbox 1807 3997 1874 4062; x_wconf 69' lang='grc'><strong>111]</strong></span> <span class='ocrx_word' id='word_1_407' title='bbox 1886 4065 1891 4074; x_wconf 21' lang='lat'>⁸</span> 
     </span>
    </p>
   </div>
   <div class='ocr_carea' id='block_1_22' title="bbox 1176 4120 1965 4371">
    <p class='ocr_par' dir='ltr' id='par_1_24' title="bbox 1176 4120 1965 4371">
     <span class='ocr_line' id='line_1_86' title="bbox 1176 4120 1965 4197; baseline 0.003 -17"><span class='ocrx_word' id='word_1_408' title='bbox 1176 4123 1211 4180; x_wconf 89' lang='lat' dir='ltr'>Ul</span> <span class='ocrx_word' id='word_1_409' title='bbox 1222 4120 1350 4192; x_wconf 77' lang='lat' dir='ltr'>quiescat</span> <span class='ocrx_word' id='word_1_410' title='bbox 1362 4120 1543 4195; x_wconf 85' lang='lat' dir='ltr'>presbyteros</span> <span class='ocrx_word' id='word_1_411' title='bbox 1557 4130 1585 4180; x_wconf 91' lang='lat' dir='ltr'>et</span> <span class='ocrx_word' id='word_1_412' title='bbox 1597 4123 1716 4181; x_wconf 87' lang='lat' dir='ltr'>clericos</span> <span class='ocrx_word' id='word_1_413' title='bbox 1727 4123 1809 4197; x_wconf 89' lang='lat' dir='ltr'>regni</span> <span class='ocrx_word' id='word_1_414' title='bbox 1825 4124 1868 4180; x_wconf 87' lang='lat' dir='ltr'>sui</span> <span class='ocrx_word' id='word_1_415' title='bbox 1878 4138 1965 4196; x_wconf 90' lang='lat' dir='ltr'>expe·</span> 
     </span>
     <span class='ocr_line' id='line_1_87' title="bbox 1210 4207 1965 4284; baseline 0.007 -20"><span class='ocrx_word' id='word_1_416' title='bbox 1210 4207 1347 4266; x_wconf 91' lang='lat' dir='ltr'>ditionem</span> <span class='ocrx_word' id='word_1_417' title='bbox 1360 4211 1489 4284; x_wconf 83' lang='lat' dir='ltr'>angariis</span> <span class='ocrx_word' id='word_1_418' title='bbox 1503 4219 1531 4268; x_wconf 90' lang='lat' dir='ltr'>et</span> <span class='ocrx_word' id='word_1_419' title='bbox 1546 4211 1598 4268; x_wconf 89' lang='lat' dir='ltr'>alis</span> <span class='ocrx_word' id='word_1_420' title='bbox 1610 4210 1794 4270; x_wconf 79' lang='lat' dir='ltr'>sacularibus</span> <span class='ocrx_word' id='word_1_421' title='bbox 1808 4212 1965 4270; x_wconf 80' lang='lat' dir='ltr'>excollent·</span> 
     </span>
     <span class='ocr_line' id='line_1_88' title="bbox 1210 4297 1654 4371; baseline 0.002 -17"><span class='ocrx_word' id='word_1_422' title='bbox 1210 4297 1263 4355; x_wconf 90' lang='lat' dir='ltr'>bus</span> <span class='ocrx_word' id='word_1_423' title='bbox 1277 4311 1439 4371; x_wconf 81' lang='lat' dir='ltr'>aggravare</span> <span class='ocrx_word' id='word_1_424' title='bbox 1452 4307 1481 4357; x_wconf 89' lang='lat' dir='ltr'>et</span> <span class='ocrx_word' id='word_1_425' title='bbox 1492 4302 1654 4358; x_wconf 87' lang='lat' dir='ltr'>molestare.</span> 
     </span>
    </p>
   </div>
   <div class='ocr_carea' id='block_1_23' title="bbox 1174 4427 1972 5284">
    <p class='ocr_par' dir='ltr' id='par_1_25' title="bbox 1175 4427 1967 4599">
     <span class='ocr_line' id='line_1_89' title="bbox 1215 4427 1967 4500; baseline 0.008 -14"><span class='ocrx_word' id='word_1_426' title='bbox 1215 4427 1392 4498; x_wconf 90' lang='lat' dir='ltr'>Honorius,</span> <span class='ocrx_word' id='word_1_427' title='bbox 1405 4428 1480 4500; x_wconf 82' lang='lat' dir='ltr'>eto,</span> <span class='ocrx_word' id='word_1_428' title='bbox 1493 4429 1667 4488; x_wconf 89' lang='lat' dir='ltr'>carissimo</span> <span class='ocrx_word' id='word_1_429' title='bbox 1678 4429 1713 4489; x_wconf 93' lang='lat' dir='ltr'>in</span> <span class='ocrx_word' id='word_1_430' title='bbox 1720 4428 1851 4490; x_wconf 83' lang='lat' dir='ltr'>Christo</span> <span class='ocrx_word' id='word_1_431' title='bbox 1860 4429 1967 4492; x_wconf 81' lang='lat' dir='ltr'>lilio...</span> 
     </span>
     <span class='ocr_line' id='line_1_90' title="bbox 1175 4521 1717 4599; baseline 0.006 -18"><span class='ocrx_word' id='word_1_432' title='bbox 1175 4521 1297 4584; x_wconf 90' lang='lat' dir='ltr'>illustri</span> <span class='ocrx_word' id='word_1_433' title='bbox 1307 4525 1403 4599; x_wconf 89' lang='lat' dir='ltr'>regni</span> <span class='ocrx_word' id='word_1_434' title='bbox 1417 4525 1549 4593; x_wconf 84' lang='lat' dir='ltr'>Svetiae,</span> <span class='ocrx_word' id='word_1_435' title='bbox 1566 4525 1717 4586; x_wconf 87' lang='lat' dir='ltr'>salutern.</span> 
     </span>
    </p>

    <p class='ocr_par' dir='ltr' id='par_1_26' title="bbox 1174 4622 1972 5284">
     <span class='ocr_line' id='line_1_91' title="bbox 1215 4622 1971 4698; baseline 0.005 -17"><span class='ocrx_word' id='word_1_436' title='bbox 1215 4622 1395 4682; x_wconf 88' lang='lat' dir='ltr'>Remittere</span> <span class='ocrx_word' id='word_1_437' title='bbox 1419 4625 1663 4684; x_wconf 90' lang='lat' dir='ltr'>consueverunt</span> <span class='ocrx_word' id='word_1_438' title='bbox 1684 4639 1781 4698; x_wconf 92' lang='lat' dir='ltr'>reges</span> <span class='ocrx_word' id='word_1_439' title='bbox 1808 4623 1971 4686; x_wconf 83' lang='lat' dir='ltr'>Catholici</span> 
     </span>
     <span class='ocr_line' id='line_1_92' title="bbox 1175 4719 1970 4798; baseline 0.003 -20"><span class='ocrx_word' id='word_1_440' title='bbox 1175 4719 1336 4790; x_wconf 89' lang='lat' dir='ltr'>ecclesiis,</span> <span class='ocrx_word' id='word_1_441' title='bbox 1349 4720 1382 4780; x_wconf 93' lang='lat' dir='ltr'>et</span> <span class='ocrx_word' id='word_1_442' title='bbox 1397 4719 1529 4780; x_wconf 86' lang='lat' dir='ltr'>clericis</span> <span class='ocrx_word' id='word_1_443' title='bbox 1544 4719 1679 4782; x_wconf 88' lang='lat' dir='ltr'>obtentu</span> <span class='ocrx_word' id='word_1_444' title='bbox 1704 4720 1825 4782; x_wconf 88' lang='lat' dir='ltr'>divinae</span> <span class='ocrx_word' id='word_1_445' title='bbox 1836 4721 1970 4798; x_wconf 90' lang='lat' dir='ltr'>pietatis</span> 
     </span>
     <span class='ocr_line' id='line_1_93' title="bbox 1176 4816 1970 4891; baseline 0.004 -15"><span class='ocrx_word' id='word_1_446' title='bbox 1176 4816 1343 4891; x_wconf 90' lang='lat' dir='ltr'>angarias,</span> <span class='ocrx_word' id='word_1_447' title='bbox 1361 4817 1460 4877; x_wconf 88' lang='grc'><strong>61666</strong></span> <span class='ocrx_word' id='word_1_448' title='bbox 1474 4832 1493 4878; x_wconf 89' lang='lat' dir='ltr'>a</span> <span class='ocrx_word' id='word_1_449' title='bbox 1507 4817 1724 4878; x_wconf 86' lang='lat' dir='ltr'>saecularibus</span> <span class='ocrx_word' id='word_1_450' title='bbox 1739 4817 1970 4880; x_wconf 87' lang='lat' dir='ltr'>exactionibus</span> 
     </span>
     <span class='ocr_line' id='line_1_94' title="bbox 1174 4913 1966 4988; baseline 0.005 -16"><span class='ocrx_word' id='word_1_451' title='bbox 1174 4913 1329 4975; x_wconf 90' lang='lat' dir='ltr'>liberare.</span> <span class='ocrx_word' id='word_1_452' title='bbox 1345 4913 1439 4974; x_wconf 93' lang='lat' dir='ltr'>Unde</span> <span class='ocrx_word' id='word_1_453' title='bbox 1458 4930 1518 4975; x_wconf 88' lang='lat' dir='ltr'>neo</span> <span class='ocrx_word' id='word_1_454' title='bbox 1532 4915 1590 4976; x_wconf 90' lang='lat' dir='ltr'>tuo</span> <span class='ocrx_word' id='word_1_455' title='bbox 1614 4916 1808 4976; x_wconf 89' lang='lat' dir='ltr'>conveniret</span> <span class='ocrx_word' id='word_1_456' title='bbox 1834 4915 1966 4988; x_wconf 91' lang='lat' dir='ltr'>honori,</span> 
     </span>
     <span class='ocr_line' id='line_1_95' title="bbox 1176 5011 1970 5088; baseline 0.006 -18"><span class='ocrx_word' id='word_1_457' title='bbox 1176 5027 1236 5072; x_wconf 90' lang='lat' dir='ltr'>nec</span> <span class='ocrx_word' id='word_1_458' title='bbox 1251 5011 1351 5072; x_wconf 89' lang='lat' dir='ltr'>saluti</span> <span class='ocrx_word' id='word_1_459' title='bbox 1366 5011 1465 5072; x_wconf 87' lang='lat' dir='ltr'>etiam</span> <span class='ocrx_word' id='word_1_460' title='bbox 1485 5012 1669 5088; x_wconf 81' lang='lat' dir='ltr'>expediret,</span> <span class='ocrx_word' id='word_1_461' title='bbox 1687 5013 1722 5074; x_wconf 92' lang='lat' dir='ltr'>ut</span> <span class='ocrx_word' id='word_1_462' title='bbox 1748 5011 1970 5075; x_wconf 89' lang='lat' dir='ltr'>acatholico-</span> 
     </span>
     <span class='ocr_line' id='line_1_96' title="bbox 1175 5109 1970 5188; baseline 0.005 -20"><span class='ocrx_word' id='word_1_463' title='bbox 1175 5125 1248 5169; x_wconf 89' lang='lat' dir='ltr'>rum</span> <span class='ocrx_word' id='word_1_464' title='bbox 1264 5125 1379 5184; x_wconf 84' lang='lat' dir='ltr'>regum</span> <span class='ocrx_word' id='word_1_465' title='bbox 1391 5109 1536 5188; x_wconf 82' lang='lat' dir='ltr'>tramite,</span> <span class='ocrx_word' id='word_1_466' title='bbox 1554 5126 1694 5186; x_wconf 89' lang='lat' dir='ltr'>quorum</span> <span class='ocrx_word' id='word_1_467' title='bbox 1715 5111 1748 5171; x_wconf 90' lang='lat' dir='ltr'>te</span> <span class='ocrx_word' id='word_1_468' title='bbox 1763 5111 1858 5172; x_wconf 87' lang='lat' dir='ltr'>decet</span> <span class='ocrx_word' id='word_1_469' title='bbox 1875 5113 1970 5188; x_wconf 86' lang='lat' dir='ltr'>sequi</span> 
     </span>
     <span class='ocr_line' id='line_1_97' title="bbox 1175 5206 1972 5284; baseline 0.005 -18"><span class='ocrx_word' id='word_1_470' title='bbox 1175 5207 1327 5282; x_wconf 87' lang='lat' dir='ltr'>vestigia,</span> <span class='ocrx_word' id='word_1_471' title='bbox 1338 5206 1487 5279; x_wconf 91' lang='lat' dir='ltr'>devians,</span> <span class='ocrx_word' id='word_1_472' title='bbox 1497 5207 1637 5269; x_wconf 91' lang='lat' dir='ltr'>clericos</span> <span class='ocrx_word' id='word_1_473' title='bbox 1650 5223 1853 5284; x_wconf 88' lang='lat' dir='ltr'>aggravares</span> <span class='ocrx_word' id='word_1_474' title='bbox 1866 5225 1972 5284; x_wconf 88' lang='lat' dir='ltr'>auga-</span> 
     </span>
    </p>
   </div>
   <div class='ocr_carea' id='block_1_24' title="bbox 1171 5305 1972 5382">
    <p class='ocr_par' dir='ltr' id='par_1_27' title="bbox 1171 5305 1972 5382">
     <span class='ocr_line' id='line_1_98' title="bbox 1171 5305 1972 5382; baseline 0.004 -18"><span class='ocrx_word' id='word_1_475' title='bbox 1171 5305 1248 5369; x_wconf 86' lang='lat' dir='ltr'>¹riis.</span> <span class='ocrx_word' id='word_1_476' title='bbox 1280 5307 1312 5366; x_wconf 90' lang='lat' dir='ltr'>et</span> <span class='ocrx_word' id='word_1_477' title='bbox 1335 5307 1450 5366; x_wconf 89' lang='lat' dir='ltr'>contra</span> <span class='ocrx_word' id='word_1_478' title='bbox 1476 5305 1738 5366; x_wconf 88' lang='lat' dir='ltr'>ecclesiasticam</span> <span class='ocrx_word' id='word_1_479' title='bbox 1767 5306 1972 5382; x_wconf 87' lang='lat' dir='ltr'>deprimeres</span> 
     </span>
    </p>
   </div>
   <div class='ocr_carea' id='block_1_25' title="bbox 1176 5401 1974 5674">
    <p class='ocr_par' dir='ltr' id='par_1_28' title="bbox 1176 5401 1974 5674">
     <span class='ocr_line' id='line_1_99' title="bbox 1176 5401 1972 5480; baseline 0.005 -19"><span class='ocrx_word' id='word_1_480' title='bbox 1176 5401 1373 5464; x_wconf 88' lang='lat' dir='ltr'>libertatem.</span> <span class='ocrx_word' id='word_1_481' title='bbox 1402 5401 1673 5477; x_wconf 82' lang='lat' dir='ltr'>Significantibus</span> <span class='ocrx_word' id='word_1_482' title='bbox 1693 5419 1774 5466; x_wconf 87' lang='lat' dir='ltr'>sane</span> <span class='ocrx_word' id='word_1_483' title='bbox 1800 5405 1896 5480; x_wconf 88' lang='lat' dir='ltr'>regni</span> <span class='ocrx_word' id='word_1_484' title='bbox 1923 5405 1972 5466; x_wconf 92' lang='lat' dir='ltr'>tui</span> 
     </span>
     <span class='ocr_line' id='line_1_100' title="bbox 1176 5497 1974 5576; baseline 0.003 -18"><span class='ocrx_word' id='word_1_485' title='bbox 1176 5500 1352 5576; x_wconf 90' lang='lat' dir='ltr'>episcopis,</span> <span class='ocrx_word' id='word_1_486' title='bbox 1366 5497 1568 5576; x_wconf 83' lang='lat' dir='ltr'>presbyterIs</span> <span class='ocrx_word' id='word_1_487' title='bbox 1581 5500 1613 5560; x_wconf 91' lang='lat' dir='ltr'>et</span> <span class='ocrx_word' id='word_1_488' title='bbox 1627 5499 1704 5560; x_wconf 91' lang='lat' dir='ltr'>aliis</span> <span class='ocrx_word' id='word_1_489' title='bbox 1719 5500 1852 5562; x_wconf 90' lang='lat' dir='ltr'>clericis</span> <span class='ocrx_word' id='word_1_490' title='bbox 1872 5501 1974 5562; x_wconf 88' lang='lat' dir='ltr'>intel-</span> 
     </span>
     <span class='ocr_line' id='line_1_101' title="bbox 1176 5596 1974 5674; baseline 0.008 -18"><span class='ocrx_word' id='word_1_491' title='bbox 1176 5598 1331 5668; x_wconf 81' lang='lat' dir='ltr'>leximus,</span> <span class='ocrx_word' id='word_1_492' title='bbox 1357 5596 1441 5673; x_wconf 88' lang='lat' dir='ltr'>quod</span> <span class='ocrx_word' id='word_1_493' title='bbox 1468 5597 1505 5658; x_wconf 92' lang='lat' dir='ltr'>tu</span> <span class='ocrx_word' id='word_1_494' title='bbox 1535 5597 1667 5658; x_wconf 88' lang='lat' dir='ltr'>eosdem</span> <span class='ocrx_word' id='word_1_495' title='bbox 1697 5597 1912 5674; x_wconf 88' lang='lat' dir='ltr'>presbyteros</span> <span class='ocrx_word' id='word_1_496' title='bbox 1940 5601 1974 5662; x_wconf 94' lang='lat' dir='ltr'>et</span> 
     </span>
    </p>
   </div>
   <div class='ocr_carea' id='block_1_26' title="bbox 0 0 2126 6374">
    <p class='ocr_par' dir='ltr' id='par_1_29' title="bbox 0 0 2126 6374">
     <span class='ocr_line' id='line_1_102' title="bbox 0 0 2126 6374; baseline 0 0"><span class='ocrx_word' id='word_1_497' title='bbox 0 0 2126 6374; x_wconf 95' lang='lat' dir='ltr'> </span> 
     </span>
    </p>
   </div>
  </div>
 </body>
</html>
