4226 6372
176 285 235 345 eit

790 281 1019 346 EPISTOLAE.
1048 281 1127 342 LIB.
1149 279 1205 340 IX.

1755 275 1816 336 878

178 443 283 519 narn,
295 442 469 506 abbatibus
481 441 712 506 Passariensis
725 442 968 519 Ultrasylvanse
992 447 1001 480 ¹
1023 437 1155 510 Tibure,
1181 437 1287 498 xvlll
1307 434 1468 502 kalendas
1486 434 1587 512 iuuit,
1603 431 1814 513 pontificatus

176 541 210 604 et
222 540 438 604 Geuadiensis
452 540 616 612 dioecesis,
633 555 692 618 per
706 541 837 602 nostras
852 539 968 600 damus

175 637 304 700 litteras
319 638 353 698 in
369 638 544 710 mandatis,
562 637 598 700 ut
611 637 652 698 ad
668 638 742 698 loca
763 637 836 713 ipsa
849 651 967 713 perso·

176 734 298 796 naliter
312 735 518 806 accedentes
536 733 657 796 limites
672 734 708 795 in
721 733 857 809 praefato
870 732 969 808 privi-

175 830 263 906 lagio
275 831 332 893 tuo
343 847 517 908 expressos
532 831 712 908 inspiciant
724 831 919 906 diligentem
936 828 970 889 et

176 927 368 990 sivideriut
380 929 470 1005 ipsos
492 928 613 990 fratres
627 927 753 1004 aliquid
779 929 876 988 extra
887 941 968 986 eos-

176 1023 250 1086 dem
265 1025 425 1088 terminos
439 1027 563 1088 temere
584 1040 776 1100 occupasse,
790 1024 905 1086 nostra
919 1023 977 1084 eis

176 1121 373 1211 auctoritate
388 1123 573 1199 injungant,
591 1123 628 1183 ut
646 1137 686 1184 ea
697 1121 758 1183 tibi
771 1121 877 1182 libere
890 1135 967 1180 res-

175 1217 308 1290 tituant,
324 1219 396 1280 siue
411 1234 515 1290 mora,
532 1218 690 1295 quidquid
708 1218 898 1280 invenerint
909 1233 969 1277 su-

175 1329 236 1391 per
250 1315 474 1392 premissisat
488 1315 639 1387 fecerint,
653 1315 749 1377 uobis
763 1315 906 1376 fideliter
918 1329 969 1375 ra-

175 1411 294 1487 laturi;
323 1414 359 1476 ut
385 1413 506 1490 siquid
536 1413 735 1474 remanserit
761 1411 966 1488 questionis,

175 1509 298 1572 nostrae
313 1509 515 1586 provisionis
530 1509 639 1572 studio
652 1509 812 1585 sopiatur.
828 1511 878 1568 Tu
888 1522 967 1583 ergo

175 1605 210 1666 et
222 1607 312 1682 ipsos
324 1605 483 1681 praedicta
494 1605 599 1668 libers
612 1605 816 1682 investigare
830 1604 968 1682 permit-

1024 535 1339 597 nostriannononc.

1325 754 1513 845 CLXXXI

1023 909 1075 970 Ad
1081 908 1290 984 priorissam
1301 905 1550 968 etcouocutum
1560 905 1763 969 leonasterii
1774 909 1815 970 dc

1338 1004 1499 1068 Arusace·
1555 1017 1558 1023 ’

1313 1131 1348 1189 is
1359 1131 1431 1202 jullii
1447 1131 1526 1188 llis.

1085 1257 1194 1321 [Riedei
1204 1255 1266 1306 cod.
1280 1256 1343 1321 dipl.
1355 1255 1508 1314 brandenb,
1519 1255 1598 1316 XXII,
1611 1253 1649 1312 li,
1664 1269 1689 1304 n.
1700 1253 1753 1320 ib]

1023 1383 1071 1440 Eis
1096 1380 1225 1454 indulget
1245 1387 1276 1438 ui
1297 1395 1364 1438 oum
1383 1381 1518 1454 generate
1534 1379 1712 1438 interdictum
1732 1387 1816 1438 terre

1057 1468 1150 1539 fuerit,
1165 1469 1250 1530 liceat
1264 1469 1306 1527 eis
1324 1469 1429 1526 clausis
1444 1467 1550 1542 januis,
1567 1475 1634 1538 etc,
1649 1467 1745 1530 divina
1771 1467 1813 1526 oi-

1058 1555 1121 1614 ficia
1137 1556 1290 1613 celebrare.

1062 1681 1228 1744 Honorius
1238 1682 1423 1759 episcopus,
1435 1697 1552 1744 servus
1561 1698 1731 1745 servorum
1742 1682 1812 1754 Dei,

174 1702 237 1773 tas,
254 1703 287 1764 et
301 1702 329 1762 si
344 1701 405 1766 tibi
418 1702 543 1764 videris
566 1702 735 1779 expedire,
761 1703 836 1764 tuos
856 1701 967 1762 mittas

175 1798 309 1861 nuntios
322 1813 396 1860 oum
409 1799 545 1870 eisdem,
563 1799 830 1874 investigationis
844 1799 966 1876 iuius.
1023 1779 1152 1840 dileciis
1165 1780 1201 1842 in
1210 1779 1340 1840 Christo
1356 1777 1486 1840 filiabus
1501 1779 1670 1856 priorissae
1685 1794 1725 1840 ac
1735 1794 1818 1840 oon-

175 1895 264 1956 moii
279 1895 398 1958 seriem
412 1895 640 1972 inspecturo„
658 1897 767 1958 oppius
780 1895 867 1972 quoi
882 1895 967 1956 sicui
1021 1877 1135 1937 ventui
1143 1876 1336 1938 monasterii
1351 1874 1391 1936 de
1399 1879 1553 1974 Arnesse,
1562 1876 1688 1938 ordinis
1702 1875 1816 1938 Sancti

174 1991 299 2068 injusta
324 1993 575 2069 saepedictorum
607 1994 804 2068 gravamina
827 1992 966 2053 fratrum
1021 1973 1201 2044 BssssfldiciL
1231 1973 1410 2034 verdensis
1434 1973 1599 2046 dioecesis,
1628 1972 1817 2037 salutemet

175 2089 340 2150 sustinere
353 2090 387 2150 in
401 2090 560 2166 patientta
583 2091 747 2161 nolumus,
762 2090 894 2166 sicjura
909 2089 966 2150 tua
1021 2071 1244 2147 APOSIOIIffim
1259 2069 1533 2132 benedicimini·

174 2184 281 2246 illaesa
304 2186 365 2248 tibi
388 2187 541 2248 volumus
569 2203 769 2249 conservare
786 2209 793 2247 ε
810 2203 911 2264 quum
934 2188 967 2247 te
1063 2168 1153 2230 SOIOI
1166 2182 1315 2232 annueri
1332 2167 1433 2234 5θᾶθὸ
1445 2167 1633 2243 ΑΡΟΒῘΟῙῙθᾶ
1649 2167 1714 2244 piis
1728 2168 1815 2230 VOIIS

174 2281 967 2360 tanquamegregiumeissaiimiicumpiincipem
1022 2266 1055 2326 et
1089 2264 1239 2330 honestis
1267 2263 1450 2340 petentium
1489 2264 1641 2340 precibus
1667 2264 1815 2328 favorem

175 2378 356 2442 habeamus
384 2381 419 2442 in
447 2381 632 2446 visceribus
659 2382 820 2443 caritatis.
848 2383 966 2443 Datum
1020 2360 1210 2422 hefllV0¹um
1232 2359 1408 2437 impertiri·
1426 2362 1618 2438 eapropter,
1635 2360 1764 2423 dilectae
1780 2361 1815 2422 in

175 2475 309 2546 Tibure,
327 2480 357 2538 Il
372 2477 445 2539 idus
456 2479 557 2555 junii,
574 2495 662 2540 anno
677 2493 776 2540 nono.

487 2727 653 2815 CLXXX

293 2881 344 2940 Ad
358 2879 512 2940 abbatem
530 2879 843 2938 wenorobteusem.

464 3007 498 3064 ll
507 3005 580 3080 junii
596 3005 675 3064 1225.

220 3129 333 3194 [Iuenim
342 3130 406 3182 Hist.
418 3130 448 3182 de
458 3129 573 3199 l'abbeye
582 3128 613 3180 de
622 3131 747 3190 focinus,
756 3143 843 3194 preuv.
852 3127 918 3191 i89.]

176 3257 209 3312 Ei
222 3257 353 3314 concedit
367 3263 396 3312 ut
409 3255 526 3312 abbates
540 3261 568 3312 et
583 3255 692 3327 priores
706 3253 879 3311 monasterio
895 3249 962 3309 'fre-

209 3344 373 3401 norcbiensi
385 3343 526 3416 subiectos
535 3344 617 3400 anuis
631 3342 752 3414 singulis
767 3341 963 3414 adcapitulum

210 3431 285 3504 apud
302 3431 378 3489 idem
393 3432 597 3490 monasterium
609 3429 810 3489 celebrandum
826 3437 965 3488 convocet

208 3527 317 3577 etcum
332 3521 374 3577 eis
388 3519 424 3577 de
442 3521 618 3580 correctione
644 3533 678 3576 ao
691 3518 893 3576 reformatione
916 3533 961 3575 or-

208 3607 284 3666 dinis
297 3609 454 3682 seooodom
472 3608 548 3670 beati
575 3606 720 3666 Benedicti
740 3607 868 3682 regulam
884 3607 962 3666 salu·

207 3695 294 3754 briter
310 3704 420 3758 tractet.

189 3823 882 3901 .Honoriusepiscopus,sorvusservorum
891 3821 961 3890 Dei,

173 3917 293 3979 dilecto
313 3919 382 3980 tilio
401 3919 512 3981 abbati
526 3919 795 3990 Tronorcbtensi,
822 3918 963 3980 salutem

173 4014 207 4075 et
219 4015 443 4091 apostolicam
454 4015 729 4079 benedictionem.
841 3999 846 4012 '

213 4113 295 4174 Cum
316 4112 446 4176 anobis
460 4113 583 4188 petitur
601 4113 686 4189 quod
705 4114 831 4188 justum
858 4114 909 4176 est
931 4114 964 4175 et

173 4208 360 4280 honestum,
380 4211 447 4274 tam
467 4211 563 4285 vigor
589 4209 754 4285 aequitatis
769 4225 867 4287 quam
882 4210 963 4271 ordo

173 4306 279 4381 exigit
290 4307 441 4377 rationis,
454 4308 490 4369 ut
501 4307 535 4368 id
548 4322 607 4382 per
621 4306 879 4368 sollicitudinem
889 4306 966 4369 ofd-

173 4403 218 4464 cii
232 4404 337 4466 nostri
361 4405 402 4466 ad
417 4404 562 4467 debitum
578 4404 779 4480 perducatur
797 4403 962 4466 effectum.

173 4502 254 4562 dum
268 4501 382 4576 igitur,
398 4501 484 4564 sicut
507 4517 550 4565 en
574 4502 667 4579 parte
692 4502 749 4564 tua
764 4501 826 4564 fuit
842 4517 964 4579 propo-

173 4598 273 4660 situm
286 4613 398 4660 coram
410 4598 516 4670 nobis,
533 4598 574 4660 de
585 4597 767 4676 approbata
785 4601 965 4662 consuetu-

173 4695 250 4758 dine
265 4695 437 4766 habeatur,
450 4695 486 4758 ut
496 4695 631 4758 abbates
640 4696 673 4758 et
687 4694 815 4771 priores
830 4709 964 4758 monas-

171 4791 963 4870 terio'lrenorcbiensisubjectos,arnissingulis

173 4905 336 4952 convoces
357 4889 399 4949 ad
412 4889 594 4966 capitulum
614 4890 700 4965 apud
717 4889 805 4950 idem
829 4904 965 4950 monas-

171 4985 964 5053 teriumcelebrandum,cumeisdecorrections

173 5087 207 5146 et
224 5084 460 5147 reformatione
481 5081 620 5154 ordinis,
636 5083 818 5144 secundum
847 5085 962 5155 Deum,

173 5182 206 5243 et
218 5182 307 5243 beati
321 5180 491 5244 Benedicti
511 5181 661 5257 regulam
677 5179 855 5242 salubriter
869 5183 963 5242 trac-

172 5281 314 5341 taturus.
339 5280 408 5340 Nos
421 5278 489 5340 tuis
501 5277 654 5355 precibus
682 5278 862 5353 benignum
878 5293 966 5354 pree-

173 5376 287 5438 bentas
311 5389 494 5447 assensum,
509 5376 542 5437 id
557 5376 666 5438 ratum
688 5379 721 5436 et
743 5377 874 5450 gratum
903 5376 966 5436 ha-

173 5472 281 5534 bendo
309 5471 507 5535 auctoritate
533 5472 722 5550 Apostolica
753 5471 965 5550 praecipimus

174 5569 507 5632 tirmiterobservari.
536 5571 626 5632 Nulli
649 5586 739 5647 erg0,
757 5568 819 5631 etc.
847 5571 964 5632 Datum

1022 2458 1152 2519 Christo
1177 2457 1266 2528 filiae,
1283 2457 1402 2518 restris
1418 2458 1519 2534 justis
1535 2457 1814 2534 postulationibus

1021 2555 1115 2630 grato
1152 2554 1388 2616 concurrentes
1430 2570 1580 2626 assensu,
1617 2555 1814 2617 auctoritate

1021 2652 1114 2713 vobiS
1126 2651 1341 2728 praesentium
1357 2650 1581 2725 indulgemus,
1604 2653 1650 2724 ut,
1667 2669 1742 2713 cum
1754 2668 1814 2728 ge·

1021 2749 1135 2809 nerale
1147 2746 1359 2810 interdictum
1372 2748 1470 2808 terrae
1480 2747 1590 2818 fuerit,
1604 2747 1704 2810 liceat
1718 2748 1812 2810 vobis

1021 2843 1144 2904 clausis
1170 2843 1296 2919 janctis
1323 2842 1619 2903 excommunicatis
1640 2844 1677 2904 ‘et
1700 2844 1810 2905 intor-

1021 2940 1117 3000 dictis
1132 2937 1287 3010 exclusis,
1305 2953 1371 3000 non
1384 2939 1523 3015 pulsatis
1550 2940 1730 3016 campania,
1746 2939 1812 3000 nisi

1020 3037 1133 3098 forsan
1157 3051 1293 3096 causam
1321 3035 1478 3096 dederitis
1509 3036 1696 3106 interdicto,
1727 3053 1810 3114 sup-

1020 3149 1136 3210 pressa
1151 3147 1232 3193 voce
1257 3132 1370 3193 divina
1383 3131 1493 3194 officia
1518 3132 1698 3195 celebrare.
1719 3133 1812 3196 Nulli

1020 3246 1099 3306 ergo
1113 3230 1247 3293 omnino
1261 3229 1432 3290 hominum
1447 3229 1642 3294 liceatbane
1657 3231 1812 3308 paginam

1020 3329 1141 3390 nostrae
1161 3327 1386 3388 concessionis
1401 3327 1595 3403 infringere,
1612 3328 1664 3390 vel
1678 3328 1708 3389 ei
1726 3344 1811 3390 ausu

1018 3425 1197 3488 temerario
1210 3425 1389 3486 contraire.
1407 3426 1442 3486 Si
1460 3426 1534 3502 quis
1549 3427 1659 3487 autem
1677 3425 1741 3487 boc
1754 3427 1810 3488 at·

1018 3523 1146 3584 tentare
1172 3522 1431 3599 praesumpserit,
1448 3522 1710 3598 indignationem
1734 3539 1810 3585 om-

1019 3619 1198 3697 nipotentis
1213 3619 1272 3680 Dei
1294 3621 1328 3680 et
1354 3619 1526 3680 beatorum
1552 3619 1643 3682 Petri
1665 3621 1699 3682 st
1713 3620 1811 3682 Pauli

1019 3717 1243 3794 apostolorum
1271 3717 1344 3790 ejus
1368 3730 1405 3776 se
1432 3716 1563 3778 noverit
1585 3716 1832 3782 incursurum..

1059 3814 1176 3874 Datum
1192 3812 1306 3884 Reate,
1331 3811 1647 3889 lealendasjulii,
1672 3812 1810 3890 pontifi·

1019 3911 1111 3974 catus
1123 3908 1230 3974 nostri
1242 3923 1329 3973 anno
1340 3923 1439 3973 nono.

1311 4147 1519 4236 CLXXXII

1018 4302 1072 4362 Ad
1083 4302 1273 4374 capellanos
1285 4303 1494 4372 capellarum
1508 4302 1544 4362 S.
1565 4301 1700 4362 firomoe
1711 4315 1811 4365 mor-

1059 4396 1157 4471 ieris,
1172 4395 1206 4458 et
1221 4397 1256 4456 S·
1273 4395 1468 4457 Coibertnce
1483 4399 1644 4472 circinata,
1659 4398 1810 4465 ecorum
1832 4469 1833 4472 ,

1057 4492 1211 4566 inportu
1220 4494 1255 4554 s.
1271 4492 1439 4560 Vincentia·
1453 4493 1729 4558 Motisoorteosts.

1319 4625 1334 4680 '1'
1351 4622 1414 4696 Iulii
1430 4623 1507 4682 Im.

1044 4749 1164 4812 (Ragau,
1173 4746 1219 4797 lib.
1232 4745 1276 4805 1X,
1286 4747 1359 4811 aptet.
1371 4746 1427 4796 369.
1441 4747 1500 4796 diss.
1511 4747 1546 4796 La
1557 4745 1632 4796 Porto
1641 4745 1676 4797 du
1688 4745 1784 4813 Theil.]

1018 4873 1148 4944 Ipsarum
1162 4870 1335 4942 capellarum
1364 4867 1558 4927 fundationem
1580 4883 1614 4927 ac
1635 4869 1810 4928 dotationem

1054 4956 1336 5032 magistroColumbo
1344 4957 1546 5014 Matisconaosi
1554 4957 1694 5014 canonico
1705 4956 1810 5016 factam

1055 5046 1222 5104 auctoritate
1232 5045 1395 5118 Apostolica
1411 5043 1570 5103 confirmat.

1058 5181 1237 5249 Honorius,
1265 5179 1340 5252 etc„
1372 5179 1501 5242 dilectis
1528 5181 1607 5241 tiliis
1629 5181 1810 5258 capellanis

1019 5278 1222 5356 capellarum
1261 5276 1374 5338 Sancti
1408 5276 1542 5338 Thomas
1577 5279 1744 5358 martyris
1779 5281 1812 5342 et

1021 5375 1150 5438 Sanctia
1191 5373 1379 5436 Catberinae
1412 5375 1564 5450 virginis,
1600 5375 1740 5437 sitarum
1774 5377 1810 5437 in
1893 5427 1901 5432 .
1956 5379 1958 5407 ³

1017 5475 1117 5551 portu
1144 5471 1257 5534 Sancti
1277 5470 1445 5533 vincentii
1466 5471 1729 5546 Matisconensis,
1751 5489 1810 5535 sa-

1020 5571 1122 5634 lutem
1138 5570 1171 5631 et
1185 5568 1406 5650 apostolicam
1422 5568 1695 5640 benedictIcnem.
