4274 6388
211 301 269 362 281

472 371 498 406 Q

212 473 274 522 uec
293 473 352 538 per
373 473 410 522 se
433 472 495 520 nco
509 472 570 537 per
587 453 820 536 procuratores
836 454 1003 534 prosecuti

212 557 290 620 sunt
312 556 492 634 negotium,
517 557 623 618 electo
644 553 855 630 comparente
876 553 912 613 in
935 553 1006 614 ter·

212 653 312 716 minis
328 653 519 730 assignatis,
540 651 647 713 eidem
673 652 706 712 et
724 649 926 728 respondere
941 665 1004 726 pa-

211 751 298 822 rato,
315 752 348 812 et
362 749 403 812 ad
421 750 575 812 ultimum
587 764 647 826 per
665 747 794 810 litteras
814 746 933 822 sigillis
946 761 1005 808 eo-

212 862 297 917 rum,
314 845 400 907 sicut
419 847 584 923 procerte
605 843 761 914 creditur,
779 841 1001 918 consignatas,

212 941 428 1020 appellationi
444 940 731 1011 renuntiaverunt,
744 941 776 1001 et
792 939 855 1012 liti,
875 953 1004 1000 necnon

212 1039 333 1102 litteris
349 1039 516 1100 universis
538 1037 737 1116 superdicto
752 1036 885 1112 negotio
898 1035 1005 1112 impe-

212 1137 325 1212 tratis;
343 1152 446 1214 quare
465 1137 577 1196 dilecti
595 1135 656 1195 filii
671 1134 852 1210 capitulum
873 1135 1001 1194 'Preco-

212 1249 310 1298 rcnse
330 1233 501 1294 humiliter
521 1231 760 1310 supplicarunt,
784 1231 820 1292 ut
846 1230 923 1308 qula
947 1229 1004 1290 diu

213 1345 327 1393 eorum
340 1329 482 1392 ecclesia
498 1331 569 1405 jam
588 1329 719 1406 pastore
734 1327 852 1398 caruit,
876 1343 918 1389 ex
940 1343 1003 1404 quo

212 1443 314 1504 grave
333 1427 369 1488 in
387 1425 627 1503 temporalibus
649 1426 682 1487 et
702 1423 931 1501 spiritualibus
946 1423 1005 1484 de-

212 1523 404 1585 trimentum
432 1521 585 1592 incurrit,
611 1521 644 1582 et
678 1521 813 1598 propter
849 1535 1003 1597 guerram

213 1620 333 1682 nobilis
351 1620 416 1682 viri
433 1619 562 1681 comitIs
579 1619 771 1690 Britanniae,
788 1618 829 1678 ad
850 1617 1006 1678 exinani-

211 1717 337 1779 tionem
362 1715 432 1778 fere
460 1715 611 1794 pervenit
640 1717 834 1786 extremam,
867 1713 1004 1791 praefato

212 1813 359 1890 ipsorum
388 1813 492 1874 electo
520 1811 704 1872 faceremus
733 1825 853 1871 munus
887 1825 1007 1871 conse-

214 1909 373 1972 crationis
393 1908 550 1986 impendi.
576 1907 668 1969 Licet
682 1909 805 1977 autam,
825 1907 1005 1968 secundum

212 2005 416 2083 Apostolum,
443 2005 566 2066 nemini
591 2006 656 2066 cito
680 2019 799 2064 manus
828 2003 872 2064 sit
897 2003 1007 2080 impo-

213 2103 333 2175 nenda,
360 2104 437 2181 quia
461 2103 571 2163 mmen
600 2101 817 2163 ecclesiarum
839 2099 1004 2161 ordinatio

172 2229 187 2260 s
212 2199 425 2277 dispendiosa
447 2215 513 2259 non
535 2197 630 2260 debet
653 2197 813 2259 dilatione
833 2196 1002 2273 suspendi,

213 2313 288 2359 cum
316 2312 410 2359 mora
433 2295 468 2356 in
494 2295 632 2367 talibus,
660 2295 844 2372 prasertim
870 2295 1006 2370 propfer

213 2393 375 2456 malitiam
391 2393 561 2469 temporis,
584 2392 729 2454 viduatis
754 2390 904 2452 ecclesiis
925 2405 1005 2467 gra-

212 2506 287 2552 vem
310 2489 521 2553 consueverit
539 2489 660 2551 afferre
680 2488 855 2566 jacturam,
883 2487 1005 2550 frater-

213 2587 310 2650 nitati
331 2589 398 2650 tuae
420 2602 479 2665 per
500 2586 689 2662 Apostolica
713 2587 835 2662 scripta
865 2585 1005 2646 manda-

215 2699 300 2757 mus,
314 2685 475 2761 quatenus
491 2683 530 2744 de
546 2683 664 2744 caetero
681 2683 770 2744 circa
785 2683 893 2761 ipsum
915 2682 1005 2744 elec-

212 2783 282 2844 tum
297 2780 398 2843 officii
414 2781 462 2843 tui
482 2779 627 2842 debitum
647 2779 852 2857 exsequaris,
871 2779 1003 2857 proviso

213 2875 393 2956 prudenter
407 2875 606 2954 nealicujus
620 2877 877 2938 commutatione
898 2877 1005 2938 collu-

213 2973 260 3035 dii
281 2974 325 3037 sit
347 2971 389 3034 ab
411 2971 613 3051 objectorum
637 2973 869 3049 prosecutione
891 2986 1006 3033 reces-

214 3087 298 3144 sum,
311 3086 386 3133 cum
402 3069 601 3147 suspicionis
616 3071 694 3131 nota
707 3085 774 3131 non
790 3070 904 3131 careat
916 3069 1001 3147 quod

212 3167 263 3229 illi
292 3169 365 3229 sine
392 3167 601 3228 discussione
626 3167 793 3244 reliquere
821 3165 1002 3242 negotium,

213 3263 300 3344 quod
322 3265 391 3326 tam
412 3262 600 3325 voluntarie
626 3263 704 3325 sunt
729 3263 891 3339 aggressi,
915 3279 1001 3341 quo-

213 3361 314 3433 niam,
333 3361 362 3422 si
375 3360 516 3422 veritate
531 3359 733 3432 nitebantur,
749 3359 877 3436 objecta
897 3359 1003 3420 dissi-

212 3457 369 3519 mulanda
384 3472 450 3519 non
460 3457 556 3519 erant
566 3457 742 3518 inhomine
752 3456 794 3517 ad
805 3456 1003 3534 episcopalis

192 3579 197 3586 ·
213 3554 383 3632 dignitatis
398 3553 526 3631 apicem
541 3554 781 3631 promovend03
802 3553 832 3615 si
852 3555 1003 3618 veritatis

213 3653 308 3714 erant
320 3650 475 3713 destituta
490 3651 671 3728 suffragiis,
689 3651 788 3712 nimis
799 3666 887 3712 caeca
905 3667 1004 3712 cons-

212 3749 334 3809 cientia
368 3748 572 3825 nimiumque
608 3749 798 3824 importuno
828 3748 1003 3809 mendacio

213 3844 481 3921 impingebantur
512 3843 647 3907 insonti.
678 3847 796 3906 Datum
833 3845 1001 3918 Laterani,

199 3943 241 4004 'V
265 3941 425 4002 kalendae
450 3939 621 4014 februarii,
649 3941 861 4019 pontificatus
896 3941 1003 4004 nostri

214 4037 464 4114 annoseptimo.

546 4355 674 4444 LXIII

213 4509 266 4568 Ad
282 4509 475 4569 Heartcum
495 4508 690 4580 episcopum
703 4507 1001 4583 argentinensem.

473 4637 508 4694 fs
520 4635 643 4710 januarii
659 4635 738 4694 1223.

329 4757 508 4822 [WurdtweIm
518 4759 591 4812 Nova
600 4758 724 4818 subsidia,
737 4759 804 4820 XIII,
818 4759 886 4826 fot]

213 4883 370 4941 Proventus
385 4883 515 4940 ecclesie
531 4883 704 4955 parochialis
722 4883 751 4941 fn
769 4883 919 4942 Nussbucb
934 4899 1002 4942 con·

259 4981 261 4986 ’
318 4968 372 5028 fert
386 4970 558 5028 monasterio
572 4971 705 5030 Omnium
720 4973 896 5030 Sanctorum.

252 5096 419 5158 Honorius
428 5095 614 5173 episcopus,
622 5111 739 5158 servus
751 5113 923 5160 servorum
932 5098 1003 5170 Dei,

211 5192 395 5254 venerabili
410 5191 507 5255 fratri
520 5193 674 5270 episcopo
686 5195 935 5270 argentinensi,
949 5209 1006 5256 sa-

213 5287 314 5351 lutem
328 5289 361 5350 et
374 5289 598 5366 apostolicam
612 5289 888 5352 benedictionem.

252 5385 371 5448 Dilecti
395 5385 457 5446 filii
480 5387 679 5463 prepositus
702 5387 736 5448 et
759 5389 941 5449 conventus
963 5387 1003 5448 de

198 5481 297 5544 cella
335 5482 488 5544 Omnium
522 5483 718 5545 Sanctorum
753 5485 1003 5547 praemonstra-

197 5578 316 5640 ·tensis
327 5579 455 5642 ordinis
469 5577 565 5642 nobis
577 5579 751 5643 humiliter
760 5581 1002 5660 supplicarunt,

821 293 1048 358 EPISTOLAE.
1071 295 1149 357 Lm.
1173 295 1243 359 vn.

1664 375 1677 401 x
1790 299 1852 361 282

1057 454 1094 517 ut
1107 469 1208 534 quum
1220 451 1343 516 nobilis
1354 452 1477 516 mulier
1488 455 1553 518 lita
1567 453 1700 520 ducissa
1712 457 1756 522 de
1769 460 1853 525 Sco-

1056 551 1219 628 wenburg
1233 552 1300 613 tua
1321 549 1475 612 dioecesis
1491 554 1548 629 jus
1569 555 1765 630 patronatus
1788 573 1849 620 ec-

1057 647 1170 709 clesiae
1189 647 1230 708 de
1253 647 1427 710 Nussbach
1450 649 1502 710 eis
1525 652 1705 722 contulerit
1726 654 1851 718 intuitu

1058 743 1203 820 pietalis,
1227 743 1314 821 quod
1337 744 1419 821 ipsis
1438 745 1636 810 auctoritate
1659 751 1851 826 apostoliea

1057 839 1122 902 fuit
1144 841 1352 918 postmodum
1373 841 1614 915 confirmatum,
1645 861 1706 908 nos
1727 849 1852 912 eisdem

1057 937 1232 999 ecclesiam
1256 939 1362 1015 ipsam
1384 938 1567 1001 concedere
1591 943 1852 1009 misericorditer

1057 1035 1281 1109 dignaremur,
1299 1036 1345 1097 ita
1361 1035 1448 1112 quod
1470 1038 1544 1114 post
1562 1040 1702 1101 mortem
1717 1042 1850 1118 plebani

1058 1131 1208 1207 ejusdem
1222 1132 1374 1194 ecclesiae
1394 1135 1575 1210 proventus
1589 1135 1696 1212 ipsius
1718 1137 1752 1200 in
1772 1155 1851 1202 usus

1058 1228 1208 1304 proprios
1233 1229 1368 1292 valeant
1394 1230 1551 1303 retinere,
1580 1233 1614 1294 te
1637 1234 1678 1296 de
1702 1235 1850 1311 ipsorum

1057 1325 1198 1388 honesta
1213 1328 1466 1389 conversatione
1481 1329 1647 1392 laudabile
1666 1331 1762 1393 nobis
1778 1334 1869 1396 tes.

1057 1421 1233 1484 timonium
1252 1439 1311 1501 per
1331 1427 1406 1485 tuas
1428 1425 1557 1487 litteras
1580 1427 1785 1502 perhibente,
1811 1443 1852 1492 ac

1058 1520 1266 1596 supplicante
1302 1521 1507 1596 superbae
1539 1523 1759 1587 nihilominus
1790 1543 1851 1604 pro

1058 1615 1193 1678 elsdem.
1215 1619 1283 1679 Nos
1306 1617 1407 1692 igitur
1426 1620 1459 1679 et
1479 1619 1613 1680 illorum
1635 1622 1853 1700 supplicatio-

1059 1712 1169 1786 nibus,
1197 1714 1357 1790 quantum
1382 1730 1456 1776 oum
1482 1717 1551 1777 Deo
1584 1729 1758 1793 possumus
1787 1737 1852 1782 an-

1059 1825 1173 1881 nuere,
1190 1825 1230 1871 ao
1249 1810 1321 1878 tibi,
1336 1813 1392 1888 qui
1411 1811 1477 1872 loci
1497 1811 1706 1876 dioeoesanus
1721 1817 1850 1892 existis,

1059 1905 1188 1968 deferre
1209 1907 1369 1980 volentes,
1395 1907 1638 1972 fraternitatem
1659 1914 1751 1975 tuam
1775 1930 1851 1976 mc-

1059 2018 1175 2063 nemus
1187 2002 1322 2075 attente,
1339 2019 1399 2081 per
1410 2007 1599 2082 Apostolica
1613 2011 1736 2087 scripta
1752 2027 1851 2072 man-

1059 2099 1185 2170 dantes,
1203 2101 1367 2176 quatenus
1381 2117 1482 2178 super
1496 2103 1559 2166 lroc
1574 2106 1711 2182 capituli
1725 2107 1774 2169 tui
1792 2123 1852 2170 as-

1059 2211 1169 2268 sensu,
1186 2198 1283 2273 prout
1295 2198 1439 2274 expedit,
1452 2201 1625 2278 requisito,
1640 2203 1669 2263 si
1679 2204 1720 2264 de
1732 2205 1852 2269 horum

1057 2294 1228 2356 voluntate
1245 2295 1448 2368 conceditur,
1467 2299 1660 2373 praedictam
1675 2302 1853 2367 ecclesiam

1058 2391 1239 2453 memorato
1259 2393 1437 2470 praeposito
1461 2395 1494 2456 et
1516 2393 1660 2473 capitulo
1685 2399 1850 2474 conferas,

1058 2487 1155 2563 prout
1169 2488 1293 2550 videris
1309 2489 1478 2566 expedire.
1499 2494 1568 2553 Nos
1583 2493 1672 2554 enim
1687 2495 1737 2556 eis
1750 2511 1852 2575 super

1058 2584 1110 2644 liis
1135 2585 1295 2662 quaesibi
1320 2603 1339 2647 a
1361 2590 1394 2648 te
1418 2604 1493 2650 cum
1517 2590 1750 2666 praedictorum
1772 2609 1855 2657 con-

1058 2697 1159 2743 sensu
1178 2683 1338 2744 canonice
1352 2699 1392 2745 ac
1407 2685 1544 2761 provide
1563 2687 1790 2762 conferuntur,
1805 2692 1851 2752 li-

1056 2778 1174 2840 benter
1198 2779 1346 2843 favorem
1372 2781 1601 2858 impertiemur
1624 2787 1850 2862 apostolimm

1057 2875 1221 2952 requisiti.
1236 2877 1353 2940 Datum
1369 2875 1536 2949 Laterani,
1553 2879 1662 2942 Vkal.
1676 2880 1848 2958 fabruarii,

1057 2973 1268 3050 pontificatus
1281 2973 1387 3036 nostri
1402 2990 1489 3036 anno
1503 2975 1653 3052 septimo.

1391 3319 1516 3410 LXIV

1135 3472 1189 3532 Ad
1210 3473 1406 3546 episcopum
1433 3473 1469 3536 et
1492 3477 1773 3542 archidiaconum

1338 3571 1566 3634 Florentiam.

1316 3697 1352 3755 28
1368 3698 1492 3771 januarIi
1509 3701 1588 3759 fara.

1192 3818 1339 3883 mittarelli,
1354 3821 1447 3872 Auum.
1460 3821 1586 3884 Gamald„
1596 3823 1639 3882 lv,
1651 3823 1720 3890 tit]

1057 3943 1106 4000 liis
1126 3956 1253 4010 oausam,
1276 3944 1350 4001 inter
1371 3944 1495 4016 priorem
1516 3943 1674 4019 frauespue
1697 3949 1849 4012 camaldu-

1092 4031 1187 4088 leneas
1196 4045 1232 4088 en
1241 4037 1321 4103 parte
1332 4046 1388 4088 una
1398 4039 1426 4088 et
1436 4032 1573 4104 plebanos
1580 4034 1706 4108 plebium
1717 4040 1850 4112 Partine,

1092 4117 1217 4176 bibianae
1230 4126 1258 4176 et
1272 4118 1373 4191 Bujani
1384 4134 1419 4176 cx
1434 4121 1533 4191 altera,
1544 4136 1630 4196 super
1640 4125 1762 4196 quadam
1771 4135 1852 4201 parte

1092 4206 1266 4264 decimarum
1279 4207 1307 4264 in
1320 4205 1402 4265 dictis
1417 4208 1577 4280 plebatibus
1591 4219 1760 4286 vertentem,
1775 4231 1851 4278 com·

1092 4293 1177 4351 mittit
1188 4293 1385 4352 decidendam.

1098 4420 1265 4482 Honorius
1276 4421 1588 4498 episcopusservus
1599 4431 1849 4502 servorumDei,

1056 4516 1241 4579 venerabili
1267 4517 1362 4582 fratri
1387 4507 1553 4597 episcope,
1579 4523 1612 4585 et
1637 4523 1757 4588 dilecto
1780 4527 1850 4590 filio

1057 4615 1295 4678 archidiacono
1314 4617 1518 4690 FlorentIno,
1540 4619 1682 4682 salutem
1697 4623 1730 4684 et
1743 4626 1851 4700 Apoe-

1057 4712 1192 4774 tolioam
1205 4711 1482 4777 benedictionem.

1098 4809 1272 4881 Querelam
1295 4810 1491 4872 dilectorum
1512 4811 1656 4873 filiorum
1675 4813 1798 4890 prioris
1816 4817 1851 4880 et

1058 4906 1196 4968 fratrum
1216 4906 1517 4970 camaldulensium
1532 4909 1720 4983 accepimus
1737 4913 1849 4975 conti-

1058 5005 1201 5074 nentem,
1227 5003 1314 5082 quod
1336 5021 1437 5083 quum
1458 5005 1553 5068 bonae
1573 5007 1741 5070 memoriae
1756 5011 1848 5084 limo,

1058 5101 1338 5164 etconstantinus
1349 5100 1524 5178 etquidem
1537 5101 1597 5162 alii
1607 5103 1754 5182 episcopi
1765 5107 1851 5170 are-

1057 5197 1120 5259 tini
1145 5197 1320 5276 quamdam
1345 5200 1471 5274 partam
1499 5197 1703 5261 decimarum
1730 5202 1849 5279 pleba-

1057 5294 1151 5356 tuum
1175 5294 1330 5366 Partinae,
1353 5293 1501 5356 Bibienae
1525 5296 1557 5357 et
1580 5299 1700 5373 Bujani
1723 5300 1779 5376 pia
1800 5302 1851 5362 eis

1058 5390 1258 5452 liberalitate
1277 5390 1443 5464 donarint,
1465 5393 1563 5470 prout
1580 5392 1615 5454 in
1635 5393 1755 5456 litteris
1770 5411 1853 5457 con-

1058 5487 1154 5550 iectIs
1177 5487 1297 5548 exinde
1312 5487 1442 5565 plantus
1457 5489 1656 5562 continetur,
1678 5505 1717 5552 ac
1736 5493 1851 5556 eadem

1059 5581 1193 5647 donatio
1213 5598 1274 5661 per
1294 5585 1517 5650 venerabilem
1541 5587 1678 5650 fratrem
1702 5591 1851 5654 nostrum
