4222 6374
160 309 199 370 81
770 307 999 372 EPISTOLAE.
1022 310 1101 370 ΗΒ.
1124 309 1182 372 VL'
1636 373 1640 380 ,
1766 313 1810 376 82

160 465 240 530 iacti
261 467 455 530 innomine
477 466 549 542 iiiii,
572 466 639 531 iam
660 467 836 542 redditum,
859 483 957 546 quem
1012 468 1121 541 nobis,
1137 467 1225 546 quod
1244 479 1344 546 quum
1366 469 1526 534 dudum...
1546 469 1630 547 regi,
1652 469 1730 534 nato
1750 472 1807 534 tuo

161 563 203 627 de
230 565 334 642 signis
361 564 523 642 plumbeis
549 565 622 631 sive
645 566 793 642 stagneis
815 568 958 642 hpcsto-
1011 565 1156 628 secundo
1182 567 1305 642 genito,
1335 567 1376 627 ad
1407 581 1547 644 regnum
1571 568 1715 631 caieta
1743 567 1807 630 sibi

160 661 270 724 iorum
292 662 383 724 Petri
403 664 437 724 et
458 663 556 724 Pauli
573 662 754 738 imaginem
774 662 958 739 praeleran-
1011 663 1135 735 datum,
1153 679 1213 740 per
1226 664 1452 726 venerabilem
1465 664 1601 728 tratrem
1617 668 1805 728 nostrum...

161 758 262 830 tibus,
292 758 411 836 quibus
439 773 555 820 eorum
579 759 697 821 limina
720 759 896 822 visitantes
921 760 957 822 in
1011 761 1275 837 strigoniensem
1296 761 1585 840 archiepiscopum
1609 763 1807 825 auctoritate

161 858 393 932 argumentum
419 857 563 933 propriae
594 855 780 918 devotionis
806 857 838 919 et
862 857 958 918 testi·
1012 857 1315 935 Sedishpostoiicae
1326 859 1806 934 coronatoinregem...iliiam

160 953 309 1016 monium
324 953 455 1014 itineris
475 953 696 1018 consummati
712 969 749 1016 se
765 954 856 1030 ipsos
873 954 958 1016 insi·
1011 955 1133 1018 nobilis
1152 955 1255 1018 viri...
1284 955 1379 1018 ducis
1398 955 1547 1018 Poioniae
1572 955 1807 1028 matrimonia-

160 1048 291 1127 gniunt,
316 1050 579 1127 praedecessores
602 1050 718 1122 nostri,
747 1051 781 1113 et
804 1066 866 1112 nos
892 1051 956 1128 ipsi
1010 1052 1089 1114 liter
1100 1053 1571 1130 copulassesitamatequam
1584 1052 1710 1130 abipso
1722 1053 1807 1116 duee
1896 1075 1901 1087 ·

161 1147 334 1226 percipere
351 1148 595 1235 consuevimus,
611 1163 711 1224 quam
725 1148 956 1210 auctoritatem
1011 1150 1177 1224 corporali
1193 1149 1383 1225 juramento
1402 1148 1563 1227 praestitc,
1580 1150 1666 1227 quod
1688 1151 1808 1212 neutm·

160 1243 321 1306 fundendi
336 1259 386 1317 ea,
403 1243 457 1306 vei
471 1244 590 1321 quibus
601 1242 776 1307 volueritis
789 1243 956 1308 fusoribus
1010 1246 1158 1308 vestrum
1182 1245 1319 1308 dissolvi
1343 1245 1533 1325 hujusmodi
1557 1246 1806 1309 matrimonium

161 1339 376 1413 concedendi,
391 1341 448 1418 qui
467 1341 561 1404 vobis
580 1341 709 1404 tantum
729 1341 769 1404 de
787 1341 871 1418 ipsis
883 1355 958 1404 res-
1011 1342 1220 1419 procuraret3
1244 1343 1324 1422 quin
1343 1343 1410 1405 imo
1430 1359 1542 1420 regem
1562 1343 1756 1422 pradictum
1770 1343 1807 1405 in

161 1436 339 1516 pendeant,
355 1437 450 1500 vobis
470 1437 503 1500 et
524 1453 664 1513 parvos
686 1438 854 1502 canontcoe
875 1454 954 1500 ves·
1011 1439 1189 1502 obtinendo
1211 1456 1349 1517 regnum
1369 1443 1481 1518 ipsum
1503 1441 1722 1504 detenderetls
1735 1441 1807 1504 tolo

163 1536 222 1597 trae
243 1535 457 1613 presentium
476 1535 675 1599 auctoritate
694 1536 905 1598 concedimus
924 1537 957 1598 et
1010 1537 1159 1614 tempore
1171 1539 1249 1600 vitae
1261 1539 1512 1615 vestraesqunm
1524 1539 1659 1600 sinistre
1671 1538 1804 1610 accidit,

160 1632 335 1710 praeseniis
358 1632 473 1710 scripti
496 1632 681 1710 patrocinio
702 1632 954 1696 communimus.
1010 1649 1124 1711 regem
1146 1635 1254 1712 ipsum
1277 1652 1352 1710 cum
1376 1651 1499 1712 sponsa
1520 1637 1633 1698 suaet
1654 1635 1806 1712 pluribus

159 1727 296 1804 adhoc,
317 1729 378 1790 sub
397 1745 495 1806 poena
509 1729 863 1794 excommunicationis
882 1729 955 1790 dis·
1011 1731 1089 1792 aiiis
1103 1732 1187 1793 viris
1208 1731 1375 1794 nobilibus
1394 1747 1414 1794 a
1435 1733 1503 1794 tuis
1522 1731 1673 1794 hostibus
1696 1732 1806 1808 capti·

159 1825 292 1888 trictius
313 1826 514 1904 inhibemus,
537 1843 580 1888 ne
599 1827 673 1904 quis
696 1841 736 1888 ea
756 1826 877 1903 praeter
895 1841 955 1887 as·
1010 1828 1095 1899 vari,
1116 1829 1150 1891 et
1163 1825 1290 1889 tamdiu
1309 1830 1402 1893 extra
1425 1845 1565 1905 regnum
1584 1829 1692 1905 ipsum
1706 1843 1805 1915 man7

161 1939 308 1996 sensum,
325 1924 357 1985 et
378 1924 631 1986 concessionem
649 1925 805 1996 vestram,
820 1923 955 2000 aliqua-

159 2020 258 2082 tenus
273 2020 419 2082 formare
432 2021 622 2097 prasumat.
639 2037 658 2081 a

200 2118 271 2178 Nos
293 2132 374 2193 ergo
396 2118 483 2195 quod
508 2117 549 2178 ab
571 2118 686 2180 eodem
710 2117 954 2196 predecessore

160 2216 275 2276 nostro
292 2231 393 2292 super
412 2214 603 2276 bisfactum
621 2215 682 2288 est,
704 2215 812 2278 ratum
828 2213 956 2276 haben-

159 2313 222 2384 tes,
242 2310 325 2372 iiiud
347 2311 544 2374 auctoritate
565 2312 754 2389 Apostolica
777 2311 956 2375 conflrma-

160 2425 250 2482 mus,
267 2409 301 2470 at
322 2410 497 2486 praesentis
519 2411 637 2488 scripti
656 2409 842 2487 patrocinio
864 2425 956 2472 com-

160 2507 339 2578 munimus
369 2505 430 2567 sub
458 2507 616 2584 praedicta
645 2523 743 2584 poena
771 2507 954 2569 districtius

160 2602 361 2676 inhibentes,
387 2618 431 2665 ne
459 2603 533 2680 quis
558 2605 594 2664 in
619 2604 706 2666 Urbe
729 2603 791 2665 sub
821 2604 955 2667 nomine

160 2701 303 2761 aliarum
318 2700 537 2762 ecclesiarum
558 2701 625 2763 alia
638 2703 734 2778 signa
747 2701 956 2778 supradicto-

160 2812 235 2857 rum
260 2795 492 2873 Apostolorum
526 2797 705 2874 imaginem
741 2797 954 2875 praeierentia

160 2891 299 2954 fundere
313 2893 366 2954 vel
381 2894 525 2955 vendere
549 2895 670 2956 audeat
694 2895 767 2956 sine
789 2897 903 2982 nostra
923 2896 956 2956 et

160 2989 318 3052 Ecclesia
334 2993 492 3053 Romanae
507 2990 808 3070 licentia‘speciail.

200 3086 294 3149 Nulli
313 3103 393 3164 ergo
412 3089 547 3150 omnino
563 3089 734 3150 hominum
749 3089 849 3152 liceat
868 3088 955 3150 hanc

159 3186 315 3262 paginam
337 3187 460 3248 nostrae
485 3185 747 3250 confirmationis
772 3186 805 3248 et
825 3185 954 3248 inbibi-

159 3283 260 3344 tionis
272 3282 465 3359 intringere,
477 3282 530 3346 vei
542 3283 574 3344 ei
587 3299 671 3345 ausu
682 3282 860 3346 temerario
873 3299 955 3346 con·

161 3379 274 3441 traice.
300 3380 335 3440 Si
358 3379 431 3456 quis
454 3381 565 3442 autem
589 3380 653 3442 boc
674 3381 838 3446 attentare
862 3396 953 3458 prae-

160 3475 356 3552 sumpserit,
408 3475 673 3553 indignationem
718 3477 954 3555 omnipotentis

159 3571 232 3642 Dei,
248 3571 310 3634 etc.
327 3571 446 3634 Datum
466 3573 634 3647 Laterani,
660 3576 704 3636 VI
723 3575 885 3638 kalendas
904 3573 955 3636 ie-

1011 1922 1137 2002 cipatos
1150 1923 1309 1987 custodiae
1323 1923 1475 1997 detineri,
1491 1925 1596 1987 donec
1608 1925 1806 1988 necessitate

1010 2021 1211 2097 compulsus,
1236 2037 1311 2084 cum
1336 2021 1426 2099 ipsos
1451 2022 1550 2085 aliter
1573 2021 1716 2088 liberare
1738 2037 1806 2084 non

1009 2132 1135 2195 posses,
1146 2120 1338 2194 juramento
1349 2118 1496 2196 praestito
1509 2118 1702 2196 promisisti,
1718 2117 1805 2196 quod

1010 2213 1078 2276 et...
1095 2213 1165 2275 illic
1180 2214 1236 2277 tuo
1251 2215 1350 2276 tertio
1369 2215 1481 2290 genito
1499 2215 1724 2278 concessimus
1739 2213 1805 2294 ipsi

1009 2326 1148 2387 regnum
1170 2310 1345 2388 praeiatum
1361 2309 1447 2392 (1)...
1469 2311 1573 2374 tiliam
1600 2311 1721 2375 nobilis
1740 2311 1805 2374 viri

1009 2407 1171 2468 Misoziau
1193 2408 1485 2472 matrimonialiter
1503 2409 1688 2487 copulares,
1706 2420 1806 2486 super

1009 2519 1074 2582 quo
1097 2503 1211 2581 ntique
1232 2505 1431 2582 spostolicae
1451 2505 1652 2583 provisionis
1676 2505 1804 2568 suitha-
1927 2575 1933 2580 ,

1009 2602 1100 2676 gium
1120 2602 1305 2678 postulasti.
1322 2605 1391 2666 Nos
1406 2603 1509 2680 igitur
1522 2603 1586 2666 hac
1606 2605 1639 2666 et
1653 2603 1730 2666 aliis
1745 2619 1806 2682 pe-

1009 2697 1182 2760 titionibus
1206 2700 1273 2760 tuis
1297 2699 1332 2760 in
1358 2701 1537 2776 praesentia
1562 2701 1702 2763 iratrum
1726 2715 1807 2762 nos-

1009 2795 1135 2857 trorum
1168 2795 1346 2872 diiigenter
1377 2797 1549 2874 expositis,
1586 2798 1627 2859 de
1657 2799 1805 2874 ipsorum

1009 2893 1149 2954 consilio
1158 2893 1385 2969 juramentum
1401 2892 1592 2970 hujusmodi
1607 2895 1642 2954 in
1657 2908 1696 2955 eo
1716 2893 1805 2955 dun·

994 2988 1114 3059 ,taxat
1143 2988 1229 3064 quod
1253 3003 1392 3064 regnum
1419 2989 1613 3066 praedictum
1644 2988 1703 3050 aiii
1731 2987 1804 3066 regi

1009 3084 1209 3146 auctoritate
1217 3086 1406 3162 apostoliea
1421 3088 1591 3158 coronato,
1605 3087 1712 3164 primo
1720 3101 1805 3149 con-

1009 3195 1139 3243 cessum
1149 3182 1300 3259 tetigisse
1309 3183 1452 3257 videtur,
1469 3183 1638 3262 tamquam
1649 3183 1804 3245 illicitum

1009 3279 1042 3340 et
1056 3279 1359 3357 primojuramanto
1374 3281 1578 3344 contrarium
1596 3281 1804 3343 decrevimus

1008 3392 1075 3438 non
1085 3376 1209 3438 tenere.
1225 3379 1263 3438 in
1276 3393 1315 3440 eo
1327 3394 1409 3440 vero
1419 3379 1505 3456 quod
1518 3379 1645 3456 spectat
1657 3377 1698 3440 ad
1712 3375 1804 3441 aliud

1008 3463 1258 3536 matrimonium
1273 3475 1548 3545 contrabendum,
1565 3476 1722 3555 expedire
1737 3491 1804 3538 non

1007 3570 1152 3634 vidimus
1171 3571 1208 3633 ut
1226 3571 1412 3635 absolvaris
1424 3587 1443 3634 a
1456 3573 1571 3635 nobis:
1588 3589 1689 3650 quum
1701 3575 1802 3647 enim,

1008 3659 1096 3730 sicut
1109 3669 1309 3747 accepimus,
1325 3671 1482 3746 praelatus
1495 3671 1584 3732 iliius
1595 3671 1673 3734 tuus
1689 3673 1722 3734 et
1733 3670 1804 3734 iiiia

1008 3765 1190 3842 supradicti
1205 3768 1249 3827 M.
1266 3765 1302 3827 ln
1322 3767 1444 3829 minori
1466 3767 1612 3830 existant
1631 3765 1803 3830 constituti

540 3877 580 3972 G*
1008 3861 1116 3934 aetate,
1136 3865 1312 3939 antequam
1335 3864 1377 3924 ad
1401 3864 1531 3925 nubiles
1553 3879 1659 3926 annos
1684 3879 1805 3942 perve-

1008 3960 1112 4031 niant,
1134 3960 1193 4021 tibi
1217 3961 1349 4022 cautius
1373 3962 1406 4024 et
1428 3961 1613 4024 consultius
1634 3961 1803 4040 provideri

1007 4057 1129 4134 poterit
1142 4057 1177 4119 in
1191 4057 1255 4118 hoc
1274 4073 1366 4119 casu.
1388 4059 1494 4136 Super
1515 4074 1554 4121 eo
1569 4061 1692 4133 autem,
1715 4060 1803 4138 quod

1006 4169 1153 4226 causam,
1166 4169 1239 4231 quae
1249 4154 1390 4218 vertitur
1401 4156 1489 4218 inter
1498 4157 1531 4219 te
1541 4173 1580 4218 ac
1593 4157 1803 4220 carissimam

1005 4251 1042 4312 in
1057 4251 1189 4315 Christo
1202 4251 1305 4314 hilam
1320 4255 1469 4316 nostram
1484 4255 1712 4318 Constantiam
1727 4257 1800 4318 Ito-

1006 4363 1180 4410 manorum
1201 4350 1448 4430 imperatricem
1474 4368 1606 4431 semper
1627 4353 1802 4429 augustam

1006 4449 1040 4508 et
1052 4447 1203 4523 reginam
1224 4449 1359 4522 Siciiiae,
1383 4450 1425 4512 ad
1445 4452 1594 4513 nostram
1614 4451 1726 4528 petisti
1740 4467 1804 4512 au-

1006 4543 1166 4606 dientiam
1185 4547 1353 4618 renovari,
1376 4547 1510 4610 noveris
1528 4565 1590 4611 nos
1605 4549 1713 4610 eidem
1734 4549 1802 4610 im·

197 4637 364 4698 Honorius
393 4637 578 4714 episcopus,
608 4637 685 4710 etc„
711 4639 884 4702 carissimo
915 4641 951 4702 io
1005 4641 1164 4719 peratrici
1182 4646 1316 4705 nostras
1340 4659 1441 4722 super
1462 4647 1526 4708 hoc
1548 4647 1677 4708 litteras
1698 4646 1804 4708 desti-

157 4731 289 4796 Christo
302 4733 408 4795 illio...
422 4733 546 4796 illustri
558 4736 629 4811 regi
645 4737 838 4813 Hungariae,
855 4739 951 4800 salu-⁴
1004 4755 1115 4813 nasse,
1130 4741 1302 4803 credentes
1316 4742 1402 4818 quod
1417 4743 1537 4820 etipsa
1552 4743 1633 4805 velit
1645 4741 1799 4816 libenter,

156 4829 235 4902 tem,
252 4831 313 4892 etc.
1005 4839 1042 4898 ut
1056 4836 1143 4900 idem
1162 4838 1330 4914 negotium
1351 4840 1391 4900 ad
1411 4841 1611 4916 apostolicae
1630 4840 1725 4902 Sedis
1739 4852 1799 4900 re-

197 4930 304 5000 Qoum
339 4927 373 4990 te
398 4927 486 4991 sicut
510 4929 720 4993 carissimum
748 4931 785 4994 in
818 4931 950 4996 Christo
1004 4935 1154 4998 mittatur
1170 4949 1321 4999 examen.
1342 4939 1408 4999 Pro
1428 4951 1467 5000 eo
1484 4953 1565 5000 vero
1582 4936 1669 5013 quod
1689 4937 1725 4998 in
1740 4951 1801 5000 ne·

156 5023 261 5086 hlium
285 5026 435 5087 nostrum
460 5026 591 5088 sincera
616 5027 794 5105 diligamus
820 5028 855 5090 in
879 5033 949 5092 Do·
1004 5033 1093 5108 gotio
1119 5033 1320 5096 venerabilis
1342 5034 1457 5096 iratris
1482 5035 1626 5096 nostri...
1650 5034 1800 5112 episcopi

156 5121 248 5182 mino
274 5122 424 5194 caritate,
448 5123 600 5186 dubitare
624 5126 657 5187 te
678 5125 844 5198 nolumus,
870 5127 950 5205 quin
1005 5131 1199 5190 Gauriensis
1220 5133 1413 5209 petitionem
1437 5131 1529 5193 tuam
1553 5132 1714 5194 exaudire
1738 5149 1800 5194 ne-

155 5233 271 5294 preces
290 5221 324 5282 el
343 5219 520 5296 petitiones
534 5222 610 5282 tuas
628 5223 790 5286 exaudire
808 5224 951 5286 libenter
1004 5227 1183 5304 quivimus,
1214 5229 1307 5306 regia
1337 5229 1501 5292 serenitas
1534 5245 1601 5292 non
1633 5230 1796 5293 turbetur.

154 5316 307 5388 velimus,
331 5319 491 5394 quantum
515 5335 591 5378 cnm
610 5322 677 5382 Deo
695 5323 729 5382 et
749 5321 949 5398 Apostolicae
1004 5326 1088 5385 Nam
1110 5341 1185 5386 cum
1209 5327 1251 5387 ab
1277 5327 1405 5390 honore
1425 5329 1624 5405 Apostolicaa
1649 5329 1744 5390 Sedis
1765 5327 1799 5392 et

156 5412 252 5474 Sedis
266 5415 300 5474 et
313 5415 428 5476 nostra
443 5431 618 5491 possumus
633 5416 816 5480 honestate.
836 5419 950 5496 Nuper
1003 5423 1117 5484 nostro
1148 5423 1350 5500 despondeat
1376 5424 1483 5488 honor
1506 5427 1594 5494 tuus.
1620 5427 1800 5503 quantum·

154 5510 244 5570 enim
265 5525 309 5572 ex
331 5513 425 5588 parte
443 5513 501 5574 tua
523 5512 587 5576 luit
606 5515 811 5591 propositum
835 5531 948 5580 coram
1003 5535 1143 5598 cumque
1158 5520 1333 5596 praelatum
1345 5524 1535 5604 episcopum
1545 5525 1678 5601 diligas,
1694 5522 1798 5588 multo

192 5621 234 5695 ti)
255 5625 379 5684 Forsan:
398 5623 671 5702 [Postconeesssm]
683 5628 736 5702 ipsi
751 5643 872 5702 regnum
885 5628 1045 5705 prolatum,
1123 5633 1220 5704 liliam,
1236 5641 1290 5693 etc.

158 3667 299 3741 bruarii,
315 3671 525 3746 pontificatus
539 3671 648 3734 nostri
660 3686 749 3734 anno
764 3673 871 3734 sexto.
926 3699 928 3705 v

257 4035 309 4094 Ad
322 4036 498 4096 andream
511 4049 631 4110 regma
643 4038 850 4112 Htcopartoe.
924 4069 928 4076 ·

424 4174 458 4232 2⁷
470 4173 593 4247 januarii
607 4175 686 4233 itti.

296 4295 424 4360 [Theisoa
441 4298 509 4348 uon.
524 4263 618 4361 hung,
633 4297 653 4356 1,
666 4297 707 4361 aa,
723 4297 812 4362 sca]

207 4423 267 4480 ilex
280 4423 463 4496 Huogeriaea
479 4421 602 4494 quodam
612 4423 775 4496 juramento
789 4425 904 4484 incaute

400 4511 527 4584 praestito
542 4509 708 4570 absolvitur.
