4274 6388
171 269 230 332 189

169 428 248 492 tur:
265 425 428 500 Quocirca
449 424 644 490 discretioni
657 423 777 488 vestre
792 439 852 503 per
864 427 967 502 Apos-

169 524 272 588 tolioa
296 525 434 608 scripta
445 523 641 586 mandamus
656 523 829 600 qnatenus,
846 523 875 584 si
895 522 967 584 dic-

171 623 225 686 tus
251 621 374 682 nobilis
397 621 589 683 mandatum
612 622 762 683 nostrum
787 635 888 697 super
913 618 966 679 bis

171 735 240 782 non
262 719 392 782 curarit
412 718 605 796 adimplere,
631 733 702 790 vos,
724 718 753 778 si
777 719 828 780 est
848 717 908 790 ita,
924 716 965 778 ad

167 815 362 894 jamdictam
377 815 631 893 praeposituram
650 814 864 877 restituentes
878 829 968 891 prae-

172 914 316 992 positum
330 915 558 986 memoratum,
584 911 717 975 lactatis
742 912 853 989 ipsum
874 913 967 988 ejus·

172 1011 258 1083 dem,
282 1011 480 1074 auctoritate
508 1009 633 1082 nostra,
663 1009 803 1086 pacifica
831 1024 967 1086 posses-

172 1107 267 1170 sione
278 1107 436 1183 gaudere.
451 1107 543 1179 Quod
558 1107 668 1168 sinon
684 1122 809 1180 omnes,
827 1107 889 1168 etc.

213 1207 332 1268 Datum
344 1206 464 1279 alatri,
481 1208 511 1268 ΙΙ
525 1206 601 1268 idus
610 1205 709 1284 junii,
724 1219 812 1267 anno
827 1203 933 1266 sento.

224 1639 452 1703 aduocatam
471 1643 513 1702 dc
531 1639 659 1716 Lepida
680 1641 715 1702 S.
736 1637 913 1702 Michaelis

450 1736 668 1799 Hctberstad

365 1867 398 1926 st
412 1866 481 1926 mail
491 1867 538 1924 vel
554 1867 588 1926 ta
603 1865 676 1939 junii
689 1865 768 1924 tiit.

309 1991 413 2056 OEratb,
424 1991 485 2041 Cod.
499 1989 605 2054 diplom.
616 1987 759 2052 Quadri,
772 1985 838 2052 tib]

210 2105 291 2165 Licet
310 2105 453 2162 abbatissa
466 2103 593 2162 subditos
611 2103 860 2162 excommunicare
872 2113 932 2160 non

255 2194 354 2267 possit,
370 2194 424 2265 ipsl
438 2199 535 2250 mmen
550 2192 604 2250 sibi
615 2191 733 2250 obedire
746 2198 888 2249 tenentur.

214 2318 341 2381 Dilecta
361 2318 396 2379 in
415 2317 546 2380 Christo
568 2314 637 2380 tilia
659 2316 826 2379 abbatissa
839 2317 880 2380 de
894 2319 965 2378 Bu-

174 2415 303 2492 brigen.
317 2415 515 2478 'transmissa
528 2414 621 2477 nobis
635 2415 795 2493 petitione
806 2415 968 2476 monstra·

175 2514 234 2586 vit,
255 2513 341 2592 qnod
364 2529 464 2590 quum
483 2513 557 2590 ipsa
580 2511 773 2590 plerumque
788 2511 966 2573 canonicas

176 2610 302 2672 suaset
322 2610 462 2672 clericos
482 2626 550 2671 snae
561 2609 787 2686 jnrisdictioni
803 2607 966 2686 subjectos

176 2710 311 2786 propter
324 2695 568 2769 inobedientias
584 2708 617 2768 et
631 2707 872 2784 cnlpaseorum
887 2704 965 2767 olii-

176 2805 229 2866 cio
242 2804 470 2881 beneficioque
485 2803 676 2880 suspendat,
692 2805 725 2864 et
737 2803 836 2863 iidem
851 2801 966 2868 contisi

177 2917 220 2963 ex
243 2916 294 2972 ec,
311 2901 397 2977 quod
424 2899 539 2961 eadem
554 2899 723 2962 abbatissa
738 2899 969 2961 excommuni-

177 3013 255 3073 care
270 3014 327 3061 eos
348 3013 415 3058 non
437 2997 554 3074 potest,
578 2997 830 3074 suspensionem
849 2995 968 3073 hujus-

176 3095 266 3158 modi
280 3111 346 3157 non
362 3094 550 3166 observant,
568 3093 702 3172 propter
719 3093 804 3170 quod
819 3093 967 3170 ipsorum

176 3208 334 3254 excessus
368 3189 543 3253 remanent
580 3190 769 3252 incorrecti.
806 3189 969 3262 Quocirca

177 3289 370 3351 discretioni
384 3289 450 3350 tuae
463 3303 523 3364 per
533 3287 724 3365 Apostolica
738 3286 862 3364 scripta
873 3302 970 3347 man-

175 3386 305 3458 damns,
316 3386 479 3463 quatenus
500 3385 605 3446 dictas
621 3385 799 3446 canonicas
815 3383 848 3445 et
869 3382 970 3444 cleri-

178 3499 245 3556 cos,
263 3484 299 3545 nt
322 3481 499 3544 abbatissae
522 3479 668 3559 praelatae
690 3480 911 3542 obedientiam
938 3481 970 3542 et

177 3581 398 3642 reverentiam
411 3579 555 3641 debitam
568 3578 809 3655 impendentes,
823 3581 896 3654 ejus
909 3593 968 3638 sa-

178 3677 286 3738 lubria
300 3677 426 3738 monita
441 3679 474 3739 et
487 3675 643 3738 mandata
658 3675 845 3748 observent,
861 3674 971 3736 moni-

177 3775 269 3836 tione
283 3774 471 3850 praemisse,
490 3773 716 3834 ecclesiastica
740 3787 892 3844 censura,
909 3787 971 3849 ap-

178 3871 356 3947 pellatione
382 3871 520 3944 remota,
539 3868 728 3947 compellas.
753 3869 872 3931 Datum
890 3868 971 3930 Ala-

178 3969 233 4040 cri,
260 3969 290 4028 ll
311 3965 473 4028 kalendas
497 3969 559 4030 atet
575 3967 620 4029 id.
642 3965 742 4044 jnnii,
758 3965 969 4043 pontificatus

179 4064 285 4126 nostri
296 4079 384 4126 anno
397 4065 503 4126 sexto.

496 4344 648 4432 CCXVI

228 4499 280 4558 Ad
291 4499 484 4573 Hoponem,
504 4497 696 4558 Ostiensem
712 4496 917 4569 episcopum,

330 4595 529 4670 Apostottcae
544 4593 643 4655 Sedis
657 4592 819 4667 capacem.

459 4723 492 4780 ia
508 4723 583 4796 junii
602 4722 682 4780 {aaa

289 4847 441 4912 [Pennotus,
454 4845 517 4896 Cler.
529 4845 625 4898 Canon.
636 4845 742 4904 Hister„
753 4859 779 4909 p.
790 4843 858 4909 tob]

176 4969 292 5032 blandai
312 4977 352 5040 nt,
367 4970 404 5028 do
423 4969 604 5028 biertariensl
621 4969 742 5026 ecclesia
768 4967 804 5026 ed
824 4975 968 5026 monaste·

184 5109 188 5118 .
212 5061 285 5118 rium
300 5059 329 5118 S.
348 5059 423 5117 Petri
443 5059 472 5114 in
493 5058 570 5118 Coelo
587 5072 674 5115 aureo
693 5055 728 5114 de
744 5057 830 5130 Papia
849 5053 968 5114 transle-

211 5146 310 5218 renda,
325 5154 407 5220 prout
421 5144 633 5220 procedendum
645 5143 756 5214 viderit,
772 5141 916 5218 procedat.

214 5281 382 5344 Honorius
390 5283 580 5360 episcopus,
589 5295 707 5342 servus
717 5277 968 5351 serrorumDsi,

174 5375 358 5442 venerabili
374 5378 470 5440 tratri
485 5379 641 5456 episcopo
654 5375 809 5450 Ostiensi,
824 5375 969 5453 Aposto-

174 5477 250 5538 licae
276 5475 372 5538 Sedis
394 5475 516 5552 legato,
533 5475 687 5548 salntem,
701 5473 764 5536 etc.

216 5573 364 5648 Benigne
387 5575 464 5635 tnas
490 5571 677 5649 recepimus
706 5570 835 5634 litteras
855 5569 971 5633 conti·

793 263 1024 340 EPISTOLAE
1045 265 1123 329 bib.
1147 266 1202 328 VI.

1020 425 1147 498 nentes,
1171 421 1258 503 qnod
1288 425 1321 488 te
1344 424 1521 490 accedente
1549 427 1698 506 Papiam,
1723 431 1813 495 inter

1020 522 1088 584 alia
1102 522 1256 600 reperisti
1278 524 1515 585 monasterinm
1536 526 1649 588 Sancti
1670 527 1761 590 Petri
1774 530 1811 592 in

1021 619 1110 681 Coelo
1139 633 1240 680 aureo
1273 619 1369 680 nobis
1397 619 1587 684 immediate
1615 621 1809 702 subjectum,

1020 717 1104 779 adeo
1123 717 1158 778 in
1181 717 1419 794 spiritualibus,
1437 719 1469 780 et
1487 720 1723 797 temporalibus
1737 738 1812 786 esse

1021 814 1214 891 collapsum,
1232 815 1400 891 quodnisi
1421 828 1482 893 per
1505 817 1812 894 sedisapostolicae

1020 912 1264 988 providentiam
1287 912 1464 986 relevetur,
1494 929 1662 991 nunqnam
1686 914 1813 994 adipis-

1021 1023 1096 1070 cere
1112 1009 1242 1087 poterit,
1260 1010 1296 1072 ut
1309 1010 1473 1086 resurgat.
1491 1010 1579 1072 Idem
1595 1027 1724 1089 qnoque
1738 1029 1813 1076 mo-

1021 1105 1204 1168 nasterinm
1218 1122 1279 1182 pro
1292 1122 1411 1182 magna
1430 1109 1524 1184 parte
1540 1107 1591 1170 est
1612 1107 1768 1182 dirutum,
1781 1111 1814 1174 st

1020 1201 1130 1264 debito
1159 1204 1284 1280 septem
1313 1203 1455 1266 millium
1483 1203 1643 1268 librarum
1673 1208 1813 1270 monetas

1020 1299 1195 1376 Papiensis
1218 1316 1434 1378 oppressum:
1460 1317 1578 1363 rursus
1602 1301 1704 1363 abbas
1719 1307 1813 1381 ejus-

1020 1396 1095 1457 dem
1109 1397 1174 1458 loci
1190 1412 1229 1458 ea
1242 1397 1430 1470 occasione,
1443 1398 1529 1475 qnod
1545 1399 1585 1460 ad
1599 1399 1815 1477 nimiamjam

1020 1495 1239 1555 memoratum
1283 1495 1522 1557 monasterium
1562 1495 1815 1558 dissolutionem

1021 1590 1181 1669 pervenit,
1196 1591 1326 1654 noviter
1337 1591 1388 1654 est
1400 1592 1540 1654 occisus.
1550 1595 1637 1654 Sane
1651 1591 1815 1656 constitu-

965 1750 969 1759 ,
1019 1677 1064 1749 tis
1084 1703 1145 1764 per
1161 1689 1194 1750 te
1217 1687 1385 1763 religiosis
1409 1689 1562 1766 personis
1584 1688 1625 1750 ad
1640 1685 1726 1751 bona
1742 1704 1815 1751 mo-

1021 1784 1167 1845 nasterio
1191 1785 1410 1862 procuranda,
1436 1783 1472 1846 in
1494 1783 1693 1848 solutionem
1712 1783 1815 1848 debiti

1021 1879 1253 1954 convertenda,
1276 1882 1309 1943 et
1334 1881 1508 1943 monacbis
1539 1881 1684 1951 interim,
1710 1881 1815 1944 donec

1021 1977 1103 2038 illud
1119 1977 1160 2038 ab
1173 1977 1363 2054 hujusmodi
1375 1977 1520 2055 respirat
1529 1993 1643 2052 onere,
1655 1977 1691 2040 in
1703 1979 1816 2040 direr-

1022 2073 1068 2134 sis
1092 2073 1302 2135 monasteriis
1326 2073 1508 2148 collocatis,
1531 2089 1631 2151 quum
1645 2090 1815 2151 nunqnam
1865 2145 1867 2150 ,

1022 2170 1184 2246 speretur,
1202 2170 1288 2248 qnod
1304 2170 1397 2232 locus
1410 2171 1481 2250 ipse
1501 2186 1561 2248 per
1577 2171 1691 2248 nigros
1703 2169 1815 2234 ualeat

1021 2267 1202 2329 monachos
1218 2265 1405 2342 reformari,
1418 2265 1637 2331 considerasti
1649 2283 1723 2330 esse
1735 2283 1817 2330 con-

1021 2379 1140 2440 gruum
1164 2363 1198 2426 et
1227 2364 1458 2428 reformationi
1483 2365 1631 2443 ejusdem
1657 2363 1816 2442 expedire

1021 2461 1145 2534 vidisti,
1184 2460 1213 2522 si
1246 2461 1477 2525 Mortariensis
1511 2463 1653 2524 ecclesia
1688 2463 1816 2524 ordinis

1022 2558 1136 2619 Sancti
1160 2557 1337 2635 Augustini
1359 2557 1400 2620 ad
1424 2554 1619 2637 praedictum
1647 2560 1818 2621 monaste-

1020 2654 1185 2727 rium,nbl
1200 2670 1320 2731 corpus
1335 2654 1441 2734 ipsius
1454 2657 1665 2734 requiescere
1680 2657 1818 2732 dignos-

1022 2752 1118 2824 citur,
1135 2751 1367 2824 transferatur,
1379 2769 1480 2830 quum
1498 2754 1650 2814 canonici
1666 2753 1815 2828 ejusdem

1022 2847 1173 2910 ecclesiae
1207 2847 1376 2908 laudabile
1408 2847 1554 2910 habeant
1576 2848 1815 2922 testimonium,

1022 2947 1055 3006 et
1067 2945 1191 3006 dictum
1206 2945 1443 3006 monasterinm
1458 2943 1539 3006 satis
1551 2943 1652 3006 tuerit
1667 2943 1817 3007 honora-

1022 3041 1088 3103 bile
1121 3040 1208 3102 inter
1234 3041 1355 3102 caetera
1382 3041 1562 3118 provinciae
1594 3041 1813 3116 Lombaudiee,

1022 3137 1160 3214 insuper
1181 3154 1200 3199 a
1224 3137 1320 3198 nobis
1347 3137 1381 3198 in
1403 3137 1529 3199 eisdem
1553 3137 1674 3200 litteris
1696 3137 1817 3215 postu·-

1022 3236 1110 3308 lasti,
1130 3237 1167 3296 ut
1190 3235 1339 3297 nostrum
1363 3249 1463 3312 super
1485 3235 1548 3297 hoc
1571 3233 1817 3314 beneplacitum

1024 3332 1255 3394 scriberemus.
1285 3332 1464 3394 Multorum
1489 3331 1578 3394 enim
1603 3333 1818 3410 praelatorum

1024 3430 1171 3507 ejusdem
1186 3429 1367 3507 provinciae
1386 3431 1573 3508 recepimus
1593 3431 1722 3492 litteras
1738 3445 1820 3508 snp-

1024 3527 1228 3604 plioantinm,
1246 3527 1282 3588 nt
1297 3527 1338 3587 ad
1360 3526 1553 3604 praedictum
1578 3527 1819 3590 monasterinm

1025 3624 1174 3686 eamdem
1196 3623 1372 3686 ecclesiam
1397 3623 1649 3698 transferamus,
1675 3641 1714 3687 ac
1737 3640 1818 3702 pro-

1024 3721 1216 3801 ponentium
1238 3721 1301 3782 hoc
1322 3721 1387 3799 ipsi
1406 3721 1620 3794 monasterio,
1638 3723 1672 3783 et
1692 3721 1818 3783 eisdem

1025 3818 1194 3882 canonicis
1210 3817 1378 3894 expedire,
1400 3834 1459 3894 pro
1482 3833 1521 3879 oo
1543 3818 1628 3894 quod
1644 3817 1818 3894 prelatum

1024 3915 1262 3978 monasterium
1291 3929 1351 3990 per
1382 3913 1515 3976 eosdem
1544 3913 1734 3988 canonicos,
1761 3911 1819 3992 qni

1024 4013 1093 4076 vita
1108 4013 1141 4074 et
1151 4009 1405 4073 conversatione
1415 4013 1483 4072 Deo
1494 4009 1525 4072 et
1538 4010 1728 4073 bominibus
1741 4011 1819 4074 sunt

1025 4110 1163 4187 accepti,
1186 4108 1319 4170 facilins
1343 4108 1376 4170 et
1396 4107 1516 4170 melius
1539 4125 1637 4186 quam
1660 4100 1819 4186 peratios
1884 4106 1887 4118 '

1025 4208 1172 4270 creditur
1194 4205 1464 4268 relormandnm:
1488 4205 1522 4266 et
1542 4205 1619 4268 inde
1637 4207 1739 4268 iidem
1761 4223 1820 4269 ca·

1025 4305 1139 4367 nonioi
1151 4303 1291 4366 liberius
1306 4303 1462 4365 insistere
1481 4305 1636 4379 poterunt
1653 4303 1821 4380 regulari·
1926 4345 1937 4358 ,

1024 4402 1086 4463 bus
1107 4401 1279 4473 institutis,
1303 4401 1360 4480 qni
1390 4399 1550 4462 hactenns
1569 4401 1605 4462 in
1627 4401 1742 4462 eadem
1763 4415 1821 4462 ec-

1025 4497 1128 4561 clesia
1141 4513 1229 4575 saepe
1244 4498 1334 4573 passi
1353 4497 1487 4574 propter
1502 4497 1660 4559 continua
1677 4513 1819 4574 guerra-

1024 4613 1099 4659 rum
1121 4595 1327 4667 discrimina,
1344 4594 1591 4667 destructionis,
1611 4595 1644 4656 st
1663 4594 1819 4657 combus-

1024 4693 1126 4756 tionis
1141 4691 1397 4766 incommodum,
1419 4691 1652 4768 nequiverunt,
1671 4707 1745 4768 quae
1764 4689 1818 4751 sui

1026 4794 1103 4853 sunt
1117 4789 1255 4862 ordinis,
1273 4787 1442 4850 commode
1458 4787 1647 4850 observare.
1661 4788 1731 4849 Nos
1751 4787 1819 4862 igi·

1024 4889 1080 4950 tnr
1103 4887 1236 4964 plenam
1265 4885 1305 4947 de
1332 4884 1540 4947 fraternitate
1569 4885 1628 4945 tna
1662 4881 1819 4944 fiduciam

1026 4984 1221 5055 obtinentes,
1236 4998 1295 5062 per
1306 4981 1496 5060 apostolica
1508 4977 1569 5041 tibi
1585 4979 1708 5056 scripta
1722 4993 1820 5040 man-

1025 5078 1153 5155 damus,
1181 5082 1344 5158 qnatenus
1372 5093 1473 5154 super
1502 5077 1566 5137 hoc
1598 5075 1818 5138 consideratis

1025 5177 1166 5255 singulis
1181 5174 1452 5245 circumstantiis,
1469 5173 1666 5234 auctoritate
1690 5173 1817 5244 nostra,

1025 5287 1100 5339 oum
1112 5290 1163 5347 ea,
1176 5291 1250 5352 quae
1262 5270 1418 5334 convenit
1427 5271 1630 5340 maturitate,
1644 5269 1816 5347 procedas,

1024 5374 1122 5451 prout
1145 5370 1327 5432 secundum
1356 5369 1460 5428 Deum
1484 5366 1609 5429 videris
1635 5366 1821 5443 proceden-

1025 5471 1115 5532 dum.
1131 5467 1251 5530 Datum
1269 5465 1437 5538 Laterani,
1453 5463 1562 5527 idibus
1571 5463 1672 5543 junii,
1683 5462 1820 5539 pontiti-
1898 5456 1900 5462 '

1025 5569 1119 5632 catus
1132 5564 1238 5629 nostri
1249 5578 1337 5626 anno
1352 5563 1457 5629 serto.

1752 249 1917 336 aeo'
