4274 6388
197 289 255 349 241
805 285 1033 348 EPISTOLAE.
1056 285 1135 346 LIB.
1157 287 1229 349 vll.
1269 327 1277 347 .
1780 285 1840 346 242

197 445 527 524 3331133133311333,
550 444 698 508 violenta
720 444 905 518 exactione,
931 461 994 506 an·
1046 443 1169 508 nobilis
1184 445 1256 522 ipse
1272 459 1347 507 333
1359 444 1484 507 313333
1505 443 1576 506 3313
1588 443 1781 506 concivibus
1798 443 1841 504 33

198 545 294 621 geria
320 547 354 606 31
378 544 590 621 perangaria,
621 543 804 604 secundum
823 531 946 619 legalia
961 541 994 603 et
1047 541 1151 603 113333
1174 542 1266 618 pacis
1281 542 1418 603 redierit
1436 542 1608 611 unitatem,
1631 541 1709 602 333
1727 541 1841 604 13333

199 641 389 718 imperialia
415 640 549 708 3131313,
565 639 671 701 libera
687 641 844 716 perpetuo
858 655 994 701 conser-
1047 639 1087 701 de
1110 640 1213 701 illatis
1228 639 1361 717 injuriis
1384 639 1415 700 ei
1437 654 1618 714 congruam
1634 637 1839 700 satisfactio-

197 737 335 800 vabunt.
361 739 389 798 N
394 754 436 799 33
448 736 605 798 invadent
632 735 720 798 bona
749 736 991 810 ecclesiastica3
1047 752 1122 799 nem
1137 736 1330 814 impendant
1347 758 1354 796 ι
1369 736 1559 812 3333331113
1574 751 1665 804 vero,
1680 751 1842 812 quaecun-

199 823 256 899 333
267 834 376 912 331133
389 849 449 911 pro
463 847 559 910 posse
572 849 643 905 333,
654 849 769 906 33333
780 833 993 894 invasoribus
1047 832 1179 910 tingunt
1212 834 1381 910 negotium
1416 833 1646 903 memoratum,
1681 832 1840 910 inspectis

199 947 235 993 33
264 931 431 1008 33333331
454 930 617 992 libertatis
644 930 894 1002 ecclesiasticae,
924 930 992 992 tam
1048 931 1197 1007 ejusdem
1219 930 1491 1004 circumstantie,
1517 929 1697 1006 diligenter
1720 908 1838 1005 agatts‘,

198 1027 400 1106 3333131133,
420 1042 518 1105 quam
534 1027 722 1104 imperialia
738 1025 914 1102 privilegia
933 1025 991 1086 13-
1047 1028 1146 1104 33331
1160 1027 1341 1090 33333333
1359 1031 1462 1088 Deum
1478 1028 1666 1110 animarum
1676 1028 1743 1088 tam
1757 1025 1840 1088 cleri

199 1123 405 1187 violabiliter
440 1124 616 1185 servaturi.
656 1122 818 1185 Potestati
851 1138 990 1200 quoque,
1048 1141 1145 1202 quam
1157 1124 1319 1187 laicorum
1332 1124 1477 1186 civitatis
1491 1123 1659 1200 praedictae
1670 1123 1769 1185 saluti
1782 1123 1839 1185 vi-

199 1236 239 1283 33
255 1221 394 1284 33331113
408 1220 597 1296 supradicto
610 1219 670 1281 sub
686 1220 795 1281 debito
802 1219 992 1300 juramento
1047 1221 1163 1283 3331113
1179 1221 1348 1298 expedire.
1365 1221 1457 1281 Nulli
1479 1235 1559 1298 ergo
1581 1219 1716 1282 omnino
1731 1219 1841 1281 homi-

199 1317 374 1390 mandetis,
390 1317 476 1394 quod
489 1318 522 1378 31
550 1316 614 1393 1331
630 1317 788 1393 praedicta
804 1315 990 1387 observent,
1047 1334 1125 1380 num
1147 1319 1248 1380 liceat
1270 1318 1358 1379 11333
1381 1319 1537 1395 paginam
1565 1319 1688 1379 nostrae
1709 1316 1842 1393 proteo-

199 1417 232 1478 et
242 1413 366 1476 1331331
386 1412 625 1476 inviolabiliter
639 1413 822 1484 observari,
839 1428 878 1474 33
891 1411 992 1474 3331111
1045 1414 1364 1491 1133131313133333,
1396 1415 1449 1477 vel
1478 1415 1509 1476 ei
1543 1431 1627 1476 3333
1659 1413 1839 1476 temerario

199 1513 235 1574 in
247 1510 540 1573 constitutionibus
559 1511 705 1572 civitatis
728 1510 820 1571 33113
845 1525 992 1587 unquam
1047 1513 1225 1576 contraire.
1243 1514 1279 1574 Si
1294 1513 1366 1589 quis
1380 1513 1489 1574 autem
1504 1512 1567 1572 boc
1583 1512 1746 1573 attentare
1759 1525 1842 1587 prae·

199 1611 347 1686 tempore
368 1607 580 1680 removenda,
607 1607 640 1669 et
662 1621 872 1668 successores
900 1607 992 1683 13333
1047 1611 1237 1686 sumpserit,
1253 1609 1516 1686 indignationem
1534 1607 1769 1684 omnipotentis
1779 1607 1840 1668 Dei

196 1705 238 1766 33
264 1721 378 1766 33333
401 1704 657 1777 observantiam,
682 1705 715 1766 31
736 1703 778 1765 33
802 1703 991 1765 133133333
1046 1722 1086 1768 33
1114 1705 1285 1768 beatorum
1314 1707 1405 1768 Petri
1432 1706 1465 1768 31
1489 1705 1585 1766 Ρ3311
1614 1703 1839 1781 33331313333

196 1816 237 1864 33
275 1800 446 1864 observari
476 1800 631 1862 similiter
662 1801 849 1862 teneantur.
874 1798 991 1860 Ablata
1048 1805 1119 1879 ejus
1135 1819 1171 1864 33
1192 1803 1323 1864 3333311
1349 1803 1571 1864 incursurum.
1597 1801 1714 1862 Datum
1737 1802 1839 1862 Late-

195 1899 348 1962 ecclesiis
372 1901 404 1960 et
427 1897 578 1975 personis
592 1897 829 1960 ecclesiasticis
842 1896 993 1975 praedicti
1045 1901 1133 1971 rani,
1157 1899 1255 1960 nonis
1274 1897 1475 1972 novembris,
1499 1897 1710 1976 pontificatus
1734 1897 1839 1958 333131

195 1997 344 2075 33133133
372 1996 406 2057 31
430 1994 572 2072 populus
602 1995 840 2066 restituente
861 1993 992 2055 33311131
1047 2012 1135 2058 3333
1150 1996 1302 2072 3331133.

198 2093 327 2155 1331331
354 2093 521 2164 33133333,
549 2107 656 2169 neque
677 2093 811 2168 propter
838 2091 902 2152 boc
929 2091 994 2151 ali-

195 2191 249 2254 cui
274 2189 464 2250 earumdem
493 2187 709 2250 ecclesiarum
726 2190 759 2250 et
773 2202 992 2266 personarum

195 2301 377 2364 gravamen
417 2285 550 2363 aliquod
583 2285 748 2358 13133331,
785 2285 839 2346 331
875 2284 992 2346 1313331

196 2384 405 2463 3333111331,
444 2397 503 2444 333
531 2383 717 2444 313133331
754 2383 811 2444 331
850 2383 991 2444 subtra-
1399 2345 1490 2432 XIX

196 2481 277 2543 hent
301 2485 380 2559 jura
407 2479 646 2552 ecclesiastica,
677 2480 748 2541 sive
776 2479 916 2540 diminui
939 2479 992 2541 vel
1106 2493 1328 2556 Apappatem
1347 2495 1380 2555 et
1402 2494 1609 2556 conventum
1633 2495 1782 2555 empsim

196 2579 347 2641 subtrahi
372 2579 550 2655 patientur.
579 2577 670 2638 Licet
696 2576 805 2638 autem
829 2593 889 2653 per
907 2577 991 2638 alias
1171 2591 1316 2652 ganctoe
1329 2593 1456 2653 Mapgoe
1472 2595 1514 2652 pe
1534 2591 1708 2667 33910333,

194 2677 322 2739 litteras
341 2676 555 2737 transmissas
571 2673 643 2746 tibi,
662 2673 828 2751 episcope,
849 2674 992 2735 manda·
1304 2722 1337 2778 Π
1353 2719 1476 2778 novemb
1501 2722 1570 2778 im

193 2774 351 2846 3331333,
375 2773 465 2844 3111,
490 2772 763 2849 33133313311313
787 2772 993 2834 3331333331
1317 2841 1322 2853 ,
1479 2763 1507 2853 Ἰ
1573 2761 1580 2776 ’

194 2871 546 2933 excommunicationis
585 2868 717 2931 vinculo
749 2869 916 2941 innodati,
949 2867 990 2930 33
1156 2841 1732 2908 [6111111Η111·“11·ὒ““”·’1·“’1·1”·]

195 2971 344 3031 nostram
369 2967 579 3028 mitterentur
613 2966 850 3042 praesentiam,
881 2965 993 3028 absol·
1046 2967 1838 3039 1133331313133,333331133333333313333333-

196 3065 308 3137 vendi,
335 3064 542 3126 attendentes
565 3063 688 3129 tamen,
709 3063 794 3140 quod
818 3062 991 3124 memorati
1081 3057 1145 3115 terii
1159 3057 1339 3115 cassinensis
1356 3055 1392 3114 33
1406 3071 1506 3114 corum
1520 3063 1616 3129 partes
1630 3055 1762 3114 duxerint
1773 3055 1839 3114 des·

196 3163 321 3223 Lucani
337 3175 468 3238 semper
481 3161 517 3220 pn
540 3159 714 3222 devotione
730 3159 825 3222 sedis
847 3160 989 3237 Apoggo.
1081 3143 1224 3246 tinandos,
1240 3143 1361 3202 11333313
1375 3143 1513 3218 recipiant
1531 3145 1642 3218 illisque
1656 3143 1759 3202 devote
1771 3143 1840 3202 obe·

196 3260 270 3322 lices
299 3258 526 3336 perstiterunt,
554 3273 753 3335 quamquam
780 3257 991 3334 3333313333
1081 3232 1170 3292 111111·

195 3356 300 3420 31133
325 3355 513 3417 333333333
537 3354 733 3416 subduxerit
758 3355 925 3428 13131333,
952 3370 991 3416 33
1086 3358 1758 3437 Honoriusepiscopus,servusservorum
1768 3359 1839 3432 Dei,
1887 3404 1893 3420 .

196 3453 345 3517 33133133
364 3453 477 3514 mitius
486 3468 586 3529 agere
596 3468 670 3513 cum
685 3452 810 3514 eisdem
823 3452 905 3530 ipsis
919 3469 993 3528 gra·
1046 3454 1176 3518 dilectis
1198 3455 1277 3516 tiliis
1302 3457 1413 3518 abbati
1438 3459 1471 3518 et
1490 3457 1668 3518 conventui
1690 3457 1841 3518 ecclesiae

198 3551 280 3614 tiam
303 3550 474 3625 laciend03
501 3550 655 3612 volumus
679 3549 712 3612 31
730 3549 939 3622 33333333,
956 3552 992 3612 31
1048 3555 1178 3614 Sanctae
1205 3554 1322 3615 Mariae
1351 3554 1391 3615 de
1421 3554 1594 3630 Virgiotis‚
1632 3553 1773 3616 salutem
1810 3554 1843 3615 et

197 3647 423 3711 tantummodo
443 3647 622 3710 violatores
639 3662 810 3709 sacrorum
827 3647 989 3720 locorum,
1046 3650 1269 3727 Apostolicam
1284 3650 1561 3712 benedictionem.

196 3745 361 3808 etaltaris
376 3745 992 3822 praecipueSanctaeCrucis,aceorum
1087 3747 1236 3819 Qualiter
1276 3748 1371 3809 bonae
1405 3748 1573 3809 memoriae
1606 3751 1656 3822 Β.,
1688 3746 1776 3809 111311
1806 3747 1840 3808 S.

197 3842 395 3914 consiliarii,
411 3858 551 3903 necnon
566 3842 763 3918 spoliatores
779 3841 990 3915 clericorum,
1048 3837 1211 3905 Sozanuae
1231 3843 1404 3921 presbyter
1421 3844 1613 3916 3333133113,
1636 3845 1672 3904 13
1693 3843 1843 3920 partibus

196 3955 236 4002 ac
250 3941 301 4001 illi
315 3939 415 4002 31133
431 3940 488 4017 qui
506 3941 654 4016 tempore
668 3938 815 4000 Parentii
831 3938 992 4000 officiales
1047 3942 1218 4003 Romaniae
1240 3941 1442 4018 Apostolicae
1457 3940 1552 4002 Sedis
1573 3941 1711 4017 legatae,
1734 3940 1843 4002 eccle-

196 4038 303 4110 erant,
331 4053 406 4098 cum
430 4036 658 4113 spoliaverint,
690 4051 752 4097 nec
774 4035 993 4098 custodierint
1047 4039 1131 4099 3133
1146 4039 1291 4100 3331333
1312 4038 1514 4100 3333313313
1536 4037 1714 4100 3331313311
1729 4037 1843 4098 Cassi-

196 4135 372 4207 ecclesias,
407 4133 448 4194 ad
486 4136 636 4198 nostram
670 4133 883 4210 praesentiam
917 4132 991 4194 333
1047 4135 1153 4208 33331,
1169 4137 1264 4212 cujus
1280 4135 1530 4197 concessionem
1541 4135 1739 4197 auctoritate
1749 4135 1845 4196 duxi·

195 4233 317 4295 vestris
333 4232 464 4303 11113313,
481 4245 699 4308 3333333333
710 4231 743 4292 31
755 4229 886 4291 viarum
900 4247 992 4292 secu·
1047 4249 1119 4294 mus
1128 4231 1318 4309 Apostolica
1332 4233 1604 4304 confirmandam,
1618 4229 1742 4306 vestra,
1757 4233 1843 4296 sicut

195 4331 293 4392 ritate
306 4329 430 4401 habita,
443 4328 722 4391 transmittantur.
735 4328 904 4414 Praeterea
917 4343 990 4389 333
1046 4330 1223 4403 33331333,
1239 4330 1394 4392 313333113
1423 4345 1490 4402 333
1513 4331 1657 4406 ignorat.
1675 4331 1754 4392 1333
1778 4333 1840 4405 331,

196 4443 296 4506 33333
334 4427 564 4489 satisfactione
603 4425 799 4486 damnorum
839 4425 991 4487 iacienda
1046 4427 1132 4504 quod
1157 4428 1409 4490 universitatem
1432 4429 1579 4490 vestram
1599 4443 1771 4489 monemus
1786 4429 1842 4490 31-

195 4525 301 4587 nobili
315 4525 388 4587 viro
402 4527 465 4586 G...
483 4526 615 4584 Lucano
627 4523 703 4594 civi,
722 4522 883 4599 speciales
898 4521 992 4584 vobis
1046 4525 1171 4588 tentius
1198 4526 1231 4587 et
1249 4524 1433 4598 hortamur,
1456 4541 1517 4603 per
1536 4525 1727 4602 Apostolica
1746 4525 1842 4588 vobis

195 4623 326 4685 litteras
351 4622 567 4692 3331133333,
590 4635 661 4694 333,
678 4617 734 4696 qui
753 4622 905 4681 tenemur
919 4623 991 4696 ejus
1022 4665 1024 4674 .
1047 4623 1171 4699 3331313
1191 4623 1399 4694 333333133,
1414 4624 1575 4700 quatenus
1588 4623 1677 4693 illos,
1693 4638 1774 4698 quos
1786 4622 1841 4682 di-

196 4719 360 4797 31133313,
373 4719 430 4797 qui
441 4720 492 4780 est
504 4718 596 4795 pacis
611 4719 741 4778 amator
755 4717 915 4779 31333133
928 4733 991 4794 pa·
1021 4717 1022 4720 ’
1046 4721 1123 4781 13311
1138 4719 1200 4780 tilii
1214 4718 1316 4780 abbas
1337 4721 1369 4781 et
1392 4721 1574 4781 conventus
1599 4718 1679 4780 dicti
1703 4731 1842 4780 monas-

195 4819 254 4891 cis,
278 4817 419 4879 consilia
446 4816 593 4892 cogitare
614 4816 775 4888 volentes,
808 4815 845 4876 ut
867 4814 990 4877 habitae
1046 4817 1123 4879 terii
1144 4818 1184 4879 33
1207 4819 1317 4894 333133
1337 4818 1467 4878 3331333
1489 4816 1647 4877 duxerint
1672 4815 1845 4877 destinan-

194 4916 283 4978 inter
306 4914 458 4976 eumdem
482 4912 626 4974 nobilem
656 4928 695 4974 ac
721 4912 881 4990 quosdam
903 4913 989 4974 alios
1046 4913 1116 4986 333,
1137 4914 1336 4991 recipientes
1351 4912 1490 4975 honeste
1511 4914 1543 4974 et
1567 4911 1750 4986 honorilice
1765 4929 1843 4990 per·

195 5013 349 5098 concives
367 5024 445 5072 suos
459 5009 656 5081 inimicitiae,
671 5025 746 5087 quae
759 5009 906 5072 crevisse
921 5009 990 5070 113-
1045 5012 1237 5084 tractantes
1267 5011 1401 5073 illorum
1430 5010 1564 5071 monitis
1606 5011 1639 5072 et
1678 5010 1843 5073 mandatis

191 5113 247 5187 jus
261 5109 436 5170 3133333113
451 5107 627 5169 occasione
638 5107 804 5175 dicuutur,
817 5123 860 5167 ex
874 5095 993 5184 113133-
1046 5107 1207 5170 3113313113
1222 5107 1394 5169 333111133
1412 5108 1445 5169 31
1467 5107 1595 5169 333313.
1608 5108 1726 5169 Datum
1740 5109 1801 5170 Lat
1822 5139 1842 5154 -

194 5207 283 5269 modi
305 5193 534 5267 satisfactione
556 5204 731 5276 foedentur,
758 5204 990 5265 3313333333
1045 5206 1132 5278 rani,
1158 5207 1217 5268 XV
1232 5204 1393 5289 kalendas
1412 5203 1609 5278 decembris,
1631 5206 1843 5284 pontificatus
1864 5249 1870 5254 -

195 5305 230 5366 in
248 5303 469 5366 3311133113313
494 5302 582 5364 13313
604 5302 798 5379 procedere,
819 5301 883 5362 3131
898 5301 990 5379 33133
1046 5303 1255 5366 3331313333
1270 5302 1421 5378 3331133.
