4274 6388
313 294 376 358 aer
926 279 1102 360 aenean
1124 297 1167 358 111
1189 295 1336 360 ornas.
1896 297 1957 360 aee

317 469 439 518 cavens
454 457 548 532 regni
568 456 632 527 sni,
648 469 688 518 ac
714 454 820 531 ipsins
833 453 1107 530 tranquillitatem
1161 454 1220 527 sis,
1249 455 1289 518 de
1317 455 1431 520 nostre
1457 456 1597 533 speciali
1622 455 1789 526 maneam
1806 457 1841 520 in
1860 455 1894 520 te
1914 473 1955 520 ae

316 553 431 614 velens
444 553 623 615 salubriter
636 567 827 628 procurare,
844 552 967 613 dictum
980 552 1107 629 prime·
1160 552 1236 613 tuos
1259 551 1436 628 complices
1462 554 1496 614 ot
1516 553 1662 616 fautores
1681 555 1954 616 excommunica-

317 649 465 724 genitnm
488 665 584 709 sunm
611 649 645 710 in
670 663 783 724 rogem
808 647 886 709 fecit
907 649 1034 723 inungi,
1068 664 1107 709 ac
1161 648 1265 734 tionis
1277 651 1310 711 et
1332 649 1367 710 in
1382 648 1473 711 tuam
1495 651 1529 711 et
1552 650 1699 726 ipsorum
1718 653 1825 712 terras
1849 652 1956 714 inter-

317 745 418 808 etiam
439 745 604 816 coronari,
632 745 766 822 qnidam
781 745 942 821 perversi,
958 745 1014 822 qui
1038 745 1109 804 dis·
1162 745 1240 808 dicti
1256 747 1437 808 sententias
1450 747 1726 824 promulgassent,
1742 765 1802 825 pre
1815 765 1853 810 oo
1867 749 1955 826 qnod

317 842 508 902 sensionem
528 843 663 904 semitas
686 843 843 918 satagunt
856 841 1019 913 invenire,
1035 857 1108 902 ma·
1161 839 1269 917 ipsum
1283 857 1405 918 regem,
1423 845 1518 919 cinus
1534 842 1632 904 homo
1645 843 1745 920 ligius
1758 859 1831 906 esso
1842 844 1954 918 debes,

316 938 439 1015 lignari
461 939 620 1010 volentes,
637 954 734 1000 snum
757 938 991 1000 machinantur
1006 937 1106 1001 ebse-

317 1033 430 1109 quium
446 1033 640 1094 subtrahere
659 1034 723 1110 ipsi
738 1034 822 1108 regi,
848 1035 1018 1111 tamqnam
1040 1048 1108 1094 nen

318 1129 393 1201 sibi,
423 1129 481 1190 sed
509 1129 578 1191 illio
611 1131 797 1201 teneantur,
836 1134 870 1192 et
900 1131 949 1191 sic
993 1133 1108 1192 contra

319 1226 675 1303 utrumquedissidinm
686 1227 719 1288 et
731 1227 923 1287 scandalum
932 1227 1027 1303 regni
1037 1242 1109 1302 pre·

317 1324 446 1384 curant.
464 1325 569 1395 Quum
584 1323 686 1398 igitur
700 1339 766 1384 nen
782 1323 883 1385 fuerit
899 1324 1005 1401 ipsius
1018 1323 1108 1399 regis

317 1419 470 1491 intentio,
493 1436 555 1481 nee
576 1435 649 1480 esse
670 1419 831 1491 debuerit,
857 1421 894 1480 ut
916 1420 1108 1482 conivente

317 1516 405 1576 alins
431 1515 619 1578 dominaret
640 1516 675 1577 in
690 1531 804 1592 regne,
831 1517 888 1579 sed
909 1518 980 1593 ipse
1000 1517 1108 1593 petius

317 1627 456 1688 regnum
468 1613 580 1674 teneat
593 1615 626 1674 et
636 1612 807 1688 gubernet,
816 1613 1017 1676 fraternitati
1027 1631 1107 1676 ves-

317 1709 379 1770 trae
398 1724 458 1785 per
477 1711 667 1786 Apostoliea
689 1711 812 1786 scripta
836 1710 1032 1772 mandamus
1057 1712 1110 1773 at-

319 1821 382 1884 que
397 1807 619 1884 praecipimus,
647 1807 811 1885 quatenus
839 1808 1015 1878 universes
1044 1809 1109 1870 tam

317 1903 354 1964 in
378 1919 491 1980 regne,
508 1919 605 1980 quam
621 1906 716 1967 extra
739 1921 878 1980 regnum
900 1906 1107 1978 constitutae,

196 2033 198 2038 ·
318 1999 580 2078 qni'hnjnsmedi
591 2001 770 2062 seditiones
783 1998 917 2064 movere
931 2017 1110 2078 praesnmp·

319 2097 434 2168 serint,
449 2112 470 2158 a
483 2113 542 2158 sua
557 2098 744 2160 temeritate
762 2114 894 2160 cessare
909 2115 969 2176 per
989 2114 1110 2160 censu-

318 2209 392 2254 ram
401 2193 672 2266 ecclesiasticam,
683 2195 904 2273 appellatione
915 2197 1107 2272 postposita,

319 2291 537 2366 compellatis.
553 2293 671 2354 Datum
686 2293 854 2365 Laterani,
872 2295 915 2353 lV
930 2309 1036 2355 nenas
1047 2297 1107 2370 ju-

319 2386 369 2458 lii,
385 2388 595 2464 pontificatus
609 2390 714 2450 nostri
727 2403 815 2452 anne
827 2393 932 2452 sexte.

612 2709 818 2798 ccxxxii

318 2859 372 2920 Ad
402 2860 612 2933 thtetmom,
648 2862 904 2922 Pictoeicnsem
928 2861 1112 2934 archiepis-

576 2971 699 3032 copum
713 2957 851 3019 dictam.

621 3095 704 3152 Anno
724 3096 801 3154 1222.

421 3225 556 3292 [bouquet
568 3227 669 3279 Recueil
682 3227 726 3278 des
738 3227 814 3290 litat,
827 3228 893 3287 xlx,
907 3242 924 3292 p
944 3227 1012 3293 m]

319 3350 474 3421 willelmo,
489 3351 548 3424 qni,
569 3351 674 3424 junctis
688 3366 755 3408 eum
764 3355 892 3426 lingone
907 3353 943 3410 de
963 3355 1112 3412 leziniaco

356 3438 491 3497 llarchiae
514 3441 617 3498 comite
642 3439 758 3510 viribus,
782 3441 895 3513 Angliae
913 3457 1012 3515 regem
1029 3453 1111 3500 snum

357 3526 503 3586 dominnm
523 3529 649 3601 graviter
667 3529 790 3598 laeserat,
813 3537 842 3586 et
859 3537 1007 3603 propterea
1023 3529 1114 3588 fuerat

357 3617 630 3685 excommunicatus,
667 3616 788 3690 imperat
818 3619 970 3688 Honorius,
995 3625 1026 3676 ut
1051 3619 1113 3692 regi

355 3703 391 3761 de
405 3703 518 3762 damnis
537 3711 566 3761 et
580 3705 689 3779 injuriis
705 3703 789 3762 faciat
802 3705 882 3775 satis,
899 3720 936 3763 ne
950 3705 1044 3764 eidem
1059 3708 1111 3764 ite·

356 3807 419 3851 rnrn
434 3792 484 3850 liat
500 3792 640 3851 obnoxius
652 3793 811 3851 sententie.

360 3937 527 3998 Honorius
559 3937 784 4014 episcopus...,
811 3936 915 4002 nobili
934 3939 1008 3999 vire
1023 3937 1114 3998 Wil-

321 4033 420 4097 lelme
434 4034 520 4096 dicte
535 4035 786 4113 archiepiscopo
800 4035 1020 4098 Pictaviensis
1037 4035 1117 4097 dioe·

323 4132 421 4203 cesis,
439 4131 590 4200 salutem,
607 4133 669 4193 etc.

1162 937 1347 999 manifestis
1361 938 1554 1000 excessibus
1569 939 1798 1017 multipliciter
1811 941 1955 1004 infesta·

1162 1049 1228 1106 ras,
1241 1049 1280 1096 ae
1295 1035 1395 1096 etiam
1406 1036 1538 1097 easdem
1549 1037 1731 1098 sententias
1742 1038 1953 1112 incurrisses,

1162 1145 1202 1192 ee
1225 1131 1312 1207 qnod
1336 1132 1440 1194 nobili
1455 1135 1528 1195 vire
1547 1133 1679 1210 Hngeni
1704 1133 1745 1196 de
1766 1135 1954 1208 Leziniaee,

1162 1227 1249 1289 dicte
1272 1230 1383 1291 comiti
1408 1230 1578 1303 Marchiae‚
1595 1245 1661 1292 nna
1680 1232 1956 1296 cumfautoribus

1164 1324 1246 1395 snis,
1273 1327 1470 1390 anctoritate
1485 1329 1610 1400 nestra,
1632 1327 1796 1390 similibus
1817 1331 1955 1392 senten·

1162 1421 1218 1482 tiis
1229 1422 1389 1495 involute,
1406 1425 1521 1487 eontra
1540 1425 1690 1486 eumdem
1705 1441 1828 1500 regem,
1847 1425 1955 1488 domi·

1163 1533 1242 1579 num
1265 1518 1370 1591 tuum,
1400 1537 1467 1582 non
1497 1520 1620 1598 absque
1635 1521 1839 1584 infidelitatis
1854 1524 1953 1597 nota,

1162 1614 1287 1676 temere
1311 1616 1501 1679 assistebas.
1527 1619 1610 1691 Quia
1631 1618 1834 1682 venerabilis
1852 1619 1956 1682 frater

1163 1711 1514 1790 nosterPandnlphus,
1531 1715 1760 1776 Nerwicensls
1779 1716 1956 1794 episcopus

1163 1807 1232 1867 tum
1247 1807 1382 1880 electus,
1410 1811 1654 1889 temporeque,
1679 1813 1844 1876 mediante
1867 1813 1952 1890 ipso,
2050 1884 2059 1908 ι

1163 1904 1280 1980 treuga
1300 1904 1363 1967 fuit
1387 1906 1472 1969 inita
1487 1908 1574 1970 inter
1588 1909 1781 1986 praedictum
1795 1925 1906 1986 regem
1923 1910 1957 1973 et

1164 2001 1278 2062 fideles
1300 2005 1382 2079 ejus,
1404 2019 1448 2066 ex
1472 2007 1566 2082 parte
1591 2021 1668 2079 una,
1692 2007 1725 2068 et
1738 2008 1957 2070 memoratum

1164 2097 1336 2170 Hngonem
1347 2098 1566 2174 etcomplices
1581 2101 1664 2175 ejus,
1676 2115 1720 2160 ex
1734 2101 1851 2171 altera,
1868 2117 1957 2177 prae-

1164 2191 1260 2254 dictae
1288 2193 1460 2256 sententiae
1485 2194 1620 2256 inerunt
1639 2195 1681 2256 ab
1704 2197 1776 2272 ipse
1800 2197 1956 2275 episcopo

1164 2289 1339 2364 relaxatam
1372 2292 1409 2351 tn
1434 2305 1588 2353 asserens
1616 2292 1648 2353 te
1667 2292 1713 2353 de·
1739 2293 1957 2370 complicibus

1164 2401 1237 2446 esse
1255 2387 1385 2447 comitis
1401 2388 1585 2460 memorati,
1611 2390 1679 2450 tam
1699 2389 1739 2450 de
1753 2391 1955 2466 specialibus

1164 2483 1338 2544 sententiis
1359 2499 1458 2560 qnam
1484 2484 1524 2546 do
1548 2485 1761 2560 generalibus
1774 2487 1810 2547 in
1830 2488 1956 2550 teletis

1164 2596 1224 2656 pro
1238 2578 1387 2644 absolute
1406 2581 1438 2642 te
1451 2597 1581 2656 gerens,
1600 2582 1725 2644 nnllam
1744 2599 1882 2660 prorsus
1897 2600 1958 2646 sa-

1164 2676 1384 2739 tisfactionem
1424 2677 1487 2754 ipsi
1517 2679 1588 2754 regi
1616 2679 1669 2740 vel
1697 2682 1768 2756 ejus
1804 2681 1956 2742 fidelibus

1164 2773 1373 2850 impendisti,
1407 2775 1593 2847 mandatis,
1636 2792 1710 2853 quae
1753 2793 1853 2854 super
1893 2778 1958 2840 hoc

1165 2869 1226 2930 tibi
1250 2869 1446 2942 direximus,
1467 2869 1650 2946 obauditis;
1672 2873 1839 2949 quinimo
1861 2875 1956 2950 pest-

1166 2967 1298 3028 modum
1319 2982 1438 3043 graves
1467 2968 1516 3029 eis
1548 2968 1692 3046 injurias
1719 2969 1841 3032 diceris
1868 2970 1959 3032 irro-

1166 3079 1262 3140 gasse
1278 3063 1337 3143 (1).

1206 3161 1368 3233 Quocirca
1386 3162 1591 3226 nobilitatem
1606 3163 1695 3226 tuam
1709 3163 1827 3226 iterato
1843 3180 1958 3226 mene-

1166 3275 1239 3318 mus
1265 3260 1298 3321 et
1325 3259 1496 3322 hortamur
1520 3262 1654 3333 attente,
1682 3277 1742 3338 per
1765 3262 1958 3338 Apostolica

1167 3355 1290 3432 scripta
1324 3357 1473 3419 districte
1499 3358 1722 3434 praecipiende
1748 3359 1956 3432 mandantes,

1167 3455 1328 3529 quatenns
1356 3451 1444 3515 infra
1471 3453 1591 3516 festum
1617 3457 1649 3515 S.
1675 3455 1816 3518 Andreae
1843 3456 1960 3532 prexi-

1167 3565 1256 3610 mum
1282 3549 1457 3626 saepedicto
1483 3551 1566 3626 regi,
1587 3550 1639 3612 vel
1662 3552 1716 3612 cui
1737 3552 1956 3624 mandaverit,

1168 3661 1267 3722 super
1286 3645 1338 3705 his
1359 3661 1418 3722 pre
1434 3647 1553 3724 quibus
1571 3647 1607 3708 in
1624 3649 1657 3709 te
1674 3663 1713 3709 ac
1729 3650 1853 3710 terram
1867 3650 1958 3711 tuam

1168 3741 1333 3818 praedictae
1363 3740 1497 3803 fuerunt
1523 3743 1694 3804 sententiae
1723 3744 1957 3820 promulgatae,

1169 3836 1297 3899 sublato
1319 3837 1494 3914 cujuslibet
1517 3837 1722 3902 difficultatis
1750 3841 1783 3902 et
1806 3839 1959 3918 appella-

1168 3935 1270 3996 tionis
1285 3933 1426 4011 ebjectn,
1450 3934 1642 3997 satisfacere
1662 3952 1729 3997 non
1751 3937 1893 4009 omittas,
1918 3936 1959 3998 de

1169 4030 1299 4092 demnis
1321 4034 1353 4093 et
1374 4031 1508 4109 injnriis
1527 4033 1732 4108 postmodum
1754 4033 1819 4110 ipsi
1840 4035 1960 4110 atejus

1170 4128 1322 4189 fidelibus
1346 4128 1563 4190 nihilominus
1586 4129 1820 4193 satisfaciendo
1839 4130 1958 4192 eidem.

295 4303 301 4312 ·
363 4229 562 4289 carissimus
577 4230 612 4290 in
636 4228 767 4290 Christe
785 4227 873 4289 tillus
895 4230 1008 4291 nester
1022 4231 1116 4290 Hen—
1169 4226 1325 4302 Alioquin
1361 4225 1529 4303 praedictis
1558 4226 1731 4289 abbatibus
1768 4228 1801 4289 et
1832 4227 1958 4288 decane

322 4324 425 4396 ricus,
455 4340 515 4386 rex
542 4324 724 4400 Anglornm
748 4324 901 4397 illustris,
921 4326 1116 4388 transmissa
1170 4323 1293 4384 nostris
1308 4323 1424 4382 damus
1445 4322 1565 4385 litteris
1586 4324 1622 4384 in
1637 4323 1810 4400 praeceptis
1832 4324 1961 4396 utnon

323 4420 419 4483 nobis
432 4421 600 4498 petitione,
617 4421 814 4482 monstravit
831 4423 928 4499 qued,
946 4439 1046 4499 quum
1062 4423 1116 4484 di·
1171 4419 1320 4480 obstante
1339 4418 1547 4480 absolutione
1570 4420 1739 4496 praedicta‚
1764 4421 1797 4482 te
1818 4435 1856 4480 ac
1876 4435 1962 4482 cem·

322 4517 400 4582 lecti
413 4516 756 4580 liliiTalomundsnsis
769 4519 802 4579 et
814 4519 928 4581 Sancti
943 4519 1116 4582 Michaelis
1171 4517 1274 4594 plices
1307 4522 1394 4587 tues,
1424 4519 1457 4578 et
1479 4518 1570 4578 tuam
1587 4519 1621 4578 et
1639 4532 1753 4578 eornm
1767 4517 1886 4590 terras,
1902 4516 1962 4578 de·

324 4616 365 4677 de
381 4619 524 4676 Heremo
545 4614 691 4688 abbates,
715 4616 749 4677 et
763 4614 907 4676 decanus
923 4617 1115 4680 Pictavien·
1171 4614 1330 4678 nuncient
1357 4614 1710 4675 excommunicationis
1725 4615 1767 4676 -et
1791 4613 1960 4677 interdicti

324 4819 412 4888 mine,
443 4825 473 4876 et
499 4825 613 4876 sanctes
633 4825 729 4885 testor,
756 4817 831 4890 qnod
852 4831 967 4891 semper
981 4819 1067 4876 vestri
1088 4825 1117 4876 et
1170 4817 1283 4874 letaest
1303 4822 1332 4872 et
1353 4815 1399 4872 hic
1423 4814 1673 4884 redditor,oretie,
1691 4817 1960 4943 siveXrimoeeens·
1991 4849 1996 4860 ·

324 4898 495 4956 vestrorum,
512 4889 539 4944 in
556 4897 691 4961 qnantum
714 4895 823 4960 potero,
849 4903 898 4944 ere
925 4889 960 4946 ad
979 4889 1113 4961 benepla·
1170 4886 1326 4970 criptionis,
1354 4886 1415 4942 sive
1434 4887 1638 4958 exemplarium
1655 4886 1690 4942 ab
1710 4902 1742 4944 ea
1775 4889 1960 4960 eseriptornm

324 4962 412 5018 citum
421 4976 429 5032 ;
446 4967 473 5018 et
488 4957 673 5016 libentissime
689 4965 811 5016 vestram
827 4958 980 5017 adivissem
991 4974 1113 5032 prensen-
1171 4957 1249 5025 uitro,
1262 4958 1298 5012 ita
1308 4955 1382 5013 foede
1394 4963 1524 5037 corrupta
1538 4965 1590 5025 est,
1606 4964 1636 5012 nt
1649 4956 1804 5028 quidquam
1819 4959 1883 5014 sani
1897 4971 1960 5014 rec·

325 5033 413 5101 tiam3
429 5029 480 5088 sod
495 5029 532 5087 ad
553 5043 679 5102 presens
704 5029 791 5100 (qnod
807 5030 924 5087 mnltnm
940 5029 1115 5101 allectarem)
1171 5029 1248 5099 tique
1262 5026 1327 5082 inde
1342 5041 1476 5097 componi
1491 5041 1575 5098 pesse
1596 5026 1804 5098 desperandum
1821 5029 1875 5098 sit;
1892 5042 1959 5084 sen,

325 5099 420 5159 facere
445 5115 501 5157 non
544 5115 650 5158 ossum.
684 5101 791 5156 Vestrae
815 5114 868 5171 sup
890 5101 943 5156 lico
965 5101 1115 5182 majestati,
1172 5099 1257 5154 tentia
1287 5104 1382 5154 tamen
1404 5097 1580 5170 intelligitur,
1600 5113 1663 5169 ente
1676 5097 1739 5154 talis
1754 5097 1812 5154 fere
1826 5097 1959 5154 suberat:

346 5178 467 5228 natenns
492 5170 509 5226 il
530 5171 621 5228 elibns
640 5171 712 5227 meis
727 5168 848 5228 Gnideni
866 5116 902 5226 ge
919 5171 1074 5228 Cavillrone
1087 5178 1116 5226 et
1173 5189 1184 5218 ι
1198 5168 1336 5224 llemicus
1346 5167 1428 5223 nobis
1440 5169 1617 5236 monstravit,
1628 5167 1713 5248 qnod,
1725 5183 1790 5250 cnm
1800 5168 1962 5250 rebellionis

326 5187 445 5300 {nardo
468 5240 625 5313 illigeris,
647 5241 827 5313 presentium
854 5240 999 5309 latoribus,
1026 5241 1055 5296 in
1083 5241 1117 5296 ils
1171 5238 1307 5294 adversus
1328 5251 1359 5293 se
1379 5251 1475 5301 cansa,
1498 5245 1800 5296 excommunicationis
1821 5244 1960 5296 sententia

345 5327 389 5369 naa
402 5327 438 5367 ex
464 5318 543 5383 parte
568 5327 641 5378 mea,
665 5311 790 5378 demine,
811 5310 891 5367 vobis
908 5310 1040 5380 dixerint,
1056 5325 1116 5367 cre·
1171 5309 1275 5380 ligatus
1290 5323 1379 5376 esses,
1394 5315 1490 5365 tamen
1511 5323 1567 5364 non
1583 5307 1745 5378 impendisti
1760 5308 1813 5365 sibi
1831 5308 1960 5366 satisfec-

323 5327 392 5442 Ἄθω
407 5381 565 5453 dignemini
578 5383 650 5438 sient
665 5380 744 5437 mihi.
766 5383 897 5438 Datnma
921 5381 957 5438 ud
976 5385 1114 5440 llentem·
1171 5381 1287 5446 tionem,
1308 5379 1373 5460 qnia
1397 5379 1549 5435 occasione
1569 5377 1763 5448 absolutionis,
1789 5393 1874 5450 quam
1892 5381 1962 5436 Pan·

324 5454 520 5584 pessulanum,
546 5451 611 5510 XVI
635 5450 691 5507 hal.
715 5450 787 5523 julii,
810 5465 886 5508 anne
935 5452 1058 5512 CCXXII
1082 5450 1117 5508 ab
1171 5446 1293 5520 dnlphns
1315 5448 1469 5519 impertivit
1491 5449 1747 5521 llngeniejnsqne
1765 5448 1960 5576 complicibus,

339 5539 437 5583 neern.
455 5521 576 5579 Domini.
594 5541 605 5572 »
1172 5517 1277 5576 abusus
1290 5532 1333 5587 es,
1355 5525 1383 5574 te
1405 5531 1492 5574 unnm
1508 5533 1544 5575 ex
1557 5521 1686 5591 lingonis
1697 5520 1828 5592 complici

358 5595 400 5668 pl)
421 5594 511 5666 llnjns
531 5592 668 5666 epistole,
685 5592 776 5662 unalis
787 5590 861 5664 apud
872 5593 1025 5665 flymernm
1048 5607 1113 5665 pre·
1171 5588 1304 5648 dicensi
1323 5587 1484 5660 (bouquet.)

1850 5533 1884 5578 tls
1897 5533 1962 5578 0888
