4226 6372
188 283 246 340 849

226 439 361 502 Litterae
381 441 500 504 vestrae
524 442 617 503 nobis
646 441 803 504 exhibitae
833 444 976 505 contine·

186 539 276 608 bant,
296 539 381 616 quod
398 555 471 600 cum
487 539 689 626 venerabilis
705 539 808 601 irater
826 541 973 602 noster...

186 634 418 696 ambianensis
435 635 608 712 episcopus
627 639 659 698 et
674 636 785 698 dilecti
801 637 900 697 filit...
918 637 977 697 ab·

186 729 256 802 bas,
273 732 306 792 et
327 733 507 793 conventus
524 734 637 794 Sancti
657 733 807 793 Richarii
828 735 864 793 in
890 737 977 794 Pon-

186 827 975 906 tivocompromisissentinvossuperquibusdam

187 925 421 985 controversiis
436 926 523 987 inter
536 926 625 1002 ipsos
643 926 778 998 exortis,
802 927 892 987 iuter
910 943 976 988 cae-

185 1022 256 1082 tera
274 1022 445 1098 proposuit
468 1022 553 1082 idem
569 1022 745 1099 episcopus
760 1023 846 1099 quod
862 1022 973 1094 abbas,

186 1118 217 1177 et
243 1119 423 1179 conventus
460 1118 610 1194 praedicti
637 1118 677 1178 ab
705 1136 744 1180 eo
773 1119 918 1180 chrisma
944 1121 977 1181 et

185 1213 292 1274 oleum
309 1215 468 1285 sanctum,
491 1216 758 1276 consecrationes
771 1216 927 1277 altarium
943 1217 976 1277 et

185 1311 412 1382 ecclesiarum,
430 1327 469 1372 ao
489 1312 717 1373 ordinationes
739 1313 975 1374 monachorum

185 1423 319 1468 suorum
335 1407 514 1468 secundum
526 1409 674 1468 tenorem
686 1407 853 1484 privilegii
869 1409 975 1469 felicis

183 1504 352 1564 memoriae
377 1503 558 1564 Alexandri
587 1507 697 1580 Papae,
721 1505 975 1580 praedecessoris

184 1600 299 1670 nostri,
319 1599 467 1661 concessi
487 1601 687 1660 monasterio
704 1601 893 1662 eorumdem
918 1617 977 1678 pe-

183 1699 253 1756 tere
269 1711 308 1755 ac
329 1697 477 1772 recipere
497 1696 705 1758 tenebantur.
724 1697 833 1758 Abbas
850 1713 929 1760 vero
945 1699 975 1760 et

185 1794 366 1853 conventus
379 1793 527 1868 praedicti
539 1793 781 1870 responderunt
793 1796 927 1856 econtra
941 1812 975 1856 se

184 1904 245 1964 per
266 1889 474 1960 sententiam,
491 1906 588 1966 quam
606 1905 712 1966 nuper
726 1906 785 1967 pro
805 1892 975 1952 monaste·

183 1984 227 2045 rii
243 1985 296 2045 sui
318 1984 470 2048 libertate
493 1986 689 2062 protulimus
705 2003 779 2050 esse
793 1987 971 2060 absolutos,

185 2082 217 2142 et
230 2081 354 2143 liberos
369 2098 388 2142 a
402 2083 581 2158 praedictis.
591 2085 745 2160 Receptis
760 2083 863 2160 igitur
877 2101 976 2161 super

184 2177 246 2238 boc
256 2177 441 2239 rationibus
458 2179 612 2255 partium,
629 2181 777 2242 rationes
793 2181 883 2257 ipsas
901 2197 974 2242 oum

184 2275 383 2351 transcripto
404 2275 570 2351 privilegii
590 2277 782 2353 supradicti,
803 2293 841 2339 ac
859 2279 975 2339 tenore

185 2372 358 2433 sententiae
374 2374 563 2435 memorata
579 2373 673 2434 nobis
689 2375 750 2435 sub
766 2373 884 2450 sigillis
899 2391 975 2436 ves-

183 2469 244 2528 tris
257 2468 299 2528 ad
313 2470 601 2547 utriusquepartis
615 2471 806 2533 instantiam
822 2471 975 2533 transmi-

184 2566 285 2636 sistis,
303 2565 538 2642 supplicantes,
563 2567 598 2628 ut
611 2569 696 2645 quod
713 2583 813 2644 super
827 2568 879 2628 bis
894 2569 937 2629 sit
954 2585 973 2628 a

183 2663 332 2738 partibus
361 2663 612 2737 observandum,
645 2665 811 2736 ordinare,
842 2678 880 2725 ac
905 2665 975 2725 sta-

181 2761 276 2821 tuere
313 2760 537 2836 dignaremur.
568 2763 651 2832 Quia
683 2778 762 2822 vero
793 2776 853 2838 pro
880 2763 974 2837 parte

183 2857 330 2932 episcopi
352 2871 464 2917 coram
480 2857 576 2917 nobis
595 2873 661 2918 non
681 2859 866 2934 comparuit
880 2858 975 2918 suld-

183 2955 275 3013 ciens
283 2955 490 3028 procurator,
499 2955 531 3014 et
539 2954 616 3029 quia
631 2955 731 3014 etiam
748 2954 814 3015 alia
830 2954 973 3030 partium

182 3051 385 3110 munimenta
409 3049 503 3110 nobis
518 3049 667 3110 exlribita
687 3066 752 3110 non
772 3051 915 3122 luerunt,
932 3051 972 3111 ad

182 3145 382 3207 decisionem
394 3146 586 3223 quaestionis
595 3146 782 3223 hujusmodi
798 3163 864 3208 non
875 3147 975 3208 duxi·

182 3257 254 3302 mus
270 3242 525 3318 procedendum.
540 3242 682 3318 ideoque
695 3240 888 3303 discretioni
904 3259 974 3304 ves·

181 3341 241 3400 trae
255 3354 314 3414 per
327 3338 516 3413 apostoliea
531 3338 653 3414 scripta
669 3339 875 3411 mandamus,
891 3357 975 3416 qua-

181 3437 277 3496 tenus
292 3435 403 3510 partes
417 3451 491 3496 curn
507 3433 660 3495 omnibus
673 3436 876 3497 mnninentis
889 3437 970 3508 suis,

181 3531 213 3592 et
228 3532 417 3608 specialiter
434 3549 507 3593 cum
523 3532 722 3608 Apostolicis
745 3533 970 3610 indulgentiis

181 3629 299 3706 quibus
317 3629 486 3706 saepedicti
502 3628 615 3701 abbas,
632 3632 665 3691 et
678 3634 859 3691 conventus
875 3647 972 3692 asse-

181 3728 258 3787 runt
284 3743 319 3787 se
347 3727 492 3788 munitos
516 3727 716 3802 competenti
743 3727 885 3788 termino
910 3727 972 3788 sibi

181 3823 381 3898 praedgendo
401 3839 420 3883 a
442 3823 535 3884 vobis
557 3824 690 3899 propter
704 3823 767 3884 boc
789 3825 830 3884 ad
855 3824 972 3886 sedem

180 3919 402 3995 apostolicam
417 3919 662 3989 transmittatis
680 3936 745 3982 non
767 3920 972 3982 obstantibus

180 4015 311 4084 litteris,
333 4030 393 4091 per
412 4031 493 4091 quas
511 4015 679 4091 jamdictis
701 4016 812 4079 abbati
835 4019 868 4078 et
892 4035 973 4080 oon-

181 4112 292 4172 ventui
321 4111 477 4171 dicuntur
500 4112 722 4184 mandavisse,
753 4115 789 4176 ut
823 4114 864 4176 ab
899 4116 971 4191 ipso

180 4210 334 4285 episcopo
353 4207 517 4286 recipiant
531 4209 734 4284 supradicta,
749 4226 809 4271 seu
827 4211 895 4273 illis
913 4228 973 4288 per

179 4321 262 4382 quas
277 4305 545 4366 mandavimus...
560 4306 722 4367 decano...
735 4307 971 4370 archidiacono

179 4404 212 4462 et
234 4403 391 4476 magistro
408 4407 443 4462 ll.
463 4403 623 4463 canonico
644 4403 852 4465 atrebatensi
873 4407 970 4467 uteie

180 4497 212 4557 id
235 4499 342 4574 ipsum
359 4499 545 4576 injungant.
563 4502 680 4562 Datum
695 4501 828 4574 Tibure,
841 4505 884 4562 Vl
896 4503 970 4564 idus

179 4595 271 4668 maii,
288 4611 375 4656 anno
387 4611 485 4657 nono.

515 4759 632 4844 univ

305 4911 356 4968 Ad
371 4911 566 4982 episcopam
578 4912 840 4986 Liuooneascne.

465 5029 499 5086 n
518 5031 586 5086 maii
606 5031 683 5088 1225.

209 5144 328 5205 [negem
346 5144 390 5194 lib.
408 5145 452 5203 lx,
464 5158 505 5208 ep.
516 5143 571 5194 tlt.
589 5145 644 5194 tiss.
659 5146 695 5196 La
708 5143 784 5196 Porto
798 5147 935 5212 delusit]

178 5256 291 5313 Facitei
305 5265 474 5329 potestatem
490 5257 525 5315 de
540 5258 787 5316 administratione
803 5263 967 5318 monasterii

212 5346 365 5401 Baeuensis
384 5347 413 5401 in
434 5347 508 5418 quod
528 5348 626 5404 venire
647 5347 748 5403 iratres
765 5347 968 5407 Praedicatoree

212 5433 379 5502 renuebant,
396 5433 555 5492 ordinandi.

218 5560 394 5630 Honorius,
419 5562 495 5634 etc,
511 5563 693 5624 venerabili
719 5563 851 5626 tratri...
879 5565 968 5641 epis·

802 283 1031 344 EPISTOLAE.
1055 283 1133 344 LIB.
1158 284 1213 343 IX.

1767 275 1827 336 850

1032 458 1114 520 copo
1133 439 1347 516 Lingonensi,
1365 439 1398 500 et
1417 437 1548 501 dilectis
1570 437 1686 500 tiliis...
1712 434 1824 498 abbati

1032 539 1243 600 cisterciensi
1258 539 1326 599 et...
1345 537 1448 611 priori
1460 535 1500 597 de
1519 536 1598 596 Sine
1612 535 1707 596 Muro
1720 532 1824 594 Cabi-

1031 635 1179 696 lonensis
1211 635 1243 695 et
1285 633 1447 694 Eduensis
1489 632 1687 704 dioecesum,
1727 628 1823 690 salu-

1030 733 1107 803 tem,
1123 734 1186 793 etc.

1071 830 1215 899 Litterae,
1231 843 1313 904 quas
1329 827 1407 888 olim
1419 825 1514 888 vobis
1525 826 1708 886 direximus
1724 840 1824 902 super

1030 925 1161 1000 negotio
1177 924 1369 985 monasterii
1389 922 1567 984 Baeuensis
1591 923 1680 982 inter
1698 923 1820 983 caetera

1031 1021 1254 1092 continebant,
1272 1021 1308 1080 ut
1323 1021 1351 1080 si
1368 1019 1486 1080 tratres
1507 1017 1634 1080 ordinis
1650 1018 1822 1078 Praedica-

1029 1118 1138 1178 torum
1165 1118 1206 1178 ad
1235 1117 1474 1178 monasterium
1506 1116 1615 1192 ipsum
1645 1114 1823 1175 convenire

1031 1229 1097 1274 non
1115 1215 1250 1285 vellent,
1273 1229 1333 1274 nec
1354 1229 1414 1275 vos
1439 1213 1590 1275 videritis
1615 1212 1697 1273 illud
1726 1227 1823 1288 posse

1030 1326 1090 1386 per
1110 1311 1223 1385 nigros
1239 1311 1419 1372 monachos
1436 1310 1623 1380 reformari,
1640 1309 1824 1382 investiga-

1031 1407 1111 1466 retis
1136 1407 1278 1468 sollicite
1299 1409 1408 1467 utrum
1429 1407 1604 1467 reformari
1628 1405 1739 1481 posset
1764 1419 1824 1480 per

1031 1503 1272 1565 institutionem
1292 1505 1526 1564 canonicorum
1550 1501 1760 1563 saecularium
1786 1501 1822 1560 in

1030 1599 1156 1668 eodem,
1172 1599 1265 1661 nobis
1295 1601 1381 1677 quod
1410 1615 1510 1675 super
1535 1599 1599 1659 hoc
1625 1598 1821 1660 inveneritis

1030 1695 1174 1758 fideliter
1196 1697 1400 1772 rescripturi.
1422 1698 1537 1772 Nuper
1565 1695 1674 1756 autem
1699 1695 1820 1756 vestris

1030 1791 1821 1868 nobisnttensinttmastis,quodnecdtcnnanas

1030 1888 1070 1948 ad
1094 1891 1330 1950 monasterium
1345 1890 1522 1952 voluerunt
1541 1889 1719 1950 convenire
1734 1903 1822 1964 prae-

1030 1985 1163 2056 dictum,
1180 2001 1241 2046 nec
1252 2002 1310 2046 vos
1323 1986 1363 2046 ad
1381 1985 1652 2047 reformationem
1672 1985 1820 2061 eJ‘uedetn

1028 2081 1204 2142 invenistis
1241 2083 1330 2142 viam
1364 2083 1510 2158 aliquam
1545 2083 1725 2152 efficacem,
1751 2083 1821 2143 turn

1030 2179 1164 2254 propter
1176 2179 1360 2239 debitorum
1371 2195 1485 2250 onera,
1503 2178 1621 2256 quibus
1634 2180 1742 2256 ipsum
1756 2195 1822 2238 mo-

1029 2275 1211 2336 nasterium
1228 2277 1398 2352 premitur,
1413 2276 1481 2336 tum
1507 2275 1584 2352 quia
1607 2276 1713 2336 omnis
1735 2275 1822 2334 alie-

1029 2371 1120 2431 natio
1132 2370 1294 2432 bonorum
1309 2373 1415 2449 ipsius
1434 2372 1638 2444 monasterii,
1654 2387 1693 2432 ac
1716 2387 1823 2431 mem-

1028 2466 1161 2528 brorum
1177 2467 1271 2529 vobis
1286 2470 1358 2530 erat
1371 2469 1569 2546 Apostolicis
1583 2468 1703 2530 litteris
1717 2468 1822 2529 inter·

1029 2563 1127 2626 dicta.
1144 2565 1224 2625 Cum
1235 2581 1314 2641 ergo
1328 2567 1367 2626 de
1381 2567 1486 2642 ipsius
1507 2564 1699 2627 monasterii
1714 2565 1823 2625 retor-

1029 2661 1173 2721 matione
1211 2662 1351 2722 sollicite
1396 2663 1578 2736 cogitantes
1623 2677 1723 2738 super
1757 2662 1821 2722 boo
1910 2665 1918 2678 “

1029 2773 1102 2817 cum
1127 2756 1246 2818 dilecto
1274 2758 1343 2817 lilio
1366 2759 1418 2817 W.
1433 2758 1549 2818 nuntio
1578 2759 1689 2820 vestro
1712 2759 1819 2820 latore

1028 2853 1240 2930 praesentium
1277 2853 1516 2922 conferremus,
1539 2855 1626 2915 idem
1652 2855 1720 2915 tres
1747 2856 1819 2916 vias

1028 2949 1122 3010 nobis
1143 2951 1305 3026 exposuit,
1320 2968 1392 3040 quae
1410 2950 1473 3012 sibi
1488 2952 1701 3014 occurrerant
1720 2951 1821 3014 anxie

1029 3046 1197 3122 cogitanti,
1215 3063 1354 3123 quarum
1376 3049 1482 3125 prima
1500 3047 1572 3120 fuit,
1595 3051 1630 3110 ut
1653 3049 1700 3120 tu,
1718 3049 1821 3109 trater

1028 3143 1194 3220 episcope,
1211 3147 1244 3206 et
1256 3161 1465 3206 successores
1476 3146 1525 3207 tui
1539 3139 1691 3208 habeatis
1709 3145 1819 3206 admi·

1028 3241 1259 3302 nistrationem
1282 3243 1515 3318 temporalium
1530 3242 1660 3320 praefati
1680 3258 1820 3303 monas-

1028 3338 1104 3399 terii
1119 3339 1275 3416 tanquam
1292 3339 1405 3411 abbas,
1423 3341 1456 3401 et
1470 3342 1562 3417 prior
1575 3341 1769 3402 instituatur
1784 3341 1820 3399 in

1028 3451 1078 3520 eo,
1102 3437 1157 3514 qui
1185 3436 1410 3512 spiritualium
1440 3452 1553 3498 curam
1582 3437 1676 3514 gerat
1699 3437 1820 3513 uiginti
1896 3420 1900 3433 ’

1028 3534 1173 3610 quinque
1189 3535 1361 3595 monachis
1378 3534 1590 3596 instituendis
1605 3534 1738 3606 ibidem,
1755 3535 1820 3612 ipsi

1028 3629 1132 3706 priori
1158 3633 1315 3707 quantum
1346 3632 1386 3692 ad
1422 3632 1609 3708 spiritualia
1639 3632 1820 3694 secundum

1028 3727 1149 3787 statuta
1165 3713 1349 3789 monastica
1364 3729 1536 3804 parituris,
1555 3732 1587 3788 et
1607 3729 1655 3789 sic
1671 3729 1820 3790 divinum

1027 3820 1073 3881 ibi
1102 3837 1168 3882 non
1194 3823 1362 3884 minuetur
1386 3823 1591 3901 obsequium,
1608 3839 1682 3884 cum
1707 3824 1820 3900 plures
1861 3847 1865 3854 ·

1026 3933 1101 3978 esse
1125 3934 1191 3978 non
1212 3919 1445 3980 consueverint
1463 3919 1498 3979 in
1520 3919 1634 3981 eodem
1655 3921 1687 3980 et
1710 3919 1820 3981 debita

1027 4015 1184 4090 poterunt
1199 4016 1357 4090 paulatim
1374 4017 1513 4088 exsolvi,
1526 4017 1623 4077 bisin
1638 4032 1820 4078 eorumeo-

1027 4111 1166 4181 lutione,
1189 4127 1262 4188 quae
1278 4111 1380 4173 abbas
1395 4114 1582 4190 expendere
1601 4116 1821 4175 consueverat

1027 4208 1271 4270 convertendis.
1312 4210 1464 4271 Secunda
1499 4210 1571 4283 luit,
1602 4211 1637 4274 ut
1665 4211 1818 4273 canonici

1027 4305 1205 4391 saeculares
1229 4306 1264 4365 in
1292 4307 1495 4368 monasterio
1518 4309 1735 4370 instituantur
1761 4323 1820 4370 eo-

1026 4401 1110 4473 dem,
1126 4403 1157 4463 et
1170 4403 1344 4480 episcopus
1360 4403 1480 4466 habeat
1490 4407 1742 4483 praeposituram
1759 4405 1819 4468 ibi·

1026 4500 1098 4559 dem
1115 4515 1135 4560 a
1150 4516 1214 4576 qua
1240 4501 1425 4576 dependent
1444 4504 1696 4583 praebendarum
1712 4504 1819 4565 colla-

1025 4597 1082 4668 tio,
1099 4599 1132 4658 et
1144 4597 1337 4671 dominium,
1354 4616 1393 4661 ac
1401 4600 1533 4677 justitia
1548 4601 1740 4677 terraeque
1751 4597 1817 4662 duo

1025 4695 1141 4754 ultima
1151 4695 1325 4772 episcopus
1341 4694 1386 4755 ibi
1402 4696 1501 4757 habet
1515 4712 1534 4756 a
1547 4697 1655 4771 longis
1667 4699 1818 4758 retroac-

1007 4873 1009 4880 Α
1023 4791 1066 4852 tis
1077 4791 1289 4868 temporibus
1302 4791 1388 4852 sicut
1400 4793 1498 4853 certis
1514 4792 1720 4854 documentis
1731 4793 1817 4854 dici-

1023 4889 1078 4949 tur
1092 4903 1263 4964 apparere,
1281 4889 1489 4964 solveretque
1505 4889 1713 4951 medietatem
1724 4892 1817 4967 epis-

1024 5001 1124 5061 copus
1153 4987 1186 5046 et
1211 4985 1406 5047 instituendi
1427 4986 1580 5047 canonici
1606 4987 1816 5066 medietatem

1023 5082 1186 5157 reliquam
1213 5081 1410 5141 debitorum.
1438 5081 1559 5142 Ultima
1584 5098 1663 5144 vero
1683 5083 1757 5155 suit,
1782 5085 1817 5144 ut

1023 5178 1266 5239 administratio
1297 5178 1397 5239 totius
1426 5179 1534 5252 terrae,
1565 5182 1663 5258 atque
1699 5180 1816 5242 reddi-

1022 5277 1248 5352 tulimusque
1268 5275 1309 5334 ad
1329 5275 1548 5352 quadraginta
1571 5293 1677 5338 annos
1700 5279 1818 5354 Lingo-

1023 5373 1118 5433 nensi
1142 5372 1298 5447 episcopo
1321 5373 1546 5445 confirmatur,
1568 5375 1614 5435 ita
1638 5375 1724 5451 quod
1744 5375 1816 5436 sine

1022 5470 1237 5532 distractione
1256 5485 1316 5530 seu
1340 5470 1542 5532 alienatione
1562 5473 1721 5548 perpetua
1738 5489 1818 5550 pos·

1022 5567 1065 5629 sit
1087 5567 1261 5644 episcopus
1287 5567 1327 5628 ad
1348 5568 1474 5630 certum
1489 5571 1619 5646 tempus
1635 5571 1816 5634 concedere
