4244 6374
339 307 400 370 539

338 467 485 531 modiin
513 463 645 540 negotio
669 461 741 539 ipso
765 459 943 538 procedere
971 459 1131 520 hactenus

340 564 517 626 distulistis
532 563 567 624 in
589 559 737 639 ejusdem
759 557 952 619 monasterii
968 557 1131 634 praejudi-

340 663 438 734 cium,
455 663 489 724 et
500 675 691 738 gravamen.
710 657 851 733 ideoque
870 671 929 732 per
942 655 1130 732 apostolica

338 760 433 824 robis
449 759 572 834 scripta
587 755 793 826 mandamus,
808 755 970 830 quatenus
990 754 1017 812 si
1041 752 1132 828 post-

340 873 439 936 quam
448 854 637 933 huiusmodi
650 852 788 930 quaestio
797 851 891 912 vohis
907 849 957 911 est
970 849 1012 910 ab
1023 853 1132 926 Apos-

337 955 438 1016 tolica
455 953 539 1014 Sede
554 951 740 1021 commIssa,
755 950 790 1010 in
807 966 867 1009 ros
890 947 952 1009 luit
971 949 1130 1023 tanquam

339 1049 373 1113 in
393 1051 531 1112 arbitrie
556 1050 641 1111 slout
660 1048 812 1124 superius
827 1062 1021 1124 expressum
1037 1045 1087 1105 est
1110 1059 1130 1104 a

337 1148 487 1226 partibus
511 1147 795 1224 compromissum,
814 1145 855 1206 ad
880 1161 1010 1220 aequum
1034 1141 1129 1203 arhi-

337 1247 439 1308 trium
471 1245 650 1324 procedere
684 1259 750 1305 nou
785 1243 935 1304 tardetis.
974 1241 1129 1317 Alioquin

337 1359 438 1422 quum
462 1343 576 1419 petitio
601 1341 705 1418 ipsius
729 1339 958 1400 archidiaconi
980 1337 1020 1400 de
1042 1337 1131 1398 reci-

336 1440 466 1518 piendIs
490 1439 629 1502 testibus
651 1437 879 1514 undecumque
902 1435 1080 1513 productis,
1098 1435 1130 1494 et

335 1535 581 1612 interrogandis
596 1535 732 1605 eisdem,
744 1535 852 1596 tenori
864 1532 1046 1610 apostonci
1058 1547 1131 1592 res-

336 1631 435 1709 cripti
455 1631 565 1692 obviet
583 1630 769 1701 manifeste,
786 1645 825 1690 ea
841 1644 1049 1706 nequaquam
1065 1628 1128 1689 oh-

337 1729 455 1800 sene,
473 1729 508 1788 in
530 1729 662 1802 negotio
678 1727 750 1804 ipso
769 1729 867 1804 juxta
882 1727 1030 1802 ejusdem
1054 1741 1129 1785 res·

336 1826 435 1902 cripti
457 1827 605 1888 tenorem
618 1825 690 1886 sine
706 1839 806 1884 morae
823 1823 998 1898 dispendio
1013 1838 1130 1899 proce-

336 1922 433 1984 datis.
455 1925 572 1983 Datum
590 1921 757 1991 Laterani,
778 1923 808 1980 X
828 1919 988 1980 kalendas
1003 1919 1126 1992 martii,

336 2020 569 2082 anneoctavo.

634 2319 832 2408 CXXVIII

393 2487 445 2546 Aa
464 2482 642 2554 Valentio„
658 2483 827 2543 Scaeuae.
844 2483 1019 2554 episcopos
1034 2481 1068 2540 et

523 2581 726 2641 cononicam
748 2580 937 2654 iteponere.

595 2719 631 2778 iu
643 2717 776 2778 februarii
791 2717 869 2777 rari.

364 2842 615 2910 inoportunum,
628 2857 668 2908 ep.
681 2842 735 2894 238.
751 2844 808 2894 Ilss.
817 2843 853 2892 La
865 2844 939 2893 Porta
953 2841 987 2892 du
1001 2841 1095 2906 Thell]
1158 2901 1159 2906 Ἰ

333 2973 448 3039 llan'det
472 2984 502 3034 ut
523 2977 551 3033 in
573 2991 658 3034 causa
678 2976 751 3032 inter
769 2975 909 3032 decenum
930 2983 957 3033 et
972 2976 1125 3048 capitulum

367 3067 396 3124 S.
412 3065 550 3124 iohannis
565 3064 703 3122 Bisuntln.
720 3079 754 3119 cx
768 3079 823 3121 una
841 3071 929 3136 parte,
945 3071 974 3120 et
986 3063 1126 3120 decanum

367 3161 397 3213 et
421 3153 576 3226 capitulum
603 3153 630 3210 S.
657 3151 793 3224 Stephani
813 3153 952 3212 Bisuntin.
979 3167 1014 3208 ex
1038 3153 1125 3210 ultera

368 3241 534 3316 precedent.

372 3377 549 3450 Honorius,
580 3377 655 3448 etc„
692 3375 937 3436 venerabilibus
968 3376 1124 3438 iratribus

331 3475 512 3547 valentin„
522 3473 686 3536 Sedunen.
699 3474 863 3550 episcopis
877 3476 910 3536 et
922 3474 1043 3536 dilecte
1057 3475 1125 3536 illio

331 3573 493 3638 canonice
510 3571 692 3648 lingonen.

369 3670 488 3734 Dilecti
509 3669 568 3730 dlii
590 3670 735 3730 decanus
751 3669 784 3729 et
799 3669 980 3746 capitulum
1006 3671 1038 3730 S.
1061 3673 1122 3732 Je-

328 3769 450 3832 hannIs
473 3767 635 3829 Bisuntin.
653 3781 746 3826 suam
769 3765 809 3826 ad
831 3781 891 3826 nos
907 3767 1123 3828 transmIsere

330 3867 516 3946 querelam,
541 3864 626 3941 quod
649 3861 795 3924 decanus
822 3865 854 3925 et
880 3864 1062 3940 capitulum
1087 3868 1121 3926 S.

331 3963 491 4042 Stephani
524 3961 687 4022 Bisuntin.
721 3975 820 4036 super
848 3977 911 4020 usu
941 3962 1122 4021 coemeterii

330 4063 393 4134 sui,
407 4059 552 4124 strabus
566 4057 641 4118 aliis
658 4059 747 4134 ipses
763 4058 947 4134 aggravant
963 4058 1123 4134 multipli-

333 4161 415 4222 citer
435 4160 468 4220 et
486 4157 672 4218 molestant.
692 4157 893 4216 Procurator
907 4171 985 4216 vero
1005 4155 1122 4216 decani

329 4257 362 4320 et
376 4254 513 4332 capituli
529 4255 561 4314 S.
579 4250 738 4329 Stephani
760 4251 924 4314 Bisuntin.
951 4251 1071 4313 litteris
1087 4253 1122 4313 in

327 4352 496 4416 audientia
508 4349 639 4428 puhIIca
651 4349 880 4410 contradicens
895 4350 1066 4427 proposuit
1080 4365 1122 4411 ex

328 4451 480 4520 adverse,
498 4447 584 4526 quod
609 4447 753 4508 decanus
777 4447 810 4508 et
831 4447 983 4508 canonici
1008 4449 1039 4508 S.
1064 4449 1123 4526 Jo-

327 4547 449 4612 hannIs
460 4549 537 4624 jure
553 4544 686 4622 proprio
707 4559 773 4606 non
796 4544 952 4616 contenti,
970 4544 1011 4604 ad
1033 4545 1122 4606 alio-

326 4647 414 4710 rium
425 4648 502 4724 jura
518 4643 648 4704 inhiant
668 4642 868 4718 usurpanda,
886 4643 963 4702 dum
979 4657 1044 4703 non
1067 4659 1122 4703 so-

326 4746 396 4808 lum
414 4758 513 4820 super
527 4741 654 4818 capella
674 4741 786 4801 Sancti
810 4739 960 4814 Eugenii,
982 4756 1120 4816 proces-

959 301 1134 362 HONORII
1158 301 1202 359 III
1224 301 1371 362 OPERI.

1915 309 1967 368 540

1186 457 1308 520 hahere
1321 461 1356 520 in
1371 461 1519 536 ejusdem
1530 461 1682 522 eeclesias
1696 463 1805 524 Sancti
1819 463 1966 540 Stephani

1186 557 1967 637 praejudiciumabutuntur,iacientesalibiquam

1187 653 1220 712 ln
1234 653 1322 715 dieta
1336 656 1478 716 ecclesia
1504 659 1536 716 S.
1564 658 1723 734 Stephani
1745 659 1967 720 canonIcorum

1185 765 1321 811 suorum
1342 767 1482 828 corpora
1501 754 1648 829 sepeliri,
1663 769 1737 831 quae
1762 755 1852 814 inea
1870 755 1968 818 forent

1185 843 1410 910 tantummodo
1436 851 1641 911 tumulanda.
1671 855 1780 922 Quare
1803 852 1968 926 praedictus

1185 949 1382 1020 procurator
1396 947 1539 1023 petebat,
1563 951 1599 1008 ut
1623 948 1756 1009 eosdem
1776 949 1929 1008 decanum
1941 953 1969 1010 et

1186 1043 1365 1103 canonIcos
1382 1046 1414 1103 S.
1431 1045 1593 1105 JohannIs
1616 1045 1657 1105 ab
1677 1045 1809 1121 injuriis
1830 1046 1968 1106 ecclesiae

1186 1141 1218 1198 S.
1243 1141 1402 1216 Stephani
1419 1156 1520 1216 super
1536 1142 1718 1218 praemissis
1733 1143 1864 1218 penitus
1884 1158 1967 1202 com·

1186 1240 1369 1311 pascentes,
1383 1238 1489 1298 eidem
1503 1239 1653 1299 ecclesiae
1666 1238 1707 1298 ah
1718 1238 1787 1299 iIIIs
1799 1239 1839 1298 de
1851 1239 1968 1298 damnis

1184 1333 1299 1400 illatis,
1315 1335 1348 1394 et
1370 1335 1526 1410 irrigatos
1548 1336 1694 1412 injuriis,
1710 1336 1779 1396 tam
1799 1351 1897 1412 super
1914 1352 1969 1396 usu

1184 1433 1378 1504 coemeterii,
1396 1448 1496 1508 quarn
1511 1433 1587 1493 aliis
1607 1433 1765 1494 satisfieri
1779 1449 1819 1494 ae
1833 1434 1881 1494 eis
1892 1433 1971 1493 inhi-

1183 1526 1968 1601 ieriflrmuertaeeremus,neusumcoemeterii,

1184 1625 1269 1701 qued
1282 1641 1348 1686 non
1364 1625 1497 1698 hahent,
1512 1627 1684 1688 decaetero
1699 1629 1736 1688 in
1751 1627 1970 1704 praejmliciuni

1184 1722 1335 1784 ecclesiae
1358 1726 1391 1784 S.
1412 1725 1571 1800 Stephani
1585 1740 1750 1802 usurpare
1765 1727 1968 1802 praesumant,

1183 1821 1216 1880 et
1237 1820 1265 1880 si
1290 1836 1356 1896 qua
1386 1823 1502 1882 contra
1531 1823 1822 1894 consuetudinem,
1853 1823 1970 1897 inqua

1183 1919 1345 1992 usquead
1367 1919 1544 1980 adventum
1564 1921 1749 1996 supradicti
1768 1920 1870 1995 legati
1883 1919 1969 1980 utra-

1183 2029 1247 2088 que
1261 2014 1403 2075 ecclesia
1418 2016 1537 2086 iuerat,
1552 2016 1766 2089 reducantur,
1779 2033 1879 2093 quum
1893 2015 1970 2075 idem

1184 2108 1314 2185 legatus
1326 2112 1403 2172 riva
1417 2128 1498 2174 voce
1513 2129 1553 2174 ae
1571 2114 1692 2175 litteris
1707 2114 1770 2174 suh
1784 2129 1970 2175 exeommu-

1183 2208 1361 2269 nicationis
1376 2226 1472 2286 poena
1488 2213 1695 2288 praeceperit,
1718 2213 1804 2274 utin
1819 2227 1858 2273 eo
1880 2209 1971 2280 statu,

1182 2304 1217 2364 in
1237 2321 1301 2382 quo
1321 2306 1452 2369 iuerant
1477 2308 1669 2385 prIusquam
1684 2311 1759 2385 ipse
1773 2309 1902 2371 venerit
1915 2307 1969 2366 Bi-

1183 2403 1972 2483 suntIumremanerent.Nositaqueadtranquil-

1181 2497 1307 2560 litatem
1324 2500 1356 2561 et
1371 2517 1486 2577 pacem
1504 2502 1732 2575 ecclesiarum,
1754 2505 1900 2580 ipsarum
1916 2502 1970 2561 de-

1182 2595 1250 2657 hita
1274 2597 1498 2659 sollicttudine
1534 2600 1762 2673 intendentes,
1788 2598 1970 2661 discretioni

1181 2695 1313 2766 vestrae,
1338 2693 1378 2755 de
1396 2697 1569 2774 utriusque
1592 2699 1697 2774 partis
1726 2700 1971 2776 procuratorum

1182 2805 1334 2864 assensu,
1348 2809 1408 2868 per
1421 2794 1614 2870 Apostolica
1630 2797 1753 2872 scripta
1771 2795 1970 2864 mandamus,

1181 2889 1344 2964 quatenus
1364 2891 1551 2953 Bisuntium
1576 2894 1798 2969 personaliter
1817 2893 1973 2955 acceden-

1180 2985 1240 3057 tes,
1256 2986 1295 3047 de
1313 2989 1456 3063 pristino
1482 2991 1580 3062 statu,
1598 2990 1631 3051 et
1645 2992 1791 3068 antiquis
1806 2992 1839 3053 et
1853 3004 1970 3067 appro-

1180 3082 1265 3144 batis
1279 3087 1575 3148 consuetudInihus
1586 3088 1674 3148 inter
1685 3089 1776 3165 ipsas
1787 3088 1972 3150 ecclesiasa

1180 3180 1288 3258 longis
1301 3185 1390 3244 retro
1401 3185 1604 3262 temporibus
1621 3186 1818 3258 observatis
1833 3185 1974 3264 inquira-

1180 3281 1222 3342 tis
1243 3281 1385 3342 sollicite
1406 3282 1579 3344 veritatem
1604 3284 1636 3345 et
1660 3284 1826 3346 revocatis
1843 3285 1885 3344 ad
1900 3297 1973 3343 eum

1180 3379 1312 3450 statum,
1329 3379 1364 3438 in
1393 3396 1457 3455 quo
1484 3381 1579 3440 erant
1603 3381 1734 3456 quando
1764 3381 1972 3456 supradictus

1179 3475 1309 3551 legatus
1338 3475 1505 3537 civitatem
1533 3475 1616 3538 adiit
1637 3477 1838 3548 Bisuntium‚
1868 3477 1975 3554 appel-

1179 3572 1302 3635 latione
1312 3573 1450 3644 remota‚
1463 3573 1491 3633 si
1505 3589 1577 3649 quae
1598 3589 1699 3650 super
1711 3574 1763 3633 his
1779 3574 1975 3635 inveneritis

1178 3670 1295 3731 illicite
1309 3671 1480 3742 attentata,
1498 3672 1671 3748 postquam
1687 3671 1774 3731 idern
1788 3671 1923 3746 legatus
1938 3669 1976 3732 ab

1178 3767 1293 3828 eadem
1309 3767 1445 3828 civilate
1460 3767 1624 3840 discessit,
1640 3783 1714 3829 cum
1728 3784 1769 3829 ne
1785 3769 1868 3846 quid
1884 3770 1978 3831 nevi-

1177 3865 1255 3925 tatis
1268 3867 1507 3939 praesumerent
1520 3863 1580 3924 suh
1594 3881 1692 3942 poene
1709 3869 1975 3928 excommunica·

1177 3961 1277 4022 tionis
1301 3962 1400 4022 iirerit
1418 3961 1596 4024 inhibitum
1617 3979 1678 4040 per
1701 3963 1870 4037 eumdem,
1892 3964 1975 4026 sicut

1177 4059 1212 4119 in
1242 4059 1347 4134 ipsius
1382 4059 1503 4121 litteris
1538 4062 1767 4137 perspeximus
1798 4063 1970 4132 contineri,

1178 4155 1322 4218 audiatis
1356 4173 1457 4233 super
1480 4159 1664 4234 praemissis
1691 4176 1765 4236 quae
1793 4159 1973 4222 hincinde

1177 4253 1334 4314 duxerint
1344 4255 1570 4332 proponenda,
1585 4259 1619 4317 et
1634 4273 1780 4329 causam,
1799 4257 1827 4318 si
1844 4257 1885 4318 de
1899 4273 1973 4335 par-

1176 4351 1259 4412 tium
1277 4352 1448 4413 voluntate
1473 4355 1684 4429 processerit,
1702 4355 1767 4415 dne
1782 4354 1893 4416 debito
1908 4358 1974 4417 ter-

1178 4449 1330 4525 minetIs3
1348 4449 1496 4526 alioquin
1520 4451 1627 4526 ipsam
1647 4451 1687 4512 ad
1711 4467 1771 4513 nos
1796 4453 1972 4514 remittatis

1177 4547 1972 4626 suichenterinstructam,praedgentespartihus
2036 4543 2040 4552 '

1177 4645 1354 4706 terminum
1378 4645 1628 4720 competentem,
1654 4663 1719 4722 quo
1751 4649 1889 4724 propter
1913 4648 1972 4707 hoc

1176 4743 1366 4817 Apostolico
1409 4758 1445 4802 se
1486 4744 1679 4820 conspectui
1720 4744 1970 4821 repraesentent,

327 4841 489 4914 sionibus
507 4837 703 4917 quibusdam
725 4837 874 4904 decimis,
888 4838 921 4898 et
933 4837 1032 4898 rebus
1045 4837 1121 4898 aliis
1172 4841 1309 4916 justam,
1335 4839 1433 4900 dante
1459 4841 1608 4914 Domine,
1633 4843 1832 4904 sententiam
1858 4859 1972 4917 recep-

328 4940 479 5004 ecolesiae
523 4936 635 4999 Sancti
672 4934 831 5012 Stephani
867 4935 943 4996 sunt
977 4935 1118 5008 molesti,
1175 4937 1269 5000 turae.
1293 4939 1405 4998 Testes
1427 4939 1548 5011 autem,
1572 4941 1634 5000 etc.
1653 4939 1745 5012 Quod
1765 4939 1794 5000 si
1814 4957 1883 5003 non
1904 4955 1973 5001 om-

326 5054 442 5100 verum
477 5036 577 5098 etiarn
613 5035 728 5094 centra
763 5031 931 5108 privilegii
972 5034 1120 5094 tenorem
1176 5050 1245 5106 nes,
1263 5036 1338 5107 etc,
1354 5051 1421 5095 non
1441 5035 1595 5098 obstante
1613 5037 1849 5098 constitutione
1869 5053 1972 5114 gene-

327 5135 434 5198 eidam
450 5129 1117 5206 ecclesiaeabhpostolicasedecencessi,
1176 5132 1256 5192 ralis
1287 5133 1443 5206 concilii,
1470 5150 1534 5211 qua
1559 5135 1696 5196 cavetur
1719 5151 1761 5196 ne
1784 5136 1859 5212 quis
1887 5137 1971 5196 ultra

326 5235 359 5298 et
374 5233 488 5294 eontra
503 5228 703 5292 venerahiIIs
727 5225 840 5289 tratrIs
864 5227 970 5288 nostri
984 5229 1017 5288 C.
1033 5231 1119 5289 Por·
1175 5230 1256 5291 duas
1273 5229 1388 5292 diaetas
1406 5233 1500 5293 extra
1526 5248 1621 5292 suam
1644 5233 1813 5294 dioecesim
1832 5234 1899 5294 nisi
1915 5247 1972 5310 per

325 5335 415 5396 tuen.
431 5328 589 5408 episcopi,
603 5332 680 5389 tunc
691 5325 887 5404 apostolicae
900 5325 994 5386 Sedis
1005 5325 1116 5401 legati,
1174 5327 1303 5390 litteras
1313 5329 1520 5406 spostolicas
1534 5329 1574 5390 ad
1582 5330 1746 5406 judicium
1756 5331 1845 5392 trahi
1854 5331 1969 5408 possit.

325 5429 543 5508 praeceptum,
568 5425 602 5486 in
627 5423 768 5503 quodam
792 5424 865 5486 loco
890 5423 1028 5500 profano
1056 5439 1119 5484 usu
1174 5426 1293 5487 Datum
1317 5427 1486 5498 Laterani,
1512 5427 1541 5487 X
1563 5427 1725 5489 kalendas
1742 5429 1864 5502 martii,
1883 5443 1969 5490 anno

326 5521 625 5602 complentque]
654 5537 719 5582 non
748 5519 885 5593 hahent,
915 5536 975 5582 nee
1000 5521 1120 5583 debent
1174 5524 1301 5585 octavu.
