4258 6394
322 315 382 376 em
938 317 1113 378 uouoau
1136 318 1180 377 ιιι
1203 318 1351 380 orans.
1908 280 1978 378 sao

321 474 1116 553 capitulum,propriumhaberesigillumprori·
1169 477 1287 550 tinere,
1312 479 1463 556 personis
1485 477 1616 540 idoneis
1641 477 1802 548 conterat,
1829 493 1904 554 quae
1930 479 1970 537 in

321 570 400 631 dere
410 586 450 631 ne
459 572 572 633 contra
581 571 837 647 prohibitionem
845 574 936 633 tuam
945 573 1115 650 proprium
1170 574 1258 636 dicta
1279 575 1420 636 ecclesia
1434 575 1550 647 velint,
1577 577 1609 635 et
1632 574 1767 636 valeant
1782 573 1967 634 deservire.

322 667 447 729 iaciant
479 667 636 730 fabricari
666 669 833 744 sigillum,
863 670 921 730 aut
951 670 1112 742 habeant,
1170 674 1261 743 Quod
1273 673 1378 734 sinon
1390 673 1589 744 omnesetc.
1600 673 1673 732 Dat.
1686 671 1971 764 Lateranilllsa-

320 765 373 826 vel
404 767 540 827 utantur
567 766 694 836 eodem,
721 766 864 828 sollicite
887 767 1111 843 dignaremur.
1169 769 1285 830 landas
1300 770 1472 839 februarii,
1489 785 1578 831 anno
1593 771 1721 831 octavo.

321 863 390 923 Nos
405 865 516 923 autem
535 863 602 923 tuis
618 879 718 939 super
732 863 795 924 hoc
807 864 1116 940 precibusannuen-

319 960 369 1021 tes
388 959 419 1020 id
436 959 510 1020 lieri
525 961 722 1022 auctoritate
737 962 952 1036 praesentium
977 962 1113 1024 distric-

319 1057 386 1118 tius
412 1056 611 1128 inhibemus,
639 1057 800 1129 volentes,
830 1059 858 1117 si
886 1058 963 1136 quid
989 1061 1114 1121 temere

320 1156 435 1215 contra
450 1158 687 1230 praesumptum
702 1154 812 1226 luerit,
831 1156 955 1215 nullius
972 1157 1115 1218 existere

319 1251 497 1314 firmitatis
523 1252 615 1312 Nulli
637 1269 727 1327 ergo,
745 1255 821 1323 etc,
850 1253 936 1314 hauc
957 1254 1113 1330 paginam

318 1351 442 1410 nostrae
456 1349 666 1410 inhibitionis
681 1349 877 1425 infringere,
902 1352 963 1411 etc.
990 1351 1025 1411 Si
1041 1352 1114 1428 quis

318 1449 439 1518 autem,
457 1447 519 1508 etc.
536 1448 655 1508 Datum
680 1447 847 1519 Laterani,
868 1449 897 1506 X
924 1447 992 1508 kal.
1016 1447 1112 1519 febr„

317 1559 406 1604 anno
420 1545 548 1605 octavo.

661 1777 768 1862 CVII

316 1929 368 1988 Ad
395 1927 594 2000 officialem,
630 1928 840 2003 neophitum
863 1928 1045 1997 Jacooum,
1080 1927 1113 1987 et

366 2027 639 2094 Emorrondum,
663 2027 845 2085 carronicos
862 2026 1064 2085 Louduaen.

583 2154 618 2211 23
630 2154 754 2228 januarii
766 2154 845 2211 lsai.

333 2277 453 2342 [Regest.,
465 2276 511 2327 lib.
523 2275 588 2334 Vlll,
600 2276 674 2342 epist.
685 2277 740 2328 all.
756 2277 812 2326 llss.
824 2279 860 2328 La
873 2278 946 2328 Porta
956 2277 990 2326 do
1002 2276 1095 2342 Tbeil.]

317 2403 434 2461 Mandat
458 2411 489 2460 ut
508 2401 623 2474 quidam
649 2402 806 2476 presbyteri
835 2410 863 2459 et
884 2402 980 2460 clerici
1003 2403 1110 2460 lotren.

352 2507 448 2550 sacros
463 2490 578 2548 ordines
605 2491 733 2564 recipere
748 2497 777 2548 et
795 2491 824 2548 in
851 2491 972 2549 ecclesia
1000 2492 1106 2549 lotren.

352 2579 477 2637 residere
492 2586 643 2652 cogentur.

357 2706 535 2774 Honorius,
566 2707 641 2778 etc,
673 2705 802 2767 dilectis
832 2705 947 2766 liliis...
976 2705 1111 2768 olflciali

317 2804 477 2879 magistro
501 2803 624 2866 Jacobo
640 2805 673 2864 et
697 2803 912 2874 Emorrando,
939 2803 1112 2866 canonicis

317 2903 524 2975 laudunen„
536 2902 675 2963 salutem
685 2903 717 2962 et
725 2901 948 2978 apostolicam
961 2901 1113 2964 benedic·

317 2997 453 3059 tionem.

359 3095 486 3156 Dilecta
499 3095 534 3154 iu
560 3094 691 3154 Christo
708 3093 777 3154 tilia
792 3095 918 3156 lotren.
942 3093 1112 3154 abbatissa

318 3191 413 3252 uobis
437 3190 600 3268 esposuit,
618 3191 703 3267 quod
720 3207 820 3267 quum
843 3206 886 3251 ex
909 3204 949 3252 ea
974 3191 1017 3251 sit
1040 3207 1113 3252 ma-

318 3290 421 3364 gistro
446 3292 482 3349 G.
510 3289 551 3348 de
574 3288 731 3362 Grangia,
755 3289 788 3349 et
812 3287 1009 3364 quibusdam
1036 3287 1113 3350 aliis

319 3384 521 3463 presbyteris
537 3386 570 3445 et
584 3384 716 3444 clericis
732 3385 859 3446 lotren.
877 3385 1059 3462 provisum,
1077 3388 1113 3448 ut

319 3483 441 3544 ibidem
457 3483 492 3542 in
512 3482 740 3544 ministrorum
765 3482 968 3544 solemnibus
985 3483 1018 3543 et
1037 3484 1113 3544 aliis

319 3581 452 3651 officiis,
480 3596 551 3657 quae
572 3596 631 3656 per
660 3579 932 3641 sanctimoniales
962 3583 1114 3642 exerceri

320 3695 385 3740 non
412 3680 561 3755 possunt,
591 3677 734 3739 sollicite
756 3676 968 3755 obsequendo
996 3679 1113 3740 minis·

317 3778 416 3848 trent,
434 3775 567 3853 quidam
582 3791 625 3836 ex
641 3775 689 3836 eis
712 3775 830 3836 nolunt
858 3775 898 3836 ad
919 3791 1032 3837 sacros
1058 3791 1114 3837 or-

319 3875 425 3948 dinae,
440 3877 538 3950 prout
557 3874 662 3950 ipsius
678 3873 829 3934 ecclesiae
854 3873 973 3949 quaerit
997 3889 1115 3936 neces·

318 3973 412 4044 sitas,
449 3971 637 4047 promoveri
673 3993 679 4030 ι
715 3971 774 4032 alii
800 3985 880 4032 vero
911 3986 978 4032 nou
1008 3967 1112 4031 solum

319 4071 489 4147 suscipere
505 4083 618 4130 sacros
645 4067 789 4139 ordines,
812 4083 926 4128 verum
957 4069 1057 4130 etiam
1078 4069 1113 4128 in

319 4167 461 4229 ecclesia
492 4165 706 4228 residentiam
741 4165 850 4226 lacere
879 4163 1111 4241 dedignantur,

319 4264 562 4341 propterquod,
574 4261 883 4324 eteidemecclesiae
896 4262 992 4323 modo
1002 4262 1112 4325 debito

320 4377 386 4422 non
402 4360 547 4421 servitur
560 4363 593 4422 et
606 4360 800 4420 scandalum
811 4359 910 4420 etiam
921 4362 1111 4435 generatur.

320 4458 414 4520 Unde
430 4473 529 4534 super
543 4458 606 4518 hoc
622 4457 786 4533 provideri
803 4473 822 4518 a
838 4456 932 4518 nobis
946 4457 1113 4519 abbatissa

1504 1038 1631 1134 ollii

1309 1190 1361 1248 Ad
1374 1191 1590 1265 Mopcloacn.
1614 1191 1820 1261 episcopum.

1435 1319 1470 1378 23
1479 1318 1604 1391 januarii
1618 1319 1697 1378 liii.

1194 1441 1315 1505 ψοφεῖ..
1326 1441 1371 1492 lib.
1383 1443 1449 1502 Vlll,
1457 1443 1531 1506 epist.
1541 1443 1597 1493 all.
1606 1445 1663 1494 llss.
1674 1444 1793 1494 LaPorte
1803 1444 1838 1494 du
1847 1443 1942 1508 Tbeil.]

1187 1565 1303 1623 Mandat
1317 1573 1348 1623 ut
1362 1565 1472 1623 duobus
1486 1566 1597 1624 clericis
1612 1569 1809 1625 suaeecclesiae
1824 1568 1944 1626 altemm

1353 1654 1523 1713 beneficium
1536 1653 1665 1713 conferre
1675 1657 1774 1728 possit.

1208 1782 1387 1852 Honorius,
1404 1784 1480 1853 etc„
1495 1781 1680 1844 venerabili
1696 1781 1830 1843 tratri...
1847 1783 1965 1856 Maga-

1168 1882 1279 1942 lonen.
1292 1879 1458 1956 episcopo,
1473 1879 1615 1942 salutem
1629 1881 1661 1941 et
1672 1879 1896 1956 Apostolicam
1906 1878 1961 1939 be·

1168 1977 1403 2040 bedictionem.

1209 2075 1426 2151 Supplicastis
1451 2073 1547 2136 nobis
1563 2075 1609 2146 ut,
1633 2091 1733 2152 quum
1757 2073 1826 2135 lere
1846 2090 1962 2136 omnes

1168 2173 1375 2250 parochiales
1411 2172 1561 2234 ecclesiae
1598 2173 1664 2234 tuae
1703 2171 1857 2233 dioecesls
1883 2173 1963 2234 tunc

1168 2271 1250 2332 adeo
1265 2273 1382 2332 tenues
1397 2270 1433 2330 iu
1443 2269 1638 2338 redditibus,
1656 2272 1692 2332 ut
1701 2285 1865 2346 personae,
1882 2270 1961 2346 qui-

1167 2367 1227 2430 bus
1244 2370 1371 2445 majora
1387 2367 1504 2428 merita
1521 2367 1758 2442 suffragantur,
1776 2384 1819 2428 ex
1834 2383 1899 2427 uua
1914 2367 1961 2426 il-

1168 2467 1275 2527 larum
1290 2465 1514 2540 provisionem
1529 2481 1596 2526 non
1611 2463 1756 2526 habeant
1773 2480 1960 2540 congruen-

1167 2566 1243 2634 tem,
1264 2561 1457 2623 conlereudi
1479 2562 1591 2638 plures
1611 2561 1778 2638 aliquibus
1801 2562 1842 2622 de
1862 2561 1963 2622 cleri·

1168 2661 1215 2721 cis
1229 2659 1307 2730 tuis,
1325 2659 1434 2734 dignis
1449 2658 1638 2736 hujusmodi
1652 2659 1772 2734 gratia,
1786 2659 1846 2720 tibi
1861 2659 1962 2719 licen-

1166 2755 1770 2828 tiam,nonobstantestatutoConcilii
1782 2756 1963 2832 generalis,

1167 2853 1349 2916 concedere
1384 2853 1608 2928 dignaremur.
1633 2855 1701 2914 Nos
1736 2853 1838 2928 igitur
1873 2853 1963 2914 circa

1167 2951 1249 3012 duos
1262 2950 1434 3012 dumtaxat
1447 2951 1488 3011 de
1499 2951 1630 3011 clericis
1641 2950 1707 3011 tuis
1719 2949 1890 3011 licentiam
1902 2950 1964 3011 tibi

1168 3048 1380 3110 concedimus
1408 3047 1618 3124 postulatam,
1649 3049 1697 3108 ita
1723 3048 1846 3118 tamen,
1876 3047 1963 3125 quod

1167 3146 1300 3208 illorum
1331 3146 1464 3223 utrique
1496 3161 1596 3206 unam
1628 3146 1755 3206 tantum
1787 3145 1964 3206 ecclesiam

1168 3242 1274 3318 possis
1287 3241 1478 3318 hujusmodi
1492 3241 1636 3302 licentiae
1654 3241 1852 3303 auctoritate
1877 3256 1963 3303 con-

1167 3341 1265 3401 lerre.
1275 3339 1367 3400 Nulli
1380 3355 1471 3414 erge,
1485 3340 1560 3412 etc,
1571 3339 1657 3400 hanc
1670 3339 1826 3415 paginam
1837 3340 1963 3400 nostrae

1168 3437 1393 3499 concessionis
1444 3436 1648 3512 infringere,
1694 3438 1756 3498 etc.
1804 3437 1839 3497 Si
1885 3435 1963 3512 quis

1169 3537 1290 3608 autem,
1314 3536 1377 3596 etc.
1407 3537 1526 3596 Datum
1545 3533 1713 3607 Laterani,
1742 3537 1772 3595 li
1799 3532 1963 3594 kalendas

1168 3631 1339 3704 februarii,
1354 3646 1441 3692 anno
1456 3631 1584 3694 octavo.

1523 3919 1608 4006 dlx

1168 4072 1220 4130 Ad
1245 4071 1399 4130 abbatem
1423 4069 1456 4130 el
1480 4069 1687 4130 concentum
1704 4067 1908 4128 monasterti
1922 4067 1964 4128 dc

1278 4167 1445 4237 haeserat,
1463 4167 1596 4226 ordinis
1609 4167 1852 4226 cloniacensis.

1430 4296 1466 4354 25
1477 4295 1601 4370 januarii
1618 4296 1696 4352 llll.

1324 4419 1426 4484 [Regist.
1438 4425 1547 4470 monast.
1562 4419 1592 4470 de
1605 4419 1725 4478 Paasclot,
1740 4419 1806 4480 lah]

319 4557 435 4618 eadem
449 4554 639 4632 postulavit.
658 4553 819 4627 Quocirca
832 4554 1028 4616 discretioni
1043 4573 1114 4618 res·
1169 4547 1217 4604 llis
1231 4546 1438 4618 possessiones,
1455 4545 1615 4618 Slessiflfflel
1631 4552 1737 4602 terram
1748 4543 1783 4601 (10
1801 4544 1963 4617 Pelsslfflls

318 4657 378 4717 trae
393 4669 453 4732 per
467 4652 657 4730 Apostolica
673 4652 796 4728 scripta
812 4652 1018 4724 mandamus,
1031 4669 1114 4730 qua·
1485 4633 1643 4691 ⁰⁰¹¹s¹lffl¹1²=

318 4753 413 4814 tenus
429 4749 637 4828 supradictos
653 4749 841 4811 sacerdotes
857 4751 890 4810 et
904 4749 1056 4818 clericos,
1078 4753 1114 4812 ut
1207 4752 1375 4812 Honorius
1413 4751 1600 4826 episcopus,
1640 4765 1757 4812 servus
1791 4765 1963 4811 servorum

319 4851 453 4912 ordines
484 4864 598 4910 sacros
628 4846 802 4924 recipiant,
834 4848 866 4907 et
893 4847 927 4906 in
953 4845 1113 4922 jamdicta
1168 4849 1238 4921 Dei,
1255 4853 1317 4911 etc.

318 4949 461 5010 ecclesia
476 4946 655 5017 resideant,
675 4947 713 5038 ut
735 4947 903 5016 tenentur,
929 4945 964 5003 in
985 4959 1024 5004 ea
1041 4946 1113 5006 sine
1207 4947 1311 5008 Justis
1337 4945 1518 5021 petentium
1545 4944 1720 5006 desideriis
1747 4943 1884 5020 dignum
1912 4946 1964 5007 est

320 5045 478 5108 scandalo
509 5043 686 5106 serviendo
715 5041 893 5116 diligenter
911 5042 944 5104 et
970 5042 1113 5104 sollicite
1168 5059 1229 5105 nos
1246 5044 1377 5105 facilem
1393 5043 1542 5119 praebere
1554 5057 1738 5113 assensum,
1753 5044 1786 5103 et
1800 5043 1875 5104 vota
1888 5059 1963 5120 quae

318 5143 492 5214 moneatis,
510 5143 600 5218 ipsos
616 5139 713 5211 adid,
736 5140 763 5199 si
776 5153 913 5200 necesse
931 5138 1042 5210 fuerit,
1055 5155 1114 5216 per
1168 5157 1188 5202 a
1213 5142 1354 5202 rationis
1380 5141 1513 5202 tramite
1539 5155 1606 5200 non
1630 5139 1822 5201 discordant
1842 5139 1964 5201 effectu

320 5239 579 5304 subtractionem
607 5237 859 5307 beneficiorum,
890 5236 1113 5312 appellatione
1167 5238 1388 5316 prosequente
1400 5238 1578 5314 complere.
1592 5237 1784 5314 ilapropter,
1802 5237 1915 5299 dilecti
1927 5238 1964 5298 iu

319 5335 513 5417 postposita,
531 5334 778 5409 compellentes.
796 5333 888 5404 Quod
904 5334 931 5393 si
945 5349 1005 5396 nec
1014 5335 1063 5396 sic
1071 5335 1111 5396 ad
1167 5335 1517 5408 Dominotilii,vestris
1524 5335 1625 5412 justis
1635 5333 1961 5411 precibuslnclinati,

318 5438 390 5498 haec
406 5431 540 5512 possent
555 5430 678 5500 induci,
703 5445 762 5490 vos
778 5431 976 5492 auctoritate
999 5433 1112 5494 nostra
1168 5449 1328 5511 personas
1357 5436 1486 5495 vestras
1514 5434 1547 5494 et
1575 5433 1682 5494 locum
1701 5433 1736 5492 in
1759 5447 1824 5508 quo
1850 5433 1963 5494 divino

318 5533 494 5594 abbatissae
510 5527 707 5607 permittatis
723 5529 840 5598 eidem,
854 5531 890 5588 ut
913 5543 1026 5588 eorum
1049 5530 1111 5591 be·
1167 5531 1346 5608 mancipati
1355 5529 1613 5607 estisobsequiO,
1623 5545 1698 5590 cum
1707 5528 1963 5591 omnibusbonis

320 5631 449 5702 nehela,
467 5643 606 5706 qnorum
623 5627 662 5687 ad
679 5641 752 5686 eam
762 5625 896 5686 collatio
908 5625 1029 5687 dicitur
1041 5644 1113 5704 per·
1167 5646 1239 5706 quae
1261 5629 1293 5688 in
1311 5628 1565 5704 praesentiarum
1590 5625 1835 5688 rationabiliter
1853 5627 1964 5704 possi-
