4226 6372
326 285 390 346 875
943 285 1120 350 HONORII
1141 287 1187 348 111
1207 285 1356 348 OPERA.
1911 275 1982 341 876

327 443 393 505 nisi
412 445 562 507 Romano
582 445 729 522 pontiflci
744 446 933 524 subjacere,
958 447 1120 525 quatenus
1174 445 1230 522 qui
1259 443 1346 507 dona
1379 443 1456 512 tua,
1486 443 1566 520 quin
1594 442 1662 503 imo
1689 438 1815 504 terram
1839 439 1977 517 ipsam,

326 541 442 602 eadem
457 542 584 602 colonis
608 543 706 604 citius
730 543 934 620 impleretur,
959 559 1120 622 suumque
1175 541 1270 619 quasi
1285 542 1432 618 plantam
1445 542 1549 611 tuam,
1566 538 1739 600 beneflciis
1753 538 1868 613 rigare
1882 551 1978 599 con-

325 639 479 700 meritum
490 655 529 701 eo
538 640 638 700 altius
648 643 810 716 surgeret,
823 655 886 718 quo
896 640 1119 702 donumtuum
1174 639 1324 700 tinuiset
1338 655 1404 699 non
1428 637 1619 713 hujusmodi
1645 635 1917 713 oppressionibus
1939 635 1979 696 et

324 738 435 797 Terrae
448 738 577 798 Sanctae
589 737 724 798 uberius
734 737 944 815 proveniret,
961 738 1119 814 frequen·
1175 735 1308 813 injuriis
1345 737 1411 797 tuae
1450 734 1662 796 liberalitatis
1695 732 1850 794 meritum
1881 731 1977 808 apud

324 835 376 894 ter
391 835 500 894 autem
513 834 659 910 ipsorum
682 833 821 896 fratrum
836 835 1014 912 recipimus
1038 851 1120 912 que-
1175 835 1278 894 Deum
1289 832 1485 894 ethomines
1498 831 1686 906 denigrare.
1699 831 1895 905 Quanquam
1905 829 1977 888 hoc

326 930 514 1002 rimoniam,
540 931 627 1008 quod
652 931 742 1008 ipsos
767 948 867 1017 super
888 934 979 994 terra
1005 933 1118 992 eadem

326 1021 503 1104 inquietas,
521 1029 554 1090 et
569 1027 759 1106 frequenter
774 1029 833 1090 tibi
857 1045 956 1106 super
982 1029 1044 1089 hoc
1068 1029 1120 1089 di-

326 1126 474 1186 reximus
490 1127 612 1202 scripta
628 1128 753 1198 nostra,
778 1129 934 1202 rogantes
950 1127 983 1189 et
997 1127 1120 1187 exhor-

325 1223 445 1294 tantes,
462 1223 498 1284 ut
512 1239 612 1300 super
626 1223 688 1284 hoc
701 1224 741 1284 ab
752 1239 866 1284 eorum
877 1223 1119 1300 inquietatione

326 1319 514 1390 desisteres,
529 1321 608 1397 quin
630 1321 709 1390 imo,
726 1322 814 1382 sicut
837 1321 956 1382 honori
982 1321 1040 1381 tuo
1053 1336 1119 1380 ex·

326 1417 415 1493 pedit
429 1417 461 1478 et
483 1416 581 1478 saluti
598 1417 699 1493 ipsos,
727 1433 787 1494 pro
803 1418 990 1478 reverentia
1006 1417 1119 1479 divina

325 1517 359 1576 et
373 1515 496 1581 nostra,
514 1513 709 1574 defenderes
724 1517 757 1576 et
772 1514 912 1575 faveres.
926 1515 1040 1590 Nuper
1054 1529 1118 1574 au-

324 1612 390 1671 tem
406 1611 574 1688 querelam
590 1612 780 1672 eorumdem
797 1611 995 1688 recepimus,
1012 1611 1121 1673 conti-

325 1711 458 1768 nentem
484 1709 569 1784 quod
598 1711 634 1769 in
656 1709 873 1785 quorumdam
898 1709 1119 1784 malignorum

325 1805 486 1866 instinctu
511 1809 634 1866 terram
664 1806 770 1882 ipsam
794 1807 829 1866 in
844 1805 962 1882 grandi
978 1809 1011 1866 et
1025 1805 1119 1880 gravi

284 1950 291 1962 ,
325 1901 472 1978 equitum
505 1903 718 1965 multitudine
758 1903 935 1974 intravisti,
971 1903 1120 1978 adeoque

325 2000 473 2074 gravasti
494 2000 612 2062 batres
639 2001 739 2076 ipsos,
768 2000 800 2061 et
828 2013 942 2060 eorum
969 1999 1120 2059 homines

325 2096 555 2156 exactionibus
571 2111 609 2157 ac
623 2097 790 2173 expensis,
806 2097 893 2172 quod
915 2097 964 2156 eis
985 2093 1119 2156 damni-

326 2192 434 2253 ficatis
449 2193 489 2252 ad
505 2194 684 2254 valentiam
700 2193 791 2254 mille
806 2207 995 2254 marcarum
1010 2196 1043 2254 et
1067 2192 1121 2252 ul-

324 2291 388 2360 tre,
405 2291 528 2350 terram
544 2291 661 2366 ipsam,
678 2301 775 2367 quam
798 2305 873 2350 cum
889 2289 991 2351 multo
1004 2304 1121 2365 perso·

325 2401 442 2446 uarum
467 2387 500 2448 et
523 2401 635 2447 rerum
661 2387 834 2464 dispendio
869 2388 1118 2464 populaverant

326 2483 375 2543 eis
388 2484 421 2544 et
435 2485 499 2560 ipsi
514 2487 625 2546 Terrae
641 2487 770 2545 Sancta
790 2500 874 2561 pene
890 2486 1021 2562 penitus
1045 2485 1122 2543 inu-

325 2575 418 2640 tilem
434 2581 625 2656 reddidisti3
643 2577 806 2658 quoddam
822 2597 952 2658 quoque
962 2582 1118 2649 castrum,

327 2679 412 2754 quod
425 2677 511 2739 ultra
523 2680 651 2740 Montes
660 2679 794 2740 Nivinm
801 2679 913 2740 multis
924 2680 1122 2740 construxe-

326 2777 405 2835 rant
426 2773 594 2836 laboribus
616 2778 649 2837 et
663 2777 829 2852 expensis,
852 2775 1024 2853 occupasti
1047 2775 1119 2834 tra·

328 2868 435 2933 tribus
465 2887 580 2934 eorsum
608 2873 650 2934 ab
673 2873 787 2934 eodem
807 2874 934 2951 ejectis,
962 2871 995 2933 et
1020 2887 1120 2948 quum

331 2970 482 3031 homines
511 2971 560 3031 tui
584 2969 742 3047 quosdam
768 2969 888 3032 iratres
914 2971 947 3031 et
970 2969 1121 3030 homines

328 3068 519 3128 eorumdem
553 3068 745 3139 occiderint,
778 3067 935 3144 quosdam
964 3067 1122 3127 vuluera-

327 3165 449 3234 verint,
466 3167 499 3227 et
517 3162 677 3241 quosdam
694 3165 821 3225 carceri
845 3163 1119 3240 mancipaverint,

327 3265 363 3326 tu
390 3262 432 3323 ab
461 3264 510 3322 eis
536 3262 708 3322 humiliter
741 3261 932 3338 requisitus,
960 3261 996 3321 ut
1021 3277 1122 3337 super

329 3361 382 3420 his
409 3359 564 3420 satisfieri
590 3359 728 3428 iaceres,
753 3358 978 3434 querimonias
1006 3373 1120 3418 eorum

329 3459 363 3518 et
377 3473 491 3534 preces
516 3456 646 3532 penitus
666 3454 843 3516 obaudisti.
859 3455 1006 3530 Denique
1021 3471 1120 3531 quum

329 3571 372 3615 ex
389 3555 482 3631 parte
501 3554 557 3614 tua
575 3552 693 3614 luisset
710 3551 914 3628 propositum
931 3566 1042 3612 coram
1055 3566 1119 3611 no-

329 3651 396 3722 bis,
427 3649 511 3728 quod
541 3649 607 3727 ipsi
632 3649 752 3710 iratres
776 3648 939 3710 libertatis
963 3651 1030 3710 tuse
1058 3647 1120 3708 be-

328 3749 448 3808 neficio
464 3763 530 3808 non
545 3745 705 3818 contenti,
722 3746 778 3806 sed
802 3745 927 3822 egressi
946 3745 1029 3806 flnes
1044 3761 1122 3821 pos-

328 3847 516 3908 sessionum
548 3861 568 3905 n
593 3846 627 3907 te
650 3844 714 3904 sibi
740 3859 973 3905 concessarum
999 3843 1121 3904 intuitu

328 3945 474 4022 pietatis,
485 3943 643 4020 quasdam
654 3957 697 4002 ex
711 3941 777 4003 tuis
790 3941 1055 4018 possessionibus
1065 3957 1123 4001 oc-

328 4043 508 4118 cuparaut;
521 4056 649 4116 nosque
665 4054 723 4116 per
737 4038 865 4100 litteras
880 4039 1011 4099 nostras
1022 4053 1120 4098 man-

329 4139 536 4199 davissemus
551 4137 687 4208 eisdem,
716 4137 752 4197 ut
777 4151 877 4212 quum
901 4151 958 4196 eos
982 4151 1048 4195 non
1063 4135 1123 4194 de-

329 4237 403 4296 ceat
417 4235 575 4294 invadere
591 4233 712 4302 aliena,
729 4234 763 4294 et
779 4233 870 4309 ipsas
894 4231 1121 4308 possessiones

326 4335 394 4392 tuae
408 4331 597 4391 celsitudini
609 4327 833 4399 restituerent,
857 4330 890 4389 et
912 4327 954 4389 ab
974 4343 1121 4405 occupa·

327 4427 419 4490 tione
434 4427 576 4488 aliorum
596 4426 756 4486 bonorum
780 4427 912 4486 tuorum
936 4425 977 4486 de
1001 4428 1121 4488 caetero

328 4523 553 4598 abstinerent3
570 4523 618 4594 tu,
635 4521 721 4598 quod
735 4520 970 4595 intelleximus,
987 4519 1028 4584 de
1043 4537 1123 4600 pos-

327 4621 534 4684 sessionibus
562 4617 641 4692 illis,
677 4633 759 4698 quas
794 4617 992 4680 dicebantur
1025 4621 1121 4681 extra

327 4733 559 4782 concessarum
576 4717 638 4778 sibi
662 4717 822 4778 terminos
845 4729 1037 4793 occupasse,
1063 4717 1120 4778 ni-

325 4821 400 4880 tens
415 4819 607 4893 retorquere
621 4812 661 4876 ad
677 4813 764 4885 illas,
775 4827 856 4890 quas
872 4813 951 4886 illis,
962 4813 1029 4874 imo
1041 4813 1119 4887 lleo,

325 4913 381 4992 pia
396 4914 597 4975 liberalitate
610 4911 752 4982 donasti,
767 4913 800 4972 et
812 4927 884 4988 quae
897 4911 1045 4987 ipsorum
1060 4913 1121 4972 do-

324 5027 398 5072 mus
411 5013 499 5083 sunt,
516 5011 559 5071 ad
577 5025 692 5086 preces
706 5011 783 5069 tuas
797 5007 995 5070 auctoritate
1009 5013 1120 5086 Apos-

323 5108 425 5171 tolica
450 5107 665 5178 confirmata,
695 5103 885 5182 praecepisti
909 5105 1054 5184 easdem,
1084 5109 1121 5169 ut

323 5207 433 5268 terras
457 5203 558 5282 ipsas,
588 5203 674 5263 sicut
693 5205 763 5279 jam
787 5203 980 5273 diximus,a
1004 5203 1036 5263 te
1056 5203 1120 5263 sibi

326 5303 465 5364 donatas
480 5302 605 5362 intuitu
625 5299 771 5377 pietatis,
788 5301 821 5360 et
844 5315 864 5360 a
880 5299 965 5360 Sede
978 5300 1120 5376 Aposto-

322 5399 387 5462 lica
403 5399 627 5465 confirmatas,
640 5397 701 5460 tibi
717 5397 874 5458 continuo
896 5396 1117 5472 resignarent,

1174 945 1383 1006 nequaquam
1398 929 1582 992 clementias
1597 929 1663 988 tuae
1679 926 1872 1003 imputanda
1888 940 1976 987 cre-

1175 1027 1303 1099 damus,
1334 1026 1392 1087 sed
1423 1027 1532 1102 potius
1561 1025 1673 1100 pravis
1698 1023 1976 1099 suggestionibus
2099 1037 2100 1080 1

1174 1125 1408 1200 malignorum,
1422 1124 1479 1200 qui
1493 1123 1645 1184 videntes
1659 1120 1831 1198 praeiatam
1844 1123 1975 1182 terram

1175 1235 1234 1298 per
1255 1222 1452 1282 immensum
1467 1219 1630 1281 dictorum
1656 1218 1797 1279 tramam
1823 1217 1975 1278 studium

1175 1317 1367 1394 proiecisse,
1384 1332 1424 1378 ac
1436 1319 1508 1394 ejus
1519 1315 1686 1392 cupidine,
1698 1315 1877 1378 venenosis
1889 1329 1975 1376 sna-

1175 1414 1323 1476 sionibus
1349 1413 1382 1475 te
1417 1414 1620 1486 accendunt;
1646 1427 1713 1474 non
1747 1411 1971 1483 attendentes,
2099 1403 2100 1412 ’

1175 1512 1261 1589 quod
1277 1511 1362 1571 nihil
1376 1511 1541 1573 veraciter
1555 1510 1711 1582 retinent,
1727 1509 1793 1570 nisi
1815 1509 1902 1586 quod
1925 1508 1975 1568 li·

1174 1609 1348 1670 beralitate
1372 1608 1524 1669 donatur.
1557 1609 1681 1682 Magna
1717 1606 1850 1684 quidem
1878 1607 1970 1677 sunt,

1175 1722 1248 1783 quae
1262 1705 1380 1767 dedisti
1396 1704 1554 1766 iratribus
1567 1705 1754 1775 antedictis,
1768 1703 1826 1764 sed
1838 1705 1929 1764 certa
1938 1703 1972 1762 si

1174 1803 1292 1864 devota
1308 1803 1521 1864 meditatione
1533 1801 1740 1878 pensaveris,
1753 1815 1853 1878 quam
1865 1799 1973 1861 multa

1175 1902 1208 1960 et
1228 1915 1348 1976 magna
1372 1899 1512 1961 contulit
1531 1898 1593 1960 tibi
1615 1898 1737 1960 divinas
1761 1897 1972 1959 immensitas
2099 1931 2100 1944 2

1174 1997 1351 2072 largitatis,
1376 2012 1443 2058 uon
1467 2011 1587 2072 magna
1610 1995 1792 2072 reputabis,
1818 2011 1893 2072 quae
1915 1995 1973 2070 pie

1175 2110 1234 2171 pro
1247 2098 1319 2172 ejus
1341 2094 1468 2155 honore
1489 2096 1522 2154 et
1547 2109 1660 2154 amore
1682 2091 1817 2168 dedisti;
1835 2091 1893 2152 sed
1909 2106 1974 2167 po-

1173 2191 1240 2252 tios
1256 2191 1428 2267 cogitabis,
1442 2193 1475 2252 te
1489 2206 1657 2268 nunquam
1671 2205 1768 2266 posse
1782 2189 1884 2265 digna
1900 2191 1972 2250 Deo

1174 2286 1358 2348 retribuere
1373 2301 1433 2363 pro
1451 2285 1616 2358 omnibus,
1634 2301 1707 2362 quse
1728 2283 1884 2347 retribuit
1897 2283 1972 2361 ipse

1175 2383 1251 2456 tibi;
1268 2383 1429 2460 cogitabis
1442 2386 1474 2444 et
1490 2384 1568 2460 quia
1591 2397 1691 2460 quum
1714 2383 1874 2459 scriptum
1899 2383 1945 2443 sit
1962 2404 1970 2442 :

1176 2481 1337 2553 Quodsua
1350 2479 1522 2542 defunctos
1533 2495 1634 2556 opera
1648 2479 1912 2556 subsequantur;
1929 2494 1971 2541 ea

1176 2577 1258 2644 sola,
1288 2595 1361 2654 quae
1386 2577 1525 2639 Domino
1554 2575 1697 2650 dederis,
1721 2575 1782 2637 tibi
1804 2577 1877 2654 post
1891 2577 1971 2639 vitae

1175 2677 1350 2751 praesentis
1365 2675 1490 2736 exitum
1509 2673 1749 2747 remanebunt;
1774 2676 1808 2735 et
1830 2674 1879 2735 sic
1902 2689 1971 2734 non

1176 2771 1334 2844 studebis,
1351 2787 1423 2849 quae
1439 2771 1506 2832 Deo
1526 2771 1646 2832 dedisti
1661 2771 1824 2844 minuere,
1840 2769 1897 2831 sed
1913 2785 1972 2831 an-

1174 2883 1264 2945 gere,
1281 2884 1320 2930 ae
1335 2867 1428 2944 sequi
1443 2869 1628 2928 doctrinam
1647 2867 1875 2944 evangelicam
1887 2883 1971 2928 sua-

1175 2965 1305 3027 dentem
1317 2986 1326 3041 3
1339 2967 1376 3026 ut
1386 2965 1562 3026 studeasin
1571 2965 1654 3026 coelo
1669 2963 1730 3025 tibi
1741 2965 1972 3027 thesaurizare

1174 3064 1361 3134 thesauros,
1376 3062 1432 3123 ubi
1447 3079 1508 3123 neo
1521 3078 1646 3138 aerugo,
1663 3077 1725 3123 nec
1745 3063 1836 3125 tinea
1850 3063 1971 3124 demo-

1175 3161 1266 3232 litur,
1283 3162 1315 3221 et
1330 3159 1386 3220 ubi
1402 3157 1492 3221 iures
1508 3175 1574 3221 non
1590 3159 1762 3232 effodiunt,
1777 3175 1838 3221 nec
1853 3159 1973 3222 suran-

1175 3261 1240 3320 tur.
1258 3263 1426 3335 Rogamus
1439 3257 1542 3334 igitur
1555 3259 1768 3320 serenitatem
1782 3259 1885 3330 tuam,
1901 3273 1972 3320 mo-

1176 3371 1293 3416 nemus
1330 3357 1363 3416 et
1399 3355 1612 3416 obsecramus
1645 3355 1678 3414 in
1712 3355 1852 3417 Domino
1888 3357 1971 3417 Jesu

1176 3451 1318 3523 Christo,
1334 3455 1496 3529 quatenus
1513 3450 1575 3511 hoc
1591 3451 1769 3529 prudenter
1782 3451 1969 3525 attendere,

1176 3553 1208 3611 et
1223 3551 1378 3626 praeiatas
1401 3549 1531 3610 litteras
1547 3551 1678 3610 nostras
1707 3547 1889 3609 secundum
1914 3565 1972 3610 sa-

1177 3662 1253 3708 num
1266 3645 1481 3718 intellectum,
1495 3647 1649 3723 superius
1662 3661 1868 3723 expressum,
1880 3648 1972 3708 acci-

1176 3746 1281 3821 piens,
1305 3745 1411 3805 diotos
1437 3744 1559 3804 iratres
1589 3756 1690 3821 super
1715 3743 1806 3805 terra
1830 3745 1884 3822 pie
1903 3745 1971 3806 ate

1177 3841 1241 3901 sibi
1256 3839 1388 3912 donata,
1410 3842 1450 3902 de
1476 3844 1596 3902 caetero
1621 3857 1690 3902 non
1716 3841 1882 3914 molestes,
1913 3839 1971 3902 sed

1176 3953 1249 3998 eam
1265 3939 1401 4015 pacifice
1416 3938 1480 3999 sibi
1492 3937 1671 4010 dimittens,
1685 3939 1866 3999 secundum
1881 3938 1974 3999 limi-

1176 4038 1226 4096 tes
1239 4037 1271 4095 in
1288 4035 1462 4112 privilegio
1481 4038 1547 4097 tuae
1569 4033 1758 4097 donationis
1771 4051 1970 4112 expressos3

1176 4131 1334 4208 praedicto
1346 4133 1455 4194 castro
1466 4132 1516 4192 eis
1531 4130 1635 4194 libere
1645 4131 1811 4204 restitute,
1823 4134 1856 4194 et
1871 4133 1972 4194 satis-

1177 4229 1314 4303 faciens,
1340 4245 1380 4291 ac
1404 4229 1562 4291 satisfieri
1583 4227 1710 4290 iaciens
1726 4230 1767 4291 de
1791 4225 1922 4292 damnis
1939 4229 1972 4292 et

1177 4329 1310 4405 injuriis
1325 4343 1385 4404 per
1404 4329 1437 4388 te
1452 4343 1492 4388 ac
1509 4331 1584 4389 tuos
1603 4327 1728 4388 eisdem
1741 4327 1903 4390 hacteuus
1918 4329 1970 4389 ir-

1176 4426 1319 4500 rogatis3
1337 4429 1385 4485 sic
1409 4439 1477 4496 eos,
1493 4427 1563 4486 tum
1586 4425 1620 4484 in
1634 4425 1711 4485 aliis
1727 4425 1872 4502 J'ustitiis
1886 4425 1969 4496 suis,

1175 4523 1244 4584 tum
1253 4521 1445 4598 specialiter
1453 4523 1488 4583 io
1499 4523 1589 4582 terra
1601 4521 1760 4598 praedicta
1770 4521 1894 4598 regalis
1905 4539 1969 4599 po-

1176 4620 1288 4681 tentiae
1308 4617 1445 4680 brachio
1468 4620 1622 4695 protegas
1636 4619 1670 4680 et
1697 4615 1867 4692 defendas,
1884 4621 1972 4696 quod

1176 4717 1313 4778 interra
1335 4717 1518 4778 viventium
1541 4717 1670 4792 gratam
1687 4717 1838 4792 recipere
1851 4715 1971 4778 debeas

1176 4813 1426 4875 retributionem
1442 4827 1461 4873 a
1477 4815 1555 4883 Deo,
1572 4811 1628 4890 qui
1648 4829 1709 4874 nec
1731 4811 1855 4874 bonum
1879 4813 1970 4874 irre-

1176 4913 1386 4971 muneratum
1400 4925 1461 4970 nec
1473 4907 1597 4970 malvam
1612 4909 1747 4987 aliquod
1764 4909 1889 4972 deserit
1908 4911 1973 4972 im·

1175 5009 1336 5085 punitum.
1354 5011 1458 5068 Porro
1474 5007 1503 5068 si
1525 5015 1643 5068 verum
1657 5010 1709 5069 est
1727 5005 1834 5069 dictos
1848 5005 1970 5069 iratres

1175 5103 1304 5182 aliquas
1330 5103 1558 5180 possessiones
1583 5106 1658 5165 tuas
1683 5107 1779 5166 extra
1794 5119 1970 5166 concessos

1175 5202 1249 5273 sibi,
1261 5201 1321 5263 tibi
1331 5202 1492 5262 terminos
1503 5215 1695 5278 occupasse,
1707 5202 1873 5274 volumus,
1886 5204 1971 5264 sicut

1174 5299 1267 5361 eleis
1282 5297 1524 5368 mandavimus,
1537 5313 1596 5374 per
1606 5299 1735 5360 litteras
1748 5299 1968 5375 supradictas,

1175 5402 1210 5459 ut
1221 5395 1281 5458 tibi
1291 5397 1468 5458 restituant
1477 5397 1588 5456 omnia
1600 5411 1673 5472 quae
1685 5397 1779 5457 exoa
1794 5397 1883 5472 ipsos
1897 5397 1969 5457 ter-

322 5499 383 5570 eis,
395 5497 460 5558 nisi
476 5501 542 5559 tuae
550 5494 697 5574 J‘ussioni
712 5497 879 5572 parerent,
895 5495 1012 5570 gravia
1027 5509 1120 5556 com·
1174 5495 1281 5556 minos
1291 5496 1451 5570 occupata
1460 5509 1534 5554 esse
1548 5493 1735 5555 constiterit
1749 5509 1810 5570 per
1823 5493 1968 5554 eosdem.

321 5595 489 5656 minando.
508 5593 659 5656 Proiecto
681 5608 746 5654 non
771 5592 909 5654 deberes
932 5591 981 5652 sic
997 5601 1117 5668 prose·
1176 5591 1411 5654 U‘ndedilectis
1424 5589 1969 5664 tiliisdeLineweld,deliercz,de
