4258 6394
743 313 972 380 srrsroum.
995 317 1074 378 me.
1097 318 1167 378 vu.
1650 277 1657 290 “
1718 317 1778 380 acl

438 501 631 590 CXXXIV
984 475 1123 538 mittatis
1147 475 1265 536 eidem.
1295 475 1450 552 Alioquin
1469 475 1654 539 venerabili
1681 475 1778 538 tratri

984 571 1097 632 nostro
1100 612 1161 630 .....
1185 569 1341 646 episcopo
1362 571 1572 632 Lemovicen.
1589 571 1624 632 et
1646 570 1777 636 dilectis

300 654 527 728 Adpopmum
540 655 756 714 vtllaePOdit·
984 667 1062 728 tiliis
1066 711 1127 730 .....
1144 667 1256 729 abbati
1277 668 1456 729 Dauraten.
1479 669 1574 729 ei.....
1596 669 1776 745 praeposito

419 791 452 848 ¹6
471 791 539 848 maii
560 791 641 848 4223,
922 757 937 783 ¹
983 766 1024 825 dc
1041 764 1263 826 subterranea
1294 763 1503 825 Lemovicen.
1532 763 1628 826 dioec.
1659 767 1776 826 damus

984 862 1106 923 nostris
1132 861 1253 924 litteris
1277 862 1313 922 iu
1337 861 1512 933 mandatis,
1530 861 1566 922 ut
1580 879 1639 924 vos
1661 863 1701 924 ad
1724 880 1774 937 ea,

162 921 904 990 [liegest.,lib.VIl,apist.lbl.ldss.LaPcrtednTbeil.]
983 973 1057 1035 quae
1080 958 1299 1035 proemisimus
1323 959 1546 1035 exsequendo,
1571 974 1630 1037 pel·
1656 975 1778 1020 censu.

136 1044 253 1106 lbandat
266 1053 297 1103 ut
309 1045 438 1104 ecclesie
452 1048 481 1104 S.
500 1046 652 1104 Frontonis
666 1047 879 1120 petragoricen.
893 1045 929 1105 de
983 1071 1056 1117 ram
1082 1054 1355 1127 ecclesiasticam,
1383 1055 1605 1132 appellatione
1637 1057 1775 1128 remota,

172 1135 258 1237 illatis
285 1135 395 1207 issiufi'li
420 1142 450 1193 θῑ
472 1134 585 1194 d⁸ffl⁰i⁸
603 1143 799 1210 competenter
812 1135 927 1194 ‘misi'
983 1153 1108 1230 praevia
1119 1153 1248 1214 ratione
1261 1152 1470 1230 compellant.
1480 1153 1597 1214 Datum
1607 1153 1775 1224 Laterani,

172 1230 259 1282 ⁰¹³⁰&
982 1251 1074 1312 XVII
1106 1249 1268 1340 kalendas
1290 1250 1391 1330 junii,
1422 1251 1634 1328 pontificatus
1672 1247 1749 1314 nost
1767 1249 1792 1298 ‘-

177 1348 356 1421 Honorius,
373 1349 448 1421 etc„
465 1347 595 1410 dilectis
611 1348 690 1410 liliis
705 1349 826 1426 populo
838 1348 928 1411 villae
984 1359 1073 1406 anuo
1088 1345 1240 1421 septimo.

138 1445 235 1510 Podii
250 1445 363 1508 Sancti
378 1445 555 1509 Frontonis
570 1447 831 1522 Petregoricen„
843 1446 930 1508 salu-

137 1544 215 1616 tem,
230 1543 292 1605 stc.

177 1639 387 1702 Venerabilis
410 1639 514 1703 irater
537 1640 650 1703 noster
651 1683 711 1702 .....
741 1639 927 1718 episcopus,

137 1739 173 1800 et
199 1737 312 1800 dilecti
340 1737 401 1798 tilii
430 1738 611 1816 capitulum
639 1739 789 1800 ecclesiae
816 1738 929 1802 Sancti
1297 1682 1469 1771 CXXXV
1715 1763 1734 1800 κ

138 1835 297 1916 Fronton.
314 1835 575 1912 petragoricen..
590 1851 725 1912 gravem
740 1834 836 1897 nobis
849 1851 932 1913 qne-
985 1834 1037 1894 Ad
1051 1836 1276 1896 Grumentum
1291 1837 1497 1909 episcopum,
1507 1833 1663 1895 abbatem
1671 1835 1705 1896 S.
1714 1835 1780 1896 Sc·

137 1932 316 1995 simoniam
330 1931 531 2004 obtulerunt,
547 1933 645 2010 quod,
668 1949 770 2010 quum
792 1934 827 1993 in
849 1932 930 1994 villa
1058 1933 1143 2000 citat,
1157 1931 1191 1992 et
1202 1931 1430 2004 praepositam
1441 1933 1475 1992 S.
1489 1931 1701 2004 Eupbcmtoe.

137 2029 250 2091 vestra
261 2029 528 2106 jurisdictionem
548 2029 672 2090 habere
686 2027 828 2090 debeant
840 2030 930 2090 tem·
1279 2070 1312 2128 ll
1325 2067 1393 2127 maii
1407 2070 1486 2128 itit.

138 2125 300 2203 poralem,
313 2142 373 2188 vos
388 2129 503 2188 contra
517 2127 619 2202 ipsos,
637 2126 671 2188 st
688 2141 803 2187 eorum
818 2126 930 2188 eccle-
1250 2192 1255 2202 ,
1304 2192 1310 2204 ,

138 2223 382 2295 siam,matrem
388 2225 545 2295 vestram,
554 2223 746 2285 calcaneum
752 2223 929 2300 erigentes,
1091 2192 1169 2260 [m
1182 2192 1274 2244 Μ
1284 2192 1312 2244 ‘¹¹
1325 2192 1466 2252 ⁶⁰²⁸¹²¹¹²'
1481 2192 1502 2254 ¹’
1515 2192 1572 2254 ³⁶¹⁹
1585 2207 1610 2243 ¹²·
1622 2193 1675 2258 ω’]

138 2323 310 2398 majorem,
336 2320 502 2392 consules,
532 2322 566 2383 et
598 2319 808 2382 consiliarios
837 2320 931 2382 vobis
986 2317 1036 2376 Eis
1050 2317 1167 2376 mandat
1178 2325 1209 2376 ut
1224 2317 1355 2375 abbatem
1369 2317 1398 2376 s.
1413 2317 1483 2376 strti
1497 2317 1654 2376 Placentini
1670 2317 1700 2376 in
1713 2333 1780 2391 pos·

138 2419 274 2496 propria
288 2417 475 2480 temeritate
490 2418 640 2490 creastis,
657 2417 713 2494 qui
724 2418 932 2496 jurisdictio·
1020 2407 1306 2475 ⁸0⁸⁸l⁰110ffl0⁰rt¹11s
1327 2405 1430 2478 (lilibus
1451 2421 1467 2463 θ
1489 2407 1694 2465 ⁰⁰¹¹¹¹111111¹t⁸i⁰
1712 2409 1781 2466 Cre·

138 2531 215 2576 nem
232 2514 340 2591 ipsius
359 2513 460 2587 vill&
482 2529 522 2576 30
544 2514 778 2576 suburbiorum
801 2516 874 2592 ojus
896 2515 931 2576 in
1022 2497 1154 2554 monensi
1175 2511 1226 2569 per
1240 2495 1405 2554 violentiam
1422 2495 1560 2596 spoliatus
1574 2503 1627 2566 cst,
1645 2511 1780 2570 corpora·

139 2627 243 2689 gravo
266 2612 372 2689 ipsius
400 2612 551 2674 ecclesiae
574 2611 803 2690 praejudicium
830 2627 931 2674 usur,
1021 2585 1085 2642 litor
1098 2584 1236 2644 inducant
1247 2592 1277 2642 et
1286 2581 1440 2642 defendant
1454 2582 1611 2642 inductum.

139 2709 268 2787 pantes,
278 2709 529 2774 constitutiones
543 2709 688 2787 iniquas,
698 2713 731 2772 et
746 2710 932 2772 contrarias
1026 2711 1194 2773 Honorius
1205 2711 1391 2788 episcopus,
1402 2725 1518 2772 servus
1527 2725 1700 2772 servorum
1707 2711 1780 2783 Dei,

140 2806 377 2869 ecclesiasticae
386 2806 531 2869 libertati
538 2808 681 2869 condere
690 2809 930 2879 nonvereutur,
986 2806 1172 2868 venerabili
1186 2806 1282 2868 fratri
1302 2805 1456 2883 episcopo
1473 2806 1505 2866 et
1520 2805 1649 2867 dilectis
1663 2805 1779 2866 filiis...

141 2905 175 2966 et
201 2904 355 2980 cogentes
381 2903 533 2965 homines
558 2905 592 2966 et
615 2905 754 2966 clericos
783 2904 932 2966 ecclesiae
988 2904 1148 2965 abbatis.
1166 2903 1366 2965 Saviuiet...
1394 2901 1624 2980 prepositos.
1648 2902 1783 2979 Euphe-

141 3001 328 3078 seepedictae
343 3001 404 3062 snb
419 3015 533 3063 eorum
548 3002 702 3063 examine
716 3001 860 3077 litigare,
877 3000 932 3077 ip·
988 3001 1063 3062 miae
1093 3000 1308 3073 Placentinis,
1334 2997 1475 3061 salntem
1499 2999 1532 3060 et
1555 2999 1782 3076 apostolicam

140 3113 196 3160 sos
221 3097 311 3160 toltis
346 3101 380 3160 et
406 3099 483 3160 aliis
511 3097 740 3161 exactionibus
775 3097 933 3160 indebitis
987 3097 1264 3160 benedictionem.

139 3195 366 3259 irreverenter
379 3195 541 3272 affligere,
560 3196 660 3258 etiam
684 3195 824 3257 bannire
843 3211 933 3273 prae·
1029 3195 1065 3256 Si
1081 3195 1237 3273 potestas,
1254 3193 1439 3272 etpopulus
1455 3195 1648 3258 Cremonen.
1673 3211 1783 3258 saecu·

139 3294 293 3368 sumunt,
316 3293 469 3355 inhibent
487 3292 589 3355 etiam
605 3308 648 3354 ue
664 3294 739 3370 quis
752 3292 858 3354 laicus
869 3293 933 3354 do·
988 3293 1092 3355 larem
1109 3293 1291 3370 potentiam
1308 3293 1586 3369 recognoscerent
1606 3309 1627 3355 a
1641 3292 1781 3358 Domino

139 3406 226 3462 mos,
242 3390 481 3467 possessiones,
498 3391 556 3453 ant
573 3390 723 3453 redditus
741 3391 806 3467 ipsi
826 3389 936 3452 eccle-
989 3391 1199 3464 saeculorum,
1216 3403 1425 3467 nequaquam
1444 3392 1552 3468 ipsam
1563 3391 1598 3453 in
1611 3394 1683 3469 ejus
1699 3409 1783 3454 ccu-

140 3488 213 3558 siae,
233 3486 287 3548 vel
313 3486 413 3549 alicui
440 3486 561 3550 elerico
588 3488 701 3564 legare
724 3489 856 3561 audeat,
878 3489 935 3550 aut
989 3489 1158 3551 tumeliam
1183 3489 1389 3561 exercerent,
1416 3487 1501 3551 bona
1541 3489 1780 3564 ecclesiastica,

139 3584 362 3656 vendere,vel
376 3585 511 3646 donare.
525 3586 692 3647 Praeterea
707 3585 812 3662 ipsius
827 3584 936 3647 eccle-
990 3601 1063 3664 quae
1092 3587 1229 3664 speciali
1252 3586 1350 3648 titulo
1376 3585 1489 3648 divino
1516 3589 1593 3649 sunt
1614 3587 1783 3667 adscripta

142 3683 205 3744 siae
230 3683 382 3744 homiues
417 3685 533 3744 contra
561 3682 819 3760 prohibitionem
843 3682 936 3759 ipso-
989 3699 1049 3762 per
1062 3683 1257 3746 violentiam
1270 3683 1475 3762 occupando,
1488 3684 1521 3746 et
1533 3683 1780 3747 detentandoin

142 3795 217 3841 rum
247 3778 489 3842 inhabitatores
518 3779 684 3857 recipiunt
713 3780 809 3842 dietae
831 3780 933 3852 villae,
990 3781 1151 3859 pertinaci
1166 3780 1321 3858 snperbia
1337 3782 1496 3857 occupata
1507 3782 1688 3858 iuramenti
1699 3783 1782 3844 reli·

142 3876 259 3938 dantes
280 3893 338 3938 eos
361 3877 546 3940 temeritate
570 3877 704 3954 propria
724 3877 881 3949 libertati,
903 3879 936 3938 et
989 3879 1088 3952 gione
1103 3879 1299 3954 contempta,
1317 3878 1349 3939 et
1367 3877 1517 3938 ecclesiae
1535 3877 1685 3938 clavibus
1699 3879 1781 3940 vili-

142 3974 192 4034 sic
206 3973 354 4052 ejusdem
368 3974 519 4036 ecclesiae
531 3974 656 4051 praedia
676 3975 807 4037 deserta
822 3989 935 4036 rema·
990 3976 1112 4055 peusis.
1142 3977 1222 4036 Cum
1254 3975 1344 4035 euim
1381 3975 1603 4050 conquerente
1636 3974 1714 4036 olim
1719 4020 1779 4037 .....

142 4072 234 4144 nent,
250 4072 283 4134 et
297 4071 435 4144 inculta,
449 4071 534 4132 alias
550 4087 652 4148 super
663 4071 857 4143 redditibus,
871 4072 936 4148 pis·
990 4073 1108 4136 abbate
1122 4071 1316 4133 monasterii
1336 4071 1369 4132 S.
1396 4070 1482 4132 Sixti
1507 4071 1689 4134 Placentia.
1706 4089 1781 4135 mo-

143 4168 341 4241 cationibns,
362 4169 511 4244 usuagiis
539 4167 698 4242 fluminis,
714 4169 801 4246 quod
819 4169 935 4230 villam
990 4170 1174 4232 hasterium
1196 4169 1305 4246 ipsum
1326 4183 1347 4228 a
1369 4169 1605 4230 communitate
1628 4170 1780 4233 cremon.
1851 4181 1856 4192 “

142 4265 251 4343 ipsam
265 4265 471 4343 praeterfluit,
482 4281 521 4328 ac
532 4265 631 4328 rebus
644 4265 721 4327 aliis
735 4267 934 4344 multiplici·
990 4266 1117 4328 duabus
1133 4264 1282 4344 partibus
1297 4265 1411 4337 castri,
1426 4266 1459 4327 et
1474 4266 1577 4327 curtis
1597 4266 1781 4340 Wastallae,

142 4364 196 4424 ter
216 4363 416 4440 injnriautes
431 4361 568 4434 eisdem,
583 4363 669 4424 unde
683 4363 804 4426 damna
818 4364 935 4440 gravia
990 4379 1049 4442 per
1069 4363 1263 4426 violentiam
1291 4361 1481 4440 spoliatum,
1509 4379 1632 4440 eosque
1655 4365 1782 4428 curtem

141 4460 358 4522 incurrerunt
372 4461 405 4522 et
424 4460 634 4523 incessanter
651 4461 837 4523 incurrunt.
852 4462 935 4534 Quia
991 4461 1154 4524 Luciariae
1178 4459 1219 4522 ad
1239 4460 1327 4521 idem
1346 4461 1584 4522 monasterinm
1606 4461 1782 4537 pertinen-

142 4557 247 4633 igitnr
261 4557 334 4619 haec
354 4557 414 4622 sub
431 4557 695 4620 dissimulatione
711 4558 856 4621 transire
875 4575 936 4621 nec
989 4561 1055 4622 tem
1066 4559 1182 4622 contra
1192 4557 1357 4634 justitiam
1367 4557 1528 4627 detinere,
1541 4557 1649 4620 felicis
1663 4575 1784 4622 memo·

142 4653 308 4727 volumus,
329 4670 390 4718 nec
409 4655 576 4727 dehemus,
592 4655 845 4718 universitatem
861 4673 938 4718 ves-
990 4657 1050 4718 riae
1074 4655 1286 4718 Innocentius
1301 4670 1398 4732 papa,
1414 4654 1641 4731 praedecessor
1657 4657 1781 4728 noster,
1888 4692 1892 4700 -

143 4754 230 4814 tram
244 4753 426 4829 rogandam
441 4754 596 4815 duximus
612 4753 645 4816 et
665 4753 863 4816 hortandam
878 4768 937 4832 per
991 4769 1126 4814 causam
1151 4751 1246 4814 bonae
1277 4753 1446 4813 memoriae
1479 4751 1596 4827 Regin.
1626 4753 1783 4830 episcopo

142 4851 334 4926 Apostolica
346 4849 440 4913 vobis
455 4851 578 4928 scripta
593 4851 800 4920 mandantes,
817 4853 937 4929 quate·
992 4850 1225 4921 commisisset,
1235 4849 1368 4910 tandem
1382 4847 1457 4924 post
1471 4846 1646 4910 dilationes
1662 4865 1782 4925 quam-

144 4963 208 5008 nus
220 4963 271 5020 ea,
282 4963 354 5025 qnae
370 4948 513 5010 creando
526 4963 647 5010 novum
661 4950 696 5009 iu
707 4949 936 5027 prejudicium
992 4945 1152 5024 plurimas
1169 4946 1325 5021 exigente
1344 4943 1552 5006 contumacia
1574 4946 1781 5018 Cremonen„

144 5045 251 5121 ipsius
279 5045 430 5108 ecclesiae
467 5045 710 5120 magistratum,
741 5047 938 5124 caeterisque
993 5045 1238 5122 possessionem
1248 5043 1424 5120 petitorum
1436 5057 1537 5102 causa
1550 5042 1600 5102 rei
1611 5045 1783 5106 servandae

23 5149 26 5162 ’
145 5141 345 5218 supradictis
369 5142 487 5215 modis,
513 5143 571 5204 ant
591 5142 668 5204 aliis
690 5145 807 5206 contra
830 5143 937 5220 ipsam
992 5141 1079 5204 dicto
1099 5140 1303 5218 adjudicavit
1322 5139 1445 5208 abbati,
1468 5138 1525 5215 qui
1549 5138 1627 5201 licet
1647 5155 1783 5217 posses-

145 5239 321 5300 ecclesiam
352 5236 537 5316 improvide
570 5241 769 5312 attentastis,
801 5241 938 5318 provide
994 5241 1121 5304 sionem
1146 5239 1252 5315 ipsam
1278 5235 1498 5313 corporaliter
1516 5235 1782 5313 apprehenderit,

145 5335 352 5407 revocantes,
369 5351 409 5396 ac
432 5335 675 5418 satisfacientes
700 5337 763 5414 ipsi
787 5338 938 5399 ecclesiae
993 5338 1071 5415 quia
1081 5339 1192 5398 tamen
1202 5350 1286 5406 eam,
1299 5334 1434 5410 propter
1443 5333 1592 5396 adversae
1607 5335 1711 5410 pariis
1725 5353 1786 5412 pc-

146 5431 370 5508 competenter
381 5431 421 5493 de
435 5431 565 5495 damnis
577 5435 610 5496 et
631 5433 765 5512 injuriis
779 5435 938 5510 irrogatis
992 5435 1142 5504 tentiam,
1158 5447 1224 5493 uon
1241 5431 1347 5508 potuit
1360 5431 1518 5501 retinere,
1545 5447 1645 5508 super
1664 5433 1727 5494 hoc
1742 5435 1783 5494 ad

146 5531 180 5590 et
198 5543 218 5588 a
237 5527 400 5590 similibus
415 5529 456 5590 de
474 5531 595 5592 caetero
615 5531 818 5594 abstinentes
833 5533 940 5610 juris-
992 5531 1087 5593 bonae
1102 5527 1457 5592 memorie-Mutinae.
1477 5527 1668 5606 episcopum
1691 5533 1784 5604 ejus÷

147 5625 325 5686 dictionem
345 5627 537 5688 consuetam
557 5630 590 5688 et
608 5627 750 5690 debitam
764 5628 869 5689 libere
884 5629 938 5688 di·
993 5630 1066 5690 dem
1082 5625 1336 5705 praedecessoris
1351 5625 1456 5686 nostri
1473 5623 1601 5686 litteras
1626 5625 1785 5702 impetra-

289 5769 401 5812 carnot.
418 5771 491 5813 rous
504 5758 551 5814 lV.
1586 5757 1617 5812 it
