4222 6374
142 317 202 380 149

139 489 229 540 mam
258 489 318 552 pro
346 473 480 551 negotio
503 450 825 551 'sibigensium‘per
855 472 937 535 duos

140 573 319 650 sequentes
332 587 437 633 annos
463 571 593 646 integre
609 571 692 632 solvi
717 571 837 643 iacias,
855 585 937 632 con-

138 667 339 728 tradictores
373 665 580 727 districtione
604 666 766 728 canonica
790 678 937 742 compes-

140 763 264 838 cendo;
290 761 508 824 nihilominus
525 765 648 840 tamen,
669 763 937 824 commendantes

138 859 351 940 prudentiam
373 862 476 932 tuam,
503 860 589 938 quod
619 876 638 921 a
661 859 858 938 quibusdam
880 875 938 921 ca-

140 957 355 1036 pitulisanno
379 955 547 1035 praeterito
572 957 831 1019 satisfactionem
847 957 936 1018 arni-

138 1054 281 1116 cabilem
307 1069 368 1132 pro
393 1055 552 1118 vicesima
579 1055 749 1132 recepisti,
776 1054 937 1131 expedire

137 1150 318 1220 credimus,
357 1153 394 1214 91
426 1152 527 1213 etiam
552 1151 680 1212 duobus
721 1151 936 1229 sequentibus

137 1249 236 1310 annis
265 1249 356 1310 circa
381 1248 557 1310 universos
583 1248 617 1309 et
647 1247 796 1324 singulos
833 1247 937 1309 simili

136 1345 236 1408 modo
252 1346 424 1422 procedas,
451 1346 638 1423 praesertim
663 1346 693 1407 si
713 1335 783 1406 'hoc
807 1345 938 1408 solutu·

137 1444 187 1505 ris
218 1443 325 1519 ipsam
346 1442 540 1506 vicesimam
569 1443 697 1506 videris
716 1443 935 1519 complacere,

138 1555 215 1602 cnm
229 1539 390 1602 vicesima
418 1540 491 1617 ipsa
506 1541 565 1602 vix
591 1540 638 1602 ita
660 1540 777 1603 exacta
804 1540 936 1602 ratione

139 1637 252 1703 valeat
266 1637 462 1715 computari,
478 1636 557 1714 quin
572 1639 744 1699 remaneat
757 1637 936 1698 conscien-

139 1734 197 1798 tiae
219 1735 397 1810 scrupulus
413 1737 446 1797 et
458 1735 645 1796 animarum
669 1734 828 1796 amoena·
848 1733 938 1811 peri-

139 1831 251 1896 culum
266 1832 452 1903 imminere,
478 1832 512 1894 et
527 1832 582 1893 ubi
597 1833 691 1894 tanta
706 1831 881 1893 multitado
896 1831 932 1892 in

764 311 993 376 EPISTOLAE.
1017 315 1095 376 alu.
1118 313 1174 374 VI.

1306 479 1476 566 CLXXV

1023 633 1075 693 Ad
1095 631 1251 694 abbatam
1270 631 1303 692 et
1324 631 1531 694 coaoaaiam
1546 631 1753 707 caricampi,

1188 730 1426 792 Cistercicasis
1440 730 1583 790 ordinis.

1283 870 1317 929 17
1332 869 1400 930 maii
1413 869 1492 928 1222.

1022 991 1241 1056 [1199991.,11111,
1254 991 1328 1056 epist.
1340 991 1394 1042 310.
1409 991 1466 1042 1199.
1482 992 1518 1042 La
1527 991 1603 1042 Poris
1612 989 1647 1040 du
1659 987 1755 1054 11911]

991 1115 1035 1175 11
1050 1117 1152 1176 Sedem
1171 1117 1365 1192 Apostolicam
1380 1123 1494 1174 revocat
1509 1115 1714 1174 monasterium
1731 1115 1783 1177 Ca·

1026 1205 1155 1279 ricampi,
1172 1206 1264 1264 donec
1278 1205 1438 1263 discussum
1457 1203 1539 1262 luerit
1558 1202 1593 1261 ad
1608 1218 1693 1278 quem
1707 1203 1784 1276 epis·

1026 1305 1129 1367 capum
1145 1295 1285 1367 pertineat
1296 1293 1326 1350 in
1341 1293 1408 1352 illud
1417 1293 1585 1367 jurisdictio.

1031 1429 1210 1502 Honorius
1236 1431 1311 1502 etc,
1338 1428 1468 1492 dilectis
1499 1428 1579 1492 tiliis
1612 1426 1724 1490 abbati
1751 1426 1787 1492 91
1888 1464 1894 1474 ,

992 1527 1170 1590 conventui
1185 1525 1382 1606 caricampi,
1399 1526 1593 1590 Cisterciaa.
1609 1523 1750 1588 ordinis.
1782 1567 1784 1574 ,

1032 1627 1138 1698 Quum
1153 1623 1239 1710 siout
1252 1623 1441 1686 audivimus
1456 1622 1658 1684 monasterio
1673 1621 1786 1684 vestro

991 1721 1026 1782 in
1047 1721 1168 1784 tinibus
1184 1720 1378 1784 ambianen.
1400 1720 1433 1782 et
1451 1715 1613 1782 11991991.
1631 1717 1785 1780 dioecesis

991 1819 1187 1888 constituto,
1204 1820 1344 1896 uterque
1366 1817 1632 1880 dioecesanorum
1651 1815 1687 1876 in
1710 1815 1785 1892 ipso

140 1930 328 2000 causaest,
357 1929 515 2006 expediat
536 1930 571 1992 et
596 1929 713 1990 deceat
740 1929 935 1992 scandalum
987 1915 1254 1993 jurisdictionem
1282 1915 1405 1978 habere
1429 1929 1465 1976 se
1489 1913 1628 1986 asserat,
1661 1911 1694 1972 et
1715 1913 1785 1972 tam

140 2026 324 2088 studiosius
352 2027 484 2090 evitari.
503 2027 624 2089 Datum
649 2026 767 2099 119191,
788 2028 848 2086 XV
866 2025 936 2086 191.

139 2122 233 2195 maii,
250 2138 338 2194 anuo
353 2124 459 2188 sexto.

311 2563 364 2626 Ad
383 2563 579 2637 episcopam
593 2563 766 2623 11991999.

436 2693 469 2750 11
483 2692 551 2750 maii
564 2693 644 2750 1222.

163 2813 286 2879 [naseam
296 2813 342 2866 lib.
354 2813 482 2880 1199191.
497 2815 553 2866 acl.
568 2816 625 2868 liss.
637 2816 674 2866 19
685 2815 763 2869 Porta
773 2815 808 2864 du
818 2812 912 2880 11911]

141 2937 292 3012 Significat
310 2937 337 2995 ei
358 2953 391 2996 se
413 2937 566 2996 adsedem
585 2938 778 3011 apostolicum
801 2951 937 2995 revocare

176 3027 383 3084 monasterium
398 3027 568 3099 caricampi,
582 3025 747 3098 inhibetque
758 3041 795 3083 ne
804 3027 937 3104 cuiquam

176 3117 314 3188 episcopo
328 3115 479 3173 intendant
494 3115 582 3172 abbas
593 3123 621 3173 et
635 3122 804 3172 conventus.

181 3244 359 3318 Honorius,
368 3244 453 3311 919..
473 3241 658 3305 9999991111
672 3241 768 3304 199191
782 3243 936 3322 episcopo

140 3341 306 3402 Morinen.

182 3439 289 3510 Quum
309 3436 396 3499 sicut
414 3435 602 3501 audivimus
620 3437 823 3500 monasterio
844 3437 939 3500 Gari-

44 3563 47 3574 ·
141 3535 263 3612 campi,
290 3533 483 3596 cistercien.
509 3535 639 3596 ordinis
666 3535 701 3596 in
727 3533 848 3596 linibus
871 3535 937 3597 tuae

141 3631 392 3694 acAmbianen.
416 3631 596 3694 dioecesum
620 3631 810 3704 constituto,
833 3631 880 3706 tu,
906 3631 939 3693 et

140 3727 346 3792 venerabilis
362 3729 465 3790 irater
479 3732 630 3792 noster...
651 3729 848 3792 ambianen.
863 3729 938 3806 epi-

141 3841 262 3903 scopus
277 3826 435 3888 asseratis
454 3841 514 3888 vos
533 3829 569 3888 in
583 3827 656 3904 ipso
669 3826 938 3905 jurisdictionem

141 3923 277 3996 babere,
308 3924 341 3986 et
362 3925 429 3985 tam
456 3924 653 3987 anctoritate
685 3925 809 3997 vestra,
839 3939 938 4002 quam

141 4021 317 4082 occasione
341 4020 528 4083 litterarum
558 4021 748 4084 nostrarum
773 4021 823 4081 eis
853 4036 939 4082 non-

141 4131 310 4198 nunquam
325 4117 478 4180 inieratis
494 4119 681 4181 molestiam
695 4119 729 4180 et
744 4133 937 4196 gravamen,

143 4219 258 4297 sicque
280 4221 382 4306 iidem
407 4219 508 4282 abbas
528 4220 561 4281 et
583 4222 766 4282 conventus
788 4219 938 4282 distracti

141 4333 353 4396 nequaquam
394 4333 430 4379 se
471 4317 607 4379 valeant
650 4317 835 4396 expedir03
877 4334 938 4379 nos

141 4431 258 4476 eorum
278 4415 381 4492 quieti
394 4414 569 4492 providere
590 4415 750 4487 volentes,
770 4416 939 4476 monaste-

141 4513 229 4574 rium
263 4513 370 4590 ipsum
403 4513 444 4574 ad
474 4529 591 4574 manus
620 4513 753 4574 nostras
781 4511 938 4574 duximus

142 4610 382 4682 advocandum,
400 4609 433 4671 et
457 4609 561 4671 donec
585 4609 625 4670 ad
650 4625 747 4687 quem
773 4609 938 4686 pertineat

142 4705 939 4778 discussumtueritretinendum,inhibenteseis-

142 4805 216 4865 dem
231 4820 274 4865 ne
288 4803 422 4865 interim
431 4804 584 4882 cuiquam
595 4806 742 4865 vestrum
753 4803 936 4865 intendant.

142 4902 285 4980 Ideoque
320 4900 520 4963 fraternitati
553 4901 619 4963 tuae
653 4917 714 4979 per
748 4901 939 4978 Apostolica

141 4999 266 5076 scripta
285 4997 493 5070 mandamus,
516 4999 679 5076 quatenus
698 4998 727 5059 si
742 4998 792 5060 est
812 4998 859 5060 ita
881 5014 938 5060 eos

15 5093 21 5128 ²
142 5096 318 5158 occasione
354 5095 545 5173 hujusmodi
577 5096 671 5156 nulla
707 5095 938 5157 molestatione

142 5193 273 5270 fatiges,
299 5193 385 5255 sicut
409 5192 504 5254 nohis
528 5193 579 5253 vis
604 5192 749 5254 existere
773 5209 839 5255 non
862 5209 936 5253 mo-

141 5292 257 5353 lestus.
281 5291 398 5353 Datum
419 5290 536 5362 119191,
557 5293 632 5352 XVI
657 5289 819 5351 kalendas
838 5289 935 5368 junii,

142 5405 230 5450 anno
246 5389 353 5450 sexto.

181 5517 224 5576 19
252 5515 411 5576 eamdam
437 5517 578 5576 9991999
603 5512 763 5590 scriptum
793 5514 844 5577 est
867 5513 950 5610 ³9³⁸.

142 5627 242 5688 scopo
255 5609 451 5698 ambianen.

991 2012 1188 2076 auctoritate
1201 2026 1273 2082 sua,
1295 2026 1393 2088 quam
1409 2009 1585 2072 occasione
1597 2009 1788 2073 litterarum

991 2109 1193 2181 nostrarum,
1218 2107 1314 2170 vobis
1337 2122 1574 2187 nonnunquam
1599 2105 1788 2168 molestiam

991 2205 1167 2268 191999191
1191 2221 1383 2284 gravamen,
1411 2204 1526 2282 sicque
1550 2202 1702 2264 distracti
1724 2213 1787 2264 999

991 2319 1200 2382 nequaquam
1227 2301 1385 2380 expedire
1417 2301 1568 2379 possitis,
1594 2315 1656 2362 nos
1683 2298 1786 2378 quieti

991 2401 1112 2464 vestrae
1138 2399 1315 2478 providere
1349 2399 1510 2472 volentes,
1547 2397 1788 2460 monasterium

991 2496 1141 2576 ipsumsi
1156 2497 1270 2559 991119
1285 2495 1325 2557 91
1349 2511 1466 2558 manus
1482 2495 1614 2556 nostras
1629 2491 1786 2556 duximus

991 2594 1233 2670 advocandnm3
1252 2593 1408 2655 9119999
1429 2592 1471 2656 ad
1490 2607 1587 2670 quem
1607 2589 1791 2667 pertineat,

968 2697 969 2700 ’
993 2689 1193 2774 [discussum
1215 2690 1315 2752 199911
1333 2687 1556 2768 retinendum]
1576 2687 1671 2750 vobis
1694 2702 1790 2764 pra-

991 2789 1133 2852 9991199
1145 2785 1366 2870 [anctoritate]
1377 2786 1564 2848 inhibentes
1575 2801 1617 2846 ne
1630 2785 1788 2862 cuiquam

991 2902 1106 2949 eoram
1135 2885 1267 2948 interim
1294 2882 1486 2946 intendatis.
1511 2882 1630 2946 Datum
1660 2880 1788 2954 Alatri,

991 2985 1065 3046 XVI
1080 2981 1211 3045 kalend.
1224 2979 1326 3060 junii,
1342 2995 1430 3042 anno
1445 2979 1555 3042 sexto.

1293 3229 1481 3318 CLXXVI

991 3369 1044 3428 Ad
1086 3368 1293 3428 dormasium
1331 3367 1527 3439 episcopam
1570 3365 1787 3440 Saaiaascm,

1031 3467 1202 3537 majoram
1221 3465 1502 3525 archidiaconum
1524 3465 1729 3523 lismensem
1752 3459 1786 3521 91

1031 3565 1198 3624 decanam
1212 3563 1487 3622 Ambiaaeasam.

1287 3701 1321 3757 18
1331 3697 1398 3756 maii
1413 3699 1492 3756 1222.

1148 3822 1255 3888 [Bassia.
1266 3822 1381 3874 concilia
1392 3821 1523 3881 Roibom,
1534 3820 1566 3880 11,
1578 3819 1632 3886 111]

992 3948 1109 4008 Mandat
1130 3955 1162 4006 ut
1181 3947 1350 4005 electionem
1371 3943 1526 4004 'theobaldi
1547 3943 1788 4018 Rolhomageasis

1027 4037 1144 4111 capituli
1152 4035 1321 4094 thesaurarii
1329 4033 1649 4107 coarchiepiscoporum
1657 4032 1787 4106 eiusdem

1028 4127 1157 4184 ecclesia
1168 4127 1342 4192 examinent,
1349 4130 1387 4194 91,
1401 4124 1427 4182 si
1440 4123 1476 4181 sit
1488 4122 1524 4180 ds
1538 4136 1661 4197 persona
1671 4122 1785 4195 idonea,

1027 4229 1091 4274 eam
1105 4215 1285 4276 cuvrdrmeat.

1032 4341 1200 4404 Honorius
1211 4338 1396 4417 episcopus,
1407 4351 1523 4402 servus
1533 4327 1705 4402 servorum
1714 4337 1787 4408 nei,

992 4437 1177 4499 venerabili
1197 4435 1295 4498 tratri
1315 4437 1471 4514 episcopo
1493 4435 1659 4512 sagiensi,
1681 4435 1715 4499 et
1735 4435 1790 4495 di-

992 4535 1087 4598 lectis
1111 4534 1189 4594 liliis
1213 4534 1332 4612 majori
1357 4533 1593 4595 archidiacono
1617 4531 1785 4604 Remensi,

993 4635 1025 4698 et
1048 4632 1173 4694 decano
1193 4631 1419 4704 Ambianensi,
1436 4631 1578 4692 salutem
1597 4628 1790 4707 91199919-

992 4730 1091 4812 licam
1106 4727 1382 4790 benedictionem.

1032 4823 1152 4888 Dilecti
1166 4825 1228 4885 tilii
1243 4823 1391 4886 decanus
1410 4822 1443 4886 et
1461 4824 1642 4902 capitulum
1661 4821 1790 4884 119119-

992 4922 1160 5002 magensis
1180 4921 1331 4984 ecclesiae
1354 4920 1425 4983 suis
1447 4919 1681 4982 9911911119919
1701 4917 1787 4981 inti·-

992 5022 1126 5082 marunt
1140 5019 1226 5098 quod
1245 5019 1387 5080 ecclesia
1404 5018 1552 5095 ipsorum
1566 5016 1710 5094 pastoris
1726 5031 1785 5078 so-

991 5117 1073 5181 latio
1097 5117 1265 5188 destituta,
1295 5116 1372 5194 ipsi,
1404 5114 1532 5176 vocatis
1558 5113 1615 5192 qui
1644 5115 1786 5177 vocandi

992 5215 1131 5286 luerint,
1166 5213 1199 5276 et
1231 5213 1426 5292 quibusdam
1461 5227 1497 5273 se
1532 5213 1786 5288 excusantibus,

992 5313 1134 5392 aliisque
1155 5309 1434 5374 committentibus
1449 5311 1547 5387 juxta
1566 5310 1707 5372 iormam
1728 5327 1789 5388 ge-

992 5409 1117 5472 neralis
1132 5407 1273 5470 19991111
1289 5406 1380 5468 91999
1399 5422 1489 5480 9999,
1505 5406 1662 5470 dilectum
1681 5408 1787 5469 tilium

992 5504 1219 5568 Theobaldum
1236 5504 1343 5590 ipsius
1357 5503 1508 5566 ecclesiae
1527 5504 1785 5578 thesaurarium,

993 5589 1151 5675 scientia,
1164 5602 1232 5664 vita
1248 5603 1280 5663 et
1301 5601 1390 5664 fama
1405 5602 1632 5680 conspicuum,
1652 5601 1687 5663 in
1708 5617 1788 5679 pas-
