4274 6388
198 215 264 280 cm
806 217 1036 282 EPISTOLAE.
1060 219 1139 280 L'IB.
1162 219 1232 280 vll.
1329 207 1330 212 ¹

200 373 324 438 siturus
343 369 385 436 ad
405 373 539 440 Patrem
553 373 726 454 discipulis
744 375 780 438 tn
794 375 992 440 testamento
1042 380 1121 454 jura
1136 377 1249 438 divino
1270 375 1395 439 intuitu
1413 375 1545 439 illibata
1560 379 1749 450 conservem
1766 375 1840 453 epi-

199 470 345 548 reliquit,
360 475 434 549 post
456 475 528 549 ejus
543 473 622 534 vitas
645 473 814 535 curricula
829 475 993 537 eternita-
1046 490 1181 550 scopum
1196 489 1276 536 raro
1291 475 1327 536 ut
1341 475 1500 551 quantum
1520 474 1592 534 sine
1613 473 1709 549 gravi
1730 473 1837 534 detri-

198 567 243 630 tis
257 568 350 644 pacis
372 569 508 646 premia
531 571 725 646 largiturus.
739 571 897 634 ditandas
922 572 992 648 igi-
1048 571 1158 632 mento
1170 571 1257 649 juris
1274 566 1496 632 ecclesiastici
1508 570 1639 649 poterit,
1656 570 1758 646 regiae
1773 571 1841 630 stu-

198 663 266 737 tur,
303 665 561 742 diligentissime
593 668 654 741 iili,
695 669 781 745 quod
822 669 895 746 qui,
918 685 993 731 cum
1047 667 1124 730 deat
1142 668 1345 730 solemnitati
1366 665 1705 736 deterresecundnm
1729 667 1840 729 datam

199 762 353 838 proximo
377 779 491 840 pacem
516 781 585 826 non
607 765 717 838 habet,
733 765 793 827 vix
818 768 877 828 aut
901 783 994 826 num·
1046 765 1141 827 vobis
1157 782 1177 828 a
1191 765 1329 827 Domino
1345 763 1567 842 prudentiam,
1584 765 1726 826 sollicite
1741 764 1841 826 indu-

200 871 299 935 quam
316 861 423 936 potest
437 861 557 924 mentis
568 862 843 939 tranquillitatem
855 863 990 935 habere,
1048 859 1162 924 centes
1175 863 1376 940 quaesticnes
1391 863 1481 939 ipsas
1501 861 1613 938 sopire
1628 877 1687 938 per
1701 877 1843 938 compo-.

200 955 350 1032 sineque
363 971 461 1020 nemo
476 961 610 1020 aeternae
626 959 718 1036 pacis
741 961 879 1037 praemio
893 962 991 1037 pote·
1048 960 1201 1022 sitionem
1216 958 1438 1032 amicabilem,
1453 958 1722 1032 studeatis.Quod
1737 958 1765 1020 si
1781 973 1842 1036 per

199 1052 246 1115 rit
267 1055 447 1116 munerari.
465 1056 605 1118 Studeas
624 1056 780 1134 denique,
797 1057 920 1120 intuitu
937 1072 995 1118 re-
1049 1056 1194 1117 studium
1229 1057 1377 1118 nestrum
1419 1055 1607 1132 nequiverit
1645 1055 1840 1130 compositio

200 1149 391 1215 tributionis
412 1153 568 1226 coelestis,
592 1153 752 1231 quantum
775 1153 811 1214 in
829 1154 862 1216 te
881 1153 991 1225 luerit,
1048 1152 1235 1228 provenire,
1253 1152 1431 1228 inqmratis
1453 1152 1542 1212 circa
1563 1151 1703 1212 formam
1721 1150 1840 1227 jndicii

200 1261 318 1325 pacem
332 1247 455 1312 hahere
477 1265 552 1312 cum
572 1251 736 1328 proximo,
753 1251 789 1314 ut
807 1250 856 1312 sic
879 1265 994 1328 pacem
1049 1265 1150 1326 super
1164 1249 1318 1312 omnibus
1333 1249 1444 1312 causis
1459 1248 1633 1312 discordiae
1653 1248 1841 1324 diligentis-
1885 1259 1888 1269 ⁸

200 1343 324 1408 habeas
335 1345 372 1408 in
395 1346 428 1408 te
443 1346 527 1423 ipso,
548 1349 581 1410 et
606 1361 803 1424 supeream
829 1346 993 1408 inoffenso
1048 1347 1131 1408 sime
1154 1347 1341 1419 veritatem,
1367 1347 1401 1408 et
1422 1361 1497 1408 eam
1520 1345 1616 1407 nobis
1646 1345 1840 1406 fidelissime
1914 1403 1919 1416 ,

200 1441 284 1519 pede
309 1443 484 1515 currendo,
511 1444 553 1506 ad
580 1444 672 1521 pacis
700 1443 833 1508 aeterna
857 1443 994 1521 praemia
1048 1445 1218 1516 intimetis,
1243 1445 1279 1506 ut
1297 1460 1336 1506 ea
1356 1444 1487 1521 plenius
1509 1443 1689 1514 intellecta,
1706 1442 1839 1504 salubre

1777 215 1838 278 aa
1905 219 1913 241 .

200 1537 314 1600 valeas
334 1541 521 1616 pervenire.
538 1541 712 1610 Caeterum,
727 1557 827 1618 quum
846 1556 993 1602 venera-

199 1633 300 1698 bilem
322 1635 459 1699 tratrem
478 1637 639 1709 nostrum,
656 1638 888 1714 Pandulphum
906 1639 995 1698 Nor-

199 1731 380 1794 wicensem
404 1732 608 1809 episcopum,
623 1749 731 1809 quem,
748 1749 818 1794 suae
844 1733 994 1810 probita-

199 1828 244 1890 tis
259 1827 405 1901 obtehtu,
421 1829 624 1892 sinceritatis
649 1830 796 1894 brachiis
822 1829 993 1906 amplexa-

200 1941 286 1997 mur,
320 1925 362 1988 ad
390 1926 603 2002 praesentiam
637 1929 728 1990 tuam
760 1928 895 2004 propter
931 1927 994 1989 hoc

200 2022 392 2098 specialiter
416 2022 636 2100 destinemus;
664 2023 876 2086 serenitatem
902 2023 994 2086 tuam

200 2117 323 2180 iterato
337 2133 505 2194 rogamus,
522 2123 685 2196 quatenns
708 2119 749 2180 cb
770 2119 994 2182 reverentiam

199 2215 400 2291 apostolicae
427 2215 522 2278 Sedis
545 2217 579 2278 ei
599 2217 749 2280 nostram
768 2217 875 2280 eidem
893 2232 995 2294 super

200 2311 254 2374 his
275 2309 454 2388 benignum
469 2313 608 2390 praestes
623 2314 784 2387 auditum,
801 2316 834 2379 et
859 2314 994 2376 monitis

201 2407 244 2470 ab
277 2423 317 2471 eo
349 2410 453 2487 regiae
481 2411 652 2473 serenitati
677 2425 720 2474 ex
754 2413 848 2488 parte
880 2412 995 2474 nostra

201 2506 380 2582 propositis
421 2507 626 2585 acquiescas.
667 2509 786 2570 Datum
824 2507 991 2580 Laterani,

200 2602 354 2763 {abab
365 2605 457 2678 maii,
471 2604 684 2682 pontificatus
699 2605 805 2670 nostri
818 2619 909 2668 anno
924 2620 995 2684 sep·

551 3006 651 3093 CXV

203 3185 256 3244 Ad
284 3186 463 3248 Herceum
490 3185 688 3258 episcopum
716 3187 932 3254 trecensem,
963 3183 996 3246 et

243 3279 507 3344 cisterciensem
536 3281 570 3342 et
600 3283 636 3344 S.
667 3281 793 3342 Mariae
824 3282 997 3342 blesensis

242 3376 391 3440 omme.

479 3471 514 3530 {8
529 3470 627 3544 aprilis
643 3471 721 3530 litt.

296 3611 446 3679 [licumque
460 3611 693 3674 AnnalesCisterc,
709 3617 728 3664 t.
741 3611 785 3672 iv,
799 3627 825 3678 p.
836 3611 904 3678 m]

222 3747 259 3806 Ut
275 3747 407 3806 studeant
421 3748 594 3822 qumhcnes
612 3747 706 3806 variae
724 3747 797 3806 iuter
817 3743 980 3820 Philippum

240 3835 414 3893 Francorum
429 3849 529 3910 regem
542 3835 770 3898 etParisiensem
785 3834 962 3908 episcopum.

243 3971 406 4046 Episcopo
431 3971 602 4043 Trecensi,
624 3970 658 4032 et
678 3968 997 4032 enascentes.

1049 1541 1226 1602 consilium
1254 1541 1618 1618 apponerevaleamus‚
1635 1541 1668 1601 et
1695 1540 1735 1600 ad
1754 1543 1838 1616 jun-

1048 1637 1175 1714 gendos
1197 1654 1255 1700 ecs
1274 1637 1408 1700 vinculo
1428 1638 1577 1700 caritatis
1596 1638 1685 1698 viam
1708 1637 1839 1697 facilius

1049 1734 1212 1796 invenire.
1223 1735 1316 1796 Datis
1328 1735 1497 1808 Laterani,
1512 1737 1587 1796 XIV
1599 1734 1731 1794 kalend.
1747 1732 1838 1797 maii.

1049 1845 1137 1893 anno
1152 1831 1248 1893 sexto
1264 1829 1441 1911 [septimol.

1384 2142 1505 2230 cxvi

1049 2322 1101 2380 Ad
1117 2321 1304 2392 Simonem,
1329 2322 1625 2394 archepiscopum
1641 2319 1842 2379 Bituricae-

1087 2431 1173 2488 sem,
1192 2419 1415 2478 Berascrduns
1442 2419 1639 2491 episcopam
1658 2417 1691 2478 et
1715 2417 1842 2477 disido-

1087 2527 1169 2576 nem
1182 2517 1463 2576 archidiaconum
1481 2517 1713 2575 dedecalceas.

1315 2643 1349 2700 l8
1373 2643 1471 2716 aprilis
1496 2641 1575 2700 iaia.
1655 2641 1659 2649 '

1203 2765 1335 2832 [llartene
1349 2765 1469 2816 Theseus.
1483 2765 1579 2824 anecd,
1590 2763 1610 2826 l,
1621 2763 1689 2826 907.]

1049 2890 1224 2964 Quibusdam
1238 2891 1406 2948 auctoritate
1421 2889 1584 2961 apostolica
1604 2887 1740 2960 permittit
1757 2889 1843 2948 Grau·

1085 2977 1313 3039 dimontensibus
1336 2970 1655 3051 possessiones'habere
1673 2983 1755 3034 enne
1780 2990 1842 3036 sse·

1086 3076 1140 3128 lus.

1086 3195 1184 3252 Simon
1205 3191 1257 3252 Del
1274 3189 1367 3266 gratis
1388 3189 1574 3250 Biturlcensis
1595 3188 1838 3262 archiepiscopus,

1051 3282 1212 3354 bothanias
1221 3281 1339 3354 primas,
1350 3287 1380 3336 et
1389 3277 1551 3340 Bernartius
1559 3277 1842 3350 eademgraiiaepls·

1051 3386 1151 3444 copus,
1167 3384 1202 3428 ac
1220 3369 1360 3443 magister
1377 3366 1468 3426 Gaude
1496 3365 1716 3426 archidiaconus
1739 3366 1843 3424 hemo·

1051 3458 1187 3529 vicensis,
1202 3458 1344 3518 universis
1359 3464 1515 3530 presentes
1538 3457 1646 3514 litteras
1664 3454 1845 3531 inspecturis,

1029 3535 1032 3594 ἶ
1052 3549 1173 3607 salumin
1183 3546 1212 3604 iu
1229 3547 1359 3604 Domino.
1376 3543 1541 3604 blandulum
1554 3542 1662 3601 domiui
1673 3544 1758 3616 Papae
1768 3555 1845 3600 rece·

1052 3637 1147 3709 pimus
1160 3635 1190 3696 in
1204 3634 1282 3693 hunc
1296 3633 1412 3692 modum
1426 3649 1434 3690 :

1092 3771 1260 3834 Honorius
1270 3770 1457 3846 episcopus,
1466 3763 1845 3836 sersusserscrumliel,

1052 3866 1301 3930 remeantibus
1312 3864 1473 3928 iratribus
1483 3862 1737 3940 archiepiscopo
1749 3861 1845 3923 Bitu-

1053 3964 1189 4037 ricensi,
1214 3964 1371 4042 episcopo
1395 3959 1636 4030 lemovicensi,
1662 3973 1702 4019 ac
1725 3957 1847 4020 dilecto

205 4067 321 4128 Mariae
335 4067 503 4128 Blesensis
515 4065 706 4130 abbatibus.
1053 4063 1122 4124 illio
1135 4061 1294 4138 magistro
1310 4058 1452 4120 Guiduni
1467 4055 1705 4119 archidiacono
1722 4057 1846 4118 Lemo·
1909 4083 1914 4090 ·

244 4165 473 4226 Intelleximus
482 4165 683 4241 quasuonee
696 4163 821 4236 varias,
838 4163 871 4225 et
885 4161 1004 4226 multi-
1053 4158 1197 4232 siceum,
1222 4157 1364 4220 salutem
1387 4156 1421 4218 et
1442 4152 1666 4231 apostolicam
1688 4151 1849 4214 benedic·

205 4261 310 4339 plices
333 4261 421 4324 inter
444 4261 658 4322 carissimum
675 4261 718 4322 in.
738 4260 871 4322 Christo
893 4259 1000 4322 dilium
1052 4258 1190 4320 donem

204 4361 357 4420 nestrum
379 4358 581 4436 Philippum,
598 4373 710 4434 regem
724 4359 929 4420 Francorum
951 4357 999 4419 il·
1093 4353 1179 4415 olim
1191 4349 1389 4430 quibusdam
1407 4348 1540 4412 clericis
1553 4346 1587 4410 et
1599 4346 1771 4410 conversis
1786 4361 1847 4408 cr·
1915 4411 1920 4432 .

204 4455 354 4528 lustrem,
373 4457 406 4518 et
424 4454 652 4518 venerabilem
676 4455 814 4518 fratrem
833 4455 1000 4526 nostrum,
1054 4447 1459 4513 dinisstrandimoutensis
1470 4459 1570 4522 super
1582 4443 1779 4522 quibusdam
1792 4459 1849 4526 re-

205 4552 434 4614 Parisiensem
445 4552 639 4630 episcopum
652 4552 831 4613 emersisse
842 4550 901 4625 3ad
917 4565 999 4628 quas
1053 4548 1140 4624 gulas
1155 4563 1225 4608 suae
1239 4544 1394 4623 capitulis
1408 4544 1445 4608 in
1466 4546 1582 4606 nostra
1608 4541 1789 4617 praesentia
1802 4541 1850 4602 li·

205 4649 382 4726 sopiendas
397 4649 549 4712 volumus
562 4664 603 4712 eo
617 4648 724 4725 magis
738 4647 924 4720 intendere,
934 4663 1000 4725 quo
1053 4643 1247 4722 tigantibus,
1262 4659 1324 4706 nos
1346 4641 1543 4719 quibusdam
1565 4637 1717 4716 ejusdem
1749 4637 1847 4713 capi·

204 4747 379 4824 utrumqua
400 4745 576 4810 sinceriori
599 4747 745 4810 ocante
760 4742 944 4821 diligimus,
968 4743 1001 4806 et
1053 4743 1133 4805 tulis
1147 4757 1209 4820 per
1222 4738 1531 4818 interpretationem
1544 4750 1725 4810 congruam
1736 4732 1851 4796 decla-

203 4859 247 4906 ex
261 4859 376 4908 eorum
391 4843 569 4906 discordiis
591 4846 719 4922 madore
733 4843 878 4905 vidimus
901 4855 1000 4920 posse
1054 4838 1149 4912 ratis,
1185 4853 1260 4900 cum
1298 4835 1454 4900 conversi
1494 4833 1719 4910 proponerent
1761 4831 1851 4894 inter

205 4940 380 5018 dispendia
398 4941 433 5003 et
446 4941 605 5002 scandala
625 4940 815 5018 provenire.
838 4940 1000 5002 Gereutes
1055 4937 1187 5008 catera,
1201 4933 1288 5014 quod
1313 4933 1409 4996 extra
1424 4933 1518 5008 septa
1536 4943 1597 4990 sua
1620 4942 1687 4989 non
1709 4925 1851 4994 debeant

205 5039 310 5116 igitur
323 5037 365 5100 de
379 5038 567 5116 prudentia,
584 5037 648 5099 ilde
663 5054 703 5099 ac
717 5037 906 5100 condentia
917 5051 1000 5098 nes·
1055 5033 1179 5096 habere
1191 5031 1328 5094 mobilia
1342 5031 1395 5093 vel
1408 5028 1542 5092 stabilia
1555 5024 1738 5088 secundum
1752 5025 1849 5088 ordi·-

204 5139 258 5200 tra
284 5137 439 5198 fiduciam
465 5135 660 5213 specialem,
690 5151 750 5213 per
776 5133 1001 5212 apostolicam
1055 5133 1108 5192 nis
1123 5131 1176 5192 sui
1190 5129 1363 5192 instituta:
1380 5126 1458 5205 quia
1470 5125 1507 5188 ln
1526 5125 1621 5186 tanto
1635 5123 1768 5199 negotio
1781 5138 1852 5188 nou

205 5233 302 5297 vobis
323 5233 443 5296 sedem
462 5233 670 5302 mandamus,
694 5232 858 5310 quatenus
883 5247 1001 5308 perso·
1056 5228 1165 5290 subito
1179 5226 1355 5306 providere
1369 5239 1429 5301 per
1443 5222 1574 5284 litteras
1596 5222 1729 5284 nostras
1750 5221 1850 5297 pote-
1969 5295 1975 5300 ¹

204 5332 328 5394 naliter
352 5331 549 5394 accedentes
574 5330 727 5402 Parisiis,
750 5330 804 5391 sel
826 5330 869 5391 ad
892 5330 1001 5390 lccum
1056 5341 1180 5399 ramus,
1192 5323 1423 5386 mandavimus
1438 5317 1701 5396 archiepiscopis
1711 5319 1744 5380 et
1758 5315 1851 5393 epis-

207 5429 310 5492 alium
339 5429 576 5506 opportunum,
606 5429 641 5490 et
668 5427 776 5504 ipsum
805 5441 936 5503 regem,
966 5427 1003 5486 ut
1057 5423 1148 5501 copis
1163 5422 1198 5483 in
1218 5435 1321 5496 regno
1341 5415 1703 5487 Franciaeconstitutis,
1727 5415 1851 5478 utcm-

208 5527 328 5603 spretis
347 5527 462 5604 pranis
482 5525 751 5603 suggestionibus
772 5523 1002 5586 ecclesiastica
1057 5521 1124 5594 nia,
1156 5519 1224 5582 tam
1251 5515 1400 5590 mobilia,
1426 5530 1524 5593 mam
1553 5511 1749 5583 immobilia,
1776 5527 1849 5611 (pum
