4222 6374
213 479 566 607 HONORII
625 479 756 638 ΙΙΙ,
814 479 1292 608 PONTIFIGIS
1350 478 1693 607 nonulli

321 807 326 812 *
562 877 1339 1118 nrrsnocn

406 1377 605 1478 PRIMA
648 1385 794 1478 vicu
837 1387 905 1476 IN
949 1382 1129 1477 UNUM
1174 1385 1502 1488 contecta

643 2086 893 2215 LIBER
949 2085 1270 2218 SEXTUS

527 2495 547 2582 I
1364 2497 1406 2586 ΙΙ

258 2649 310 2711 Λα
323 2647 478 2710 meatem
491 2645 610 2708 Sancti
623 2645 811 2708 Benedicti·
986 2647 1039 2708 Ad
1051 2645 1208 2709 abbatem
1227 2647 1262 2710 et
1283 2649 1492 2712 concentum
1504 2605 1781 2715 ¹Hosrrooiensos.

431 2779 466 2837 26
477 2778 540 2852 julil
556 2779 636 2836 liri.
1285 2779 1321 2840 30
1329 2780 1392 2855 iulii
1405 2782 1485 2839 ffli-

287 2901 439 2966 margarini,
451 2902 519 2954 Bull.
534 2901 679 2961 casinense
695 2901 716 2960 l,
728 2900 780 2966 db]
1009 2901 1130 2967 [aegest.
1140 2901 1187 2954 lib.
1200 2903 1241 2962 vl,
1252 2903 1328 2968 epist.
1344 2903 1398 2954 iti.
1411 2906 1468 2956 lise.
1483 2907 1519 2956 La
1531 2907 1605 2957 Porto
1617 2905 1652 2958 du
1665 2905 1760 2972 Theti]

134 3017 366 3077 donceditusum
381 3018 489 3088 annuli,
509 3016 545 3074 ad
559 3016 687 3076 levorem
710 3015 820 3074 obbatis
835 3015 932 3074 Sancti
986 3018 1043 3077 Sub
1062 3017 1137 3076 beati
1157 3021 1233 3078 Petri
1256 3027 1286 3079 et
1307 3035 1357 3078 sue
1381 3022 1557 3094 protectione
1576 3024 1695 3096 suscipit
1711 3038 1781 3082 con·

344 3105 489 3164 Benedicti
503 3121 589 3179 super
603 3104 721 3163 Padum.
1021 3115 1138 3164 ventum
1150 3123 1214 3166 cum
1230 3108 1290 3167 suis
1303 3108 1396 3178 bonis,
1414 3116 1442 3166 et
1457 3110 1607 3168 coniirmat
1621 3112 1783 3172 cessionem

173 3232 344 3296 Honorius
355 3233 539 3310 episcopus,
548 3248 664 3294 servus
675 3232 928 3305 servorumnei'
991 3287 994 3294 .
1020 3193 1159 3254 bercarlae
1172 3195 1324 3256 conventui
1337 3198 1366 3257 S.
1382 3198 1492 3257 Nicolei
1507 3201 1656 3260 Furnensi.

135 3331 260 3393 dilecto
279 3331 349 3393 tilio
368 3330 479 3392 abbati
502 3331 615 3392 Sancti
639 3329 807 3392 Benedicti
831 3346 931 3406 super
1025 3324 1699 3404 Honoriusepisoopus,servusservorum
1709 3330 1781 3404 nei,

136 3429 276 3500 Padum,
302 3428 442 3490 salutem
469 3428 502 3490 et
533 3428 750 3504 apostolicam
773 3426 932 3490 benedic-
985 3420 1115 3484 dilectis
1130 3422 1260 3484 tiliis...
1277 3423 1388 3486 abbati
1406 3424 1440 3486 et
1459 3425 1637 3488 conventui
1656 3429 1783 3490 Hasno-

135 3527 273 3587 tionem.
984 3518 1131 3591 nieuses,
1157 3521 1310 3592 salutem,
1336 3521 1399 3583 etc.

174 3621 353 3684 Deuotioni
366 3621 432 3683 tuae
451 3620 493 3682 de
510 3621 609 3683 solita
623 3620 807 3698 gratificari
821 3621 930 3698 gratia
1023 3618 1129 3678 iustis
1154 3619 1338 3696 petentium
1366 3618 1542 3682 desideriis
1572 3620 1708 3698 dignum
1730 3625 1783 3686 est

136 3719 319 3796 cupientes,
342 3718 404 3779 tibi
423 3734 593 3796 supereo,
614 3718 701 3796 quod
719 3720 852 3795 gratum
867 3719 927 3792 est,
984 3729 1045 3776 nos
1053 3713 1185 3775 facilem
1193 3715 1342 3792 praebere
1351 3730 1560 3789 consensum,
1569 3718 1780 3798 ettota,quee

136 3814 316 3892 benignum
342 3815 551 3892 impertimur
578 3831 762 3888 assensum,
788 3818 820 3877 et
844 3817 929 3894 quod
984 3811 1159 3873 erationis
1186 3813 1319 3874 tramite
1338 3829 1406 3874 non
1427 3814 1633 3888 discordant,
1659 3817 1781 3880 effectu

137 3911 282 3989 speciale
306 3911 376 3974 iore
409 3912 625 3989 dignoscitur,
658 3928 725 3974 non
755 3927 927 3989 negamus.
984 3910 1204 3985 prosequente
1218 3910 1395 3986 complere.
1408 3912 1455 3971 Ea
1467 3913 1612 3988 propter,
1622 3912 1780 3976 dilectiin

139 4011 248 4080 Quare
287 4011 355 4072 tuis
391 4009 593 4072 inclinantes
631 4009 929 4087 supplicationibus
984 4005 1123 4067 Domino
1148 4005 1221 4080 tilii,
1242 4007 1363 4069 vestris
1381 4007 1482 4085 Justis
1501 4009 1655 4085 precibus
1678 4011 1780 4074 incli-

137 4109 391 4176 suresnostras,
408 4123 558 4183 personae
572 4109 649 4179 tuae,
665 4107 706 4168 de
716 4107 930 4183 gratiaduxi·
983 4103 1065 4175 nati,
1082 4118 1242 4180 personas
1254 4106 1384 4166 vestras
1405 4107 1439 4167 et
1459 4105 1568 4167 locum
1587 4107 1622 4168 in
1640 4123 1704 4185 quo
1725 4109 1780 4170 di-

135 4219 208 4264 mus
227 4204 400 4280 singulari,
420 4219 517 4264 usum
532 4203 650 4264 annuli
669 4203 926 4266 concedendum.
983 4199 1061 4264 vino
1074 4200 1153 4262 estis
1166 4199 1325 4280 obsequio
1339 4202 1520 4280 mancipati
1535 4220 1610 4264 <tum
1623 4205 1778 4268 omnibus

100 4351 101 4356 ,
135 4301 229 4362 Nulli
252 4315 331 4377 ergo
352 4301 488 4362 omnino
513 4300 685 4362 hominum
716 4301 818 4364 liceat
840 4302 929 4363 hanc
982 4295 1078 4359 bonis
1100 4313 1173 4375 quae
1196 4299 1509 4375 inpraesentiarum
1533 4301 1780 4366 rationabiliter

134 4399 291 4475 paginam
322 4399 445 4461 nostrae
476 4399 701 4460 concessionis
731 4399 927 4476 infringere,
983 4395 1140 4472 possidet,
1152 4398 1211 4458 aut
1221 4397 1258 4458 iu
1273 4395 1530 4475 luturumjustis
1542 4400 1661 4474 modis,
1673 4417 1779 4478 praes-

134 4496 187 4557 vel
211 4497 243 4556 ei
270 4511 355 4556 ausu
377 4496 556 4558 temerario
585 4495 763 4557 contraire.
791 4497 827 4558 Si
855 4497 929 4573 quis
982 4492 1074 4553 tante
1101 4493 1253 4566 Domino,
1278 4494 1401 4572 poterit
1428 4495 1581 4573 adipisci,
1606 4497 1668 4560 sub
1688 4498 1779 4563 beati

135 4595 247 4654 autem
261 4592 325 4655 hoc
338 4593 501 4654 attentare
513 4592 762 4670 praesumpserit
774 4593 930 4668 indigna·
984 4589 1074 4650 Petri
1089 4590 1122 4650 et
1136 4591 1250 4652 nostra
1262 4592 1468 4668 protectione
1481 4594 1692 4672 suscipimus,
1707 4613 1780 4675 spe·

132 4690 258 4751 tionem
272 4689 508 4767 omnipotentis
522 4691 592 4761 Dei,
609 4691 642 4750 et
653 4689 825 4751 beatorum
838 4690 929 4752 Petri
983 4685 1113 4748 cialiter
1127 4687 1238 4748 autem
1256 4703 1403 4750 annuum
1418 4690 1582 4760 redditum
1602 4694 1779 4770 sexaginta

134 4787 167 4848 et
179 4786 275 4847 Pauli
290 4786 515 4863 apostolorum
530 4789 603 4862 ejus
618 4801 654 4846 se
670 4785 801 4848 noverit
814 4785 931 4848 incur-
984 4799 1171 4850 marcarum
1193 4786 1323 4862 argenti
1352 4802 1487 4863 quem...
1515 4787 1618 4850 abbas
1641 4793 1675 4852 et
1697 4807 1780 4853 oon·
1876 4843 1880 4846 .

134 4895 259 4942 surum.
281 4883 400 4943 Datum
420 4881 588 4954 Laterani,
609 4883 669 4943 Vll
692 4880 852 4943 kalendas
867 4897 931 4943 au·
982 4880 1101 4942 ventus
1126 4882 1239 4943 Sancti
1257 4883 1390 4944 Nicolai
1405 4885 1589 4946 Furnensis
1608 4889 1780 4952 Praemon-

133 4977 235 5053 gusti,
251 4978 463 5056 pontificatus
479 4993 568 5039 anno
582 4977 688 5040 sexto.
984 4977 1156 5060 stratensis
1183 4977 1326 5054 ordinis,
1348 4996 1415 5060 pro
1444 4980 1597 5060 bercaria
1625 4982 1672 5064 (1)
1699 4987 1779 5048 red-

168 5117 209 5191 (l)
225 5117 328 5177 L'abbs
349 5125 405 5177 eet
414 5117 504 5193 eglise
514 5116 550 5175 de
562 5117 755 5177 seint-Pieria
765 5116 801 5175 de
811 5118 929 5176 Hasnon
984 5117 1056 5191 beye
1075 5116 1111 5175 de
1128 5119 1247 5188 Furnos,
1260 5119 1344 5178 ordre
1358 5119 1394 5178 de
1411 5119 1587 5192 Prementre,
1603 5135 1780 5200 moyennant

134 5186 280 5260 possiduit
291 5136 366 5264 laesis
385 5205 442 5248 une
483 5189 571 5247 rande
591 5203 679 5246 oense
697 5187 713 5248 t
730 5189 927 5261 ltomescaple,
984 5189 1009 5245 la
1037 5196 1117 5245 rente
1145 5191 1276 5247 aunuelle
1305 5199 1333 5248 et
1361 5191 1534 5264 perpetualia
1562 5192 1598 5252 de
1623 5196 1659 5254 60
1683 5213 1779 5258 mares

153 5260 240 5342 rophe
258 5261 295 5318 de
317 5260 446 5344 l’abbayc
460 5205 502 5318 {e
521 5263 640 5344 Furnes,
660 5257 775 5317 diocese
797 5260 873 5317 alors
893 5257 930 5316 de
983 5257 1122 5332 d'argent.
1141 5260 1283 5318 Honorius
1297 5263 1348 5331 lll,
1365 5277 1415 5334 par
1428 5277 1459 5320 sa
1474 5262 1549 5321 bulle
1561 5263 1708 5334 cidessus,
1725 5285 1777 5343 sp·

156 5329 332 5414 beronenne,
357 5346 421 5414 puis
447 5329 483 5388 de
507 5332 693 5399 Sunt-Omer,
714 5329 787 5387 dans
807 5329 929 5402 laquelle
983 5344 1091 5455 prouva
1111 5336 1140 5414 et
1160 5337 1234 5388 cette
1258 5339 1342 5388 vente
1361 5340 1390 5390 et
1410 5331 1624 5408 l'engegement
1643 5339 1702 5410 pris
1727 5355 1779 5413 par

133 5413 221 5459 oense
235 5417 271 5459 on
287 5403 392 5459 elevent
405 5399 498 5476 grand
513 5400 631 5458 nombre
646 5399 682 5458 de
697 5407 845 5468 moulons;
860 5399 930 5456 c’est
993 5415 1026 5456 es
1040 5400 1179 5474 religieux
1192 5399 1228 5458 de
1243 5403 1361 5470 Furnes,
1375 5402 1411 5460 dc
1426 5419 1513 5478 psyer
1526 5415 1600 5464 cette
1619 5407 1779 5470 redevance

133 5481 242 5598 &⁰2⁰⁰
266 5471 381 5547 signilie
399 5485 433 5529 ce
454 5477 515 5529 mot
534 5471 604 5528 latin
624 5471 763 5528 teucria.
788 5469 929 5600 b‘ebbasse
984 5469 1099 5530 *aladite
1115 5470 1224 5544 abbaye
1243 5470 1279 5530 de
1297 5474 1423 5546 llasnon,
1443 5478 1656 5537 aunuellement
1669 5487 1698 5538 ct
1712 5496 1777 5554 per·

207 5543 227 5599 it
239 5550 313 5602 cette
327 5557 415 5601 ceuse
433 5557 488 5600 eux
505 5541 595 5601 ebbes
608 5547 636 5600 et
651 5541 790 5614 religieux
806 5540 842 5598 de
857 5540 892 5600 l’a
915 5569 927 5584 ·
985 5540 1195 5614 pituellemeut.

275 5683 389 5726 resnou.
410 5681 483 5724 rous
500 5668 549 5727 lv.
1605 5675 1618 5730 l
