4226 6372
139 310 209 372 941
777 268 1004 374 nrisronm.
1028 310 1105 374 nin.
1128 312 1168 372 x.
1730 307 1791 368 aaa

141 467 340 546 adimpleri,
357 468 511 534 nonnulli
524 470 762 532 canonicorum
779 481 816 532 se
833 469 875 532 ab
888 481 947 532 ea·
1000 469 1084 543 tunt,
1113 471 1221 532 tutum
1249 469 1313 532 sibi
1337 468 1407 532 fore
1431 484 1497 532 non
1522 465 1674 540 aestimet,
1689 465 1726 532 ut
1748 465 1790 530 ad

142 566 227 631 dem
244 567 386 629 ecclesia
399 582 459 644 pro
473 567 738 630 necessariorum
746 566 874 628 defectu
891 567 947 628 ab
1001 567 1167 630 civitatem
1190 566 1242 629 vel
1263 567 1431 644 dioeeesim
1451 567 1680 642 Maguntinam
1701 580 1794 628 acce·

144 666 287 725 sentare
302 665 476 738 coguntur,
486 664 622 740 propter
634 664 720 738 quod
735 663 822 726 dicta
839 665 947 726 ecole—
1000 664 1630 750 dat‚quod‚utproponit,sinepericulo
1641 662 1791 739 corporis

145 761 204 822 sia
217 760 335 822 debitis
351 761 519 836 obsequiis
534 759 764 834 defraudatum
781 761 821 822 de
834 765 945 822 vestra
1001 761 1110 823 faeere
1139 778 1205 822 nou
1229 763 1366 832 valeret,
1388 761 1559 820 humiliter
1580 759 1789 836 supplicavit,

144 857 266 934 itaque
289 858 583 932 circumspectione
604 859 734 933 plenam
753 858 787 918 in
807 859 945 919 Domino
1002 859 1038 919 ut
1062 857 1325 919 misericorditer
1348 857 1596 932 indulgeremus
1616 855 1733 927 eidem,
1750 871 1792 918 ne

146 953 308 1017 fiduciam
325 953 523 1025 obtinentes,
540 954 733 1015 discretioni
752 957 872 1016 restrae
889 970 947 1030 per
1000 957 1137 1016 vocatus
1153 971 1174 1015 a
1188 956 1220 1016 te
1235 955 1488 1031 metropolitano
1503 953 1609 1029 ipsius
1623 952 1663 1012 ad
1676 953 1792 1014 conoi-

147 1051 343 1126 Apostolica
369 1052 492 1128 scripta
521 1051 739 1120 mandamus,
771 1053 944 1128 quatenus,
1002 1052 1083 1111 lium
1098 1052 1152 1113 vel
1164 1052 1206 1112 ad
1226 1050 1293 1112 alia
1312 1051 1427 1112 venire
1443 1049 1664 1128 personaliter
1679 1051 1796 1112 tenea·-

148 1147 313 1224 inquisita
334 1163 434 1224 super
452 1147 636 1223 praemissis
658 1149 691 1208 et
710 1148 842 1224 cognita
857 1147 947 1210 veri·
1001 1149 1066 1220 tur,
1083 1149 1141 1210 sed
1157 1163 1267 1226 seper
1284 1148 1449 1210 solemnes
1462 1149 1496 1208 et
1509 1147 1646 1210 idoneos
1660 1145 1794 1208 nuntios

147 1244 233 1313 tate,
253 1243 456 1322 provideatis
467 1259 567 1320 super
578 1244 633 1316 iis,
650 1246 748 1334 prout
765 1245 947 1307 secundum
1002 1247 1224 1322 praesentare;
1242 1246 1427 1323 praesertim
1456 1261 1531 1306 cum
1554 1243 1795 1320 praenominato

150 1342 303 1417 ejusdem
318 1340 469 1404 ecclesiae
486 1341 662 1412 utilitatem
677 1341 829 1402 videritis
845 1357 948 1417 expe-
1002 1342 1205 1404 antecessori
1219 1357 1279 1404 suo
1292 1343 1426 1419 propter
1440 1341 1663 1418 suspicionem
1679 1340 1797 1416 hujus-

151 1438 238 1500 dire.
261 1439 381 1502 Datum
402 1438 517 1510 Reate,
537 1440 565 1499 V
589 1437 664 1500 idua
686 1436 841 1508 octobris,
857 1452 947 1499 anno
1003 1439 1093 1500 modi
1117 1455 1137 1500 a
1165 1438 1249 1502 Sede
1278 1439 1468 1516 Apostolica
1494 1438 1657 1500 indultum
1692 1436 1796 1498 fuisse

151 1534 292 1598 decimo.
1003 1536 1176 1612 proponat,
1193 1551 1235 1597 ne
1249 1535 1291 1596 ad
1307 1535 1518 1612 praesentiam
1534 1537 1624 1596 tuam
1635 1547 1796 1610 persona·-
1819 1593 1822 1598 .

1003 1632 1082 1694 liter
1102 1617 1265 1694 aceeder!
1286 1633 1467 1694 teneretur.
1493 1635 1562 1694 Nos
1585 1647 1665 1694 vero
1691 1631 1796 1707 ipsius

476 1753 623 1842 XLVII
1004 1729 1301 1807 supplicationibus
1339 1730 1536 1801 annuentes,
1563 1745 1665 1805 quum
1698 1742 1796 1789 nemo

1003 1826 1122 1889 debeat
1135 1827 1200 1888 sibi
1219 1828 1381 1904 suspectis
1401 1828 1433 1889 et
1453 1826 1599 1888 inimicis
1616 1825 1749 1903 exponi,
1764 1826 1798 1887 et

254 1908 306 1968 Ad
332 1907 535 1984 Sidfflditm·
556 1907 849 1980 arcldepiacopum
1003 1923 1156 1998 geminus
1171 1926 1239 1985 tam
1267 1923 1348 1985 dirae
1370 1923 1638 2000 praesumptionis
1660 1921 1796 1983 illorum

426 2002 682 2080 Matlmltmltm·
1004 2021 1142 2081 conatus
1158 2021 1285 2082 terrere
1307 2021 1410 2096 possit
1425 2021 1577 2080 eumdem
1590 2020 1794 2096 episcopum,

432 2142 463 2198 fl
479 2140 572 2198 octob.
589 2140 669 2198 4225,
1003 2118 1041 2178 ut
1067 2118 1185 2179 merito
1210 2117 1274 2178 sibi
1298 2116 1425 2185 debeat,
1447 2119 1590 2194 qualiter
1613 2119 1721 2179 cesset
1743 2117 1798 2178 fu·

285 2261 454 2330 [Wurutwein
477 2223 547 2314 m
562 2261 676 2312 subsidia
700 2263 735 2313 lv
761 2261 827 2326 43¹]
1003 2215 1099 2275 nesta
1113 2215 1280 2290 pernicies
1294 2215 1327 2275 et
1339 2215 1424 2276 tanti
1445 2215 1567 2275 furoris
1580 2213 1797 2275 subtrabatur

458 2301 464 2322 ’
679 2299 685 2318 '
737 2298 743 2320 ’
808 2299 814 2312 '
1003 2311 1155 2383 materia,
1190 2312 1378 2388 providere,
1406 2311 1607 2372 fraternitati
1635 2312 1701 2372 tuae
1737 2327 1797 2388 per

152 2389 196 2445 Ne
211 2387 375 2486 09³⁸⁰⁰⁹¹¹f¹¹
388 2385 623 2486 Hefbip⁰¹0f¹⁸³¹¹¹
638 2399 673 2441 θ’(
687 2385 782 2484 θὸἷῑὲῑθ
797 2383 949 2458 ⁰⁰¹³¹P0¹¹³²
1003 2408 1192 2483 apostoliea
1202 2408 1326 2484 scripta
1342 2409 1538 2470 mandamus
1548 2411 1713 2484 quatenus
1724 2423 1799 2468 con·

289 2488 386 2532 vem
401 2473 589 2546 p⁰s⁸⁰¹¹³¹¹¹³f
604 2472 639 2529 ad
654 2473 817 2530 ⁰⁰⁰⁰¹¹¹¹¹¹¹¹⁰
1002 2506 1054 2565 tra
1073 2506 1223 2580 tenorem
1244 2506 1352 2581 ipsius
1377 2505 1594 2581 indulgentie
1621 2505 1796 2582 praefatum

193 2607 372 2676 Honorius,
388 2605 661 2678 etc.‚venerabili
675 2605 809 2667 fratri...
826 2605 945 2666 archi·
1003 2601 1193 2679 episcopum
1218 2602 1259 2662 ad
1285 2603 1498 2678 presentiam
1525 2603 1616 2663 tuam
1640 2603 1798 2664 accedere

152 2705 309 2781 episeopo
324 2703 531 2780 Maguntin0,
549 2703 701 2772 salutem,
717 2703 779 2764 etc.
1003 2714 1070 2759 non
1085 2699 1275 2774 compellas,
1291 2700 1475 2770 contentus,
1489 2698 1575 2775 quod
1591 2698 1619 2758 si
1634 2698 1694 2759 tibi
1710 2713 1798 2774 prae-

193 2805 258 2862 Pro
282 2801 474 2862 diversitate
497 2814 675 2860 causarum
696 2798 791 2860 varia
818 2797 949 2873 oportet
1003 2794 1111 2855 santet
1133 2810 1234 2870 quum
1267 2810 1342 2856 eum
1371 2795 1450 2855 ate
1475 2794 1588 2856 vocari
1621 2795 1799 2869 contigerit

153 2898 300 2960 remedia
324 2896 481 2966 inveniri,
499 2911 599 2972 quum
624 2909 685 2956 nec
706 2893 848 2968 singulis
869 2893 947 2954 lan·
1003 2904 1063 2965 per
1088 2889 1226 2950 idoneos
1254 2890 1389 2953 nuntios
1412 2891 1446 2952 et
1472 2889 1647 2951 solemnes.
1678 2893 1796 2951 Datum

153 2994 313 3070 guoribus
329 2993 427 3054 unica
452 2992 495 3054 sit
518 2991 704 3068 opportuna
729 2989 869 3056 curatio,
887 3003 948 3048 nec
1003 2986 1119 3052 Reate,
1137 2987 1166 3047 V
1187 2985 1262 3048 idus
1285 2985 1442 3055 octobris,
1458 2985 1668 3063 pontificatus
1689 2986 1796 3049 nostri

153 3088 385 3152 convenientia
400 3088 546 3152 existant
568 3086 626 3148 uni
652 3085 765 3148 morbo
799 3084 949 3146 antidota
1003 3081 1252 3144 annodeeimn

154 3188 322 3249 universa.
351 3186 465 3262 Nuper
500 3199 582 3246 sane
608 3181 811 3246 venerabilis
846 3180 950 3242 frater
1316 3215 1483 3304 XLVIII

153 3283 307 3345 noster...
324 3277 574 3356 Herbipolensis
589 3279 764 3355 episcopus
777 3275 873 3338 nobis
889 3291 951 3338 ex·

155 3381 274 3457 posuit,
289 3379 374 3456 quod
398 3393 497 3454 quum
513 3377 575 3436 filii
592 3375 709 3446 Belial,
731 3374 861 3436 nobiles
880 3373 950 3450 qui·
1042 3369 1095 3433 Aa
1109 3367 1402 3440 arcboenlsoopum
1417 3369 1621 3431 lismensem
1637 3368 1671 3430 ct
1683 3369 1757 3442 ejus

154 3478 229 3538 dam
244 3478 277 3538 et
292 3477 442 3553 potantes
457 3473 607 3549 regionis
618 3473 711 3534 illius
727 3487 802 3538 eum
815 3470 950 3546 compli·
1275 3465 1527 3540 suffraganeos.

153 3574 247 3638 cibus
262 3573 464 3643 eorumdem,
482 3571 577 3634 bonae
593 3569 762 3632 memoriae
773 3567 948 3644 G...ipsius
1268 3601 1285 3659 3
1301 3601 1433 3662 novemb·
1456 3603 1534 3660 ωδ,

152 3673 399 3734 antecessorem
424 3669 458 3732 et
492 3667 777 3744 consanguineum
805 3664 949 3726 occidis-

154 3770 239 3842 sent,
257 3769 321 3846 ipsi
337 3782 411 3828 cum
426 3767 495 3828 tota
507 3765 701 3844 posteritate
721 3763 818 3840 prout
829 3762 948 3836 exige-

153 3867 210 3928 bat
220 3865 427 3928 crudelitatis
437 3879 595 3926 excessus
609 3860 716 3938 puniti
731 3860 877 3930 fuerunt,
893 3859 949 3936 qui
1004 3849 1136 3922 Pfffisslllit
1150 3849 1177 3906 01
1191 3856 1222 3906 ut
1237 3847 1386 3906 abbatibus
1405 3847 1537 3906 <¹¹oeoessss
1558 3865 1619 3908 ⁸¹¹ae
1641 3851 1797 3923 capitulum

155 3961 361 4038 postmodum
378 3962 468 4024 tanto
482 3960 610 4020 scelere
624 3974 690 4022 non
706 3957 863 4028 contenti,
879 3971 951 4016 suc.
1039 3936 1185 3994 celebrare
1197 3937 1367 4006 volentibus,
1381 3935 1549 4010 corrigenda
1566 3953 1629 4010 que
1641 3939 1795 4011 corrigere,

155 4073 320 4120 cessarem
333 4057 424 4118 illius
439 4055 595 4118 videlieet
608 4053 703 4116 bonae
715 4053 884 4116 memoriae
887 4094 947 4112 .....
1040 4039 1071 4082 ⁸⁶
1098 4039 1155 4082 ¹¹⁰⁰
1180 4033 1306 4098 ⁰Pl³⁰⁰³t
1329 4025 1463 4098 ipsosque
1483 4025 1599 4087 abbates
1621 4025 1814 4108 ³⁰¹⁰V0¹¹d⁰ff

155 4154 427 4230 Herbipolensem
456 4151 658 4227 episcopum,
686 4151 757 4226 ejus
795 4151 950 4224 patruum
1041 4119 1182 4170 mmm·

155 4253 221 4317 nisi
246 4252 323 4313 sunt
346 4249 509 4319 occidere,
527 4249 684 4324 tanquam
699 4246 757 4322 qut
773 4246 949 4322 episcopa·
1043 4239 1224 4311 Honorius,
1240 4241 1317 4311 etc,
1333 4239 1579 4302 uenerabilibus
1600 4240 1795 4305 fratribus...

155 4351 221 4412 lein
249 4347 445 4424 dignitatem
472 4344 659 4408 didicerant
683 4342 758 4404 fuso
787 4342 949 4418 sanguine
1004 4335 1795 4415 archiepiscopoRemensietsuffraganeisejus,

155 4446 335 4516 maculare,
353 4440 586 4521 propterquod
601 4440 775 4516 episcopus
788 4439 859 4514 ipse
872 4453 892 4498 a
905 4438 951 4498 fa·
1005 4431 1158 4504 salutem,
1176 4433 1237 4494 etc.
1830 4520 1832 4524 ι

155 4545 206 4606 eie
221 4543 351 4618 fugiens
370 4539 599 4602 tribulantium
613 4536 885 4612 Herbipolensem
901 4535 951 4596 ci·
1045 4531 1125 4590 Cum
1140 4545 1184 4590 ex
1198 4528 1307 4592 officio
1333 4533 1446 4593 nostro
1470 4531 1665 4608 religionem
1685 4532 1798 4594 farere

155 4641 290 4702 vitatem
315 4637 462 4699 deseruit
485 4637 519 4698 et
541 4634 728 4704 ecclesiam,
753 4632 866 4710 sicque
892 4632 951 4692 vix
1003 4625 1199 4698 teneamini,
1216 4628 1296 4688 etin
1312 4629 1406 4690 suavi
1420 4629 1607 4706 ejusodore
1622 4629 1799 4692 conveniat

155 4753 273 4798 manus
288 4751 403 4797 eorum
417 4733 533 4794 evasit.
551 4731 646 4792 Unde
660 4731 695 4792 in
710 4745 842 4806 poenam
853 4729 949 4804 ipse·
1006 4723 1177 4794 delectari,
1191 4726 1321 4799 oportet
1337 4741 1395 4786 vos
1415 4725 1683 4797 sollicitudinem,
1701 4727 1732 4788 et
1748 4725 1800 4786 di-

155 4851 228 4896 rum
243 4833 330 4895 bona
345 4847 405 4892 sua
421 4829 603 4892 extiterunt
615 4828 656 4891 ad
679 4827 764 4889 alios
781 4826 947 4886 devoluta.
1005 4820 1180 4896 ligentiam
1209 4819 1378 4894 adbibere,
1399 4825 1434 4882 ut
1450 4822 1484 4882 in
1500 4823 1671 4898 provincia
1687 4824 1800 4885 vestra

155 4932 203 4994 Ob
230 4931 292 4992 boc
322 4943 401 5004 ergo
435 4926 587 5004 praedicti
616 4923 847 4987 malefactores
876 4937 950 4984 cum
1006 4933 1067 4978 nac
1078 4918 1205 4978 ordinis
1216 4917 1419 4990 reformatio,
1439 4935 1499 4979 nec
1516 4935 1714 4981 excessuum
1724 4937 1800 4982 eor-

156 5044 270 5092 eorum
283 5026 361 5088 liliis
376 5022 592 5100 complicibus
603 5021 761 5082 etamieis
776 5020 811 5080 in
826 5018 951 5079 vindic·
1005 5015 1109 5076 rectio
1135 5017 1363 5092 postponatur,
1381 5032 1456 5076 cum
1479 5017 1652 5092 religionis
1675 5019 1799 5080 cultum

1048 3723 1170 3790 [Regest.,
1182 3723 1227 3775 lib.
1243 3725 1274 3782 x,
1287 3739 1327 3788 ep.
1342 3725 1395 3774 lit.
1409 3725 1465 3774 blss.
1480 3725 1749 3791 internuntiat]

155 5127 224 5187 tam
245 5139 357 5186 rerum
383 5121 582 5182 amissarum
608 5118 804 5193 sanguinem
818 5119 890 5192 ejus
904 5115 952 5174 si·
1006 5128 1176 5190 nunquam
1206 5112 1324 5173 melius
1358 5112 1463 5175 faveri
1492 5113 1672 5190 contingat,
1701 5132 1800 5193 quam
1915 5189 1918 5196 .

156 5216 825 5298 tiunt,quiapraedietorumepisooporum
842 5211 952 5289 proxi-
1007 5210 1165 5272 correctis
1188 5210 1395 5285 excessibus
1423 5213 1456 5273 et
1482 5212 1599 5274 ordine
1623 5212 1799 5290 inquibus

156 5335 229 5384 mus
253 5319 286 5378 et
312 5317 516 5394 propinquus
531 5315 565 5376 et
585 5313 634 5374 eis
657 5311 693 5371 in
713 5326 816 5372 onere
829 5325 868 5370 ac
890 5309 953 5370 bo·
1006 5307 1242 5368 reformatione
1257 5307 1384 5383 indiget
1398 5307 1588 5372 reformato.
1600 5313 1723 5371 Verum
1733 5326 1800 5372 non

156 5431 238 5480 nore
253 5413 422 5475 successit.
440 5413 546 5484 Quum
559 5413 670 5471 autem
691 5407 952 5485 praenominatus
1007 5404 1081 5464 sina
1106 5402 1227 5478 grandi
1251 5404 1472 5466 admiratione
1497 5403 1697 5480 audivimus,
1714 5407 1800 5485 quod

157 5513 334 5590 episeopus
349 5525 408 5588 pro
421 5525 461 5571 eo
472 5508 557 5586 quod
575 5507 661 5570 sicut
675 5506 795 5568 asserit
809 5504 850 5566 de
865 5503 951 5564 dioe-
1008 5517 1084 5561 cnm
1111 5516 1171 5578 per
1196 5501 1326 5562 litteras
1347 5505 1478 5564 nostras
1493 5504 1587 5565 vobis
1606 5505 1801 5570 duxerimus

157 5609 226 5672 cesi
237 5609 273 5670 et
294 5606 422 5670 familia
439 5619 499 5668 sua
517 5605 594 5668 dicti
613 5603 843 5666 molestatores
858 5600 952 5662 exis·
1008 5598 1261 5676 injungendum,
1277 5600 1315 5660 ut
1325 5599 1508 5663 amoveatis
1523 5601 1660 5664 abbates
1682 5603 1802 5666 restrae
