4226 6372
771 277 997 338 EPISTOLAE.
1020 278 1099 336 ΜΒ.
1124 278 1178 336 IX.

470 443 630 532 CLVIII

201 597 252 654 Ad
273 597 321 654 ,3.
342 594 515 654 rectorem
535 592 568 654 et
593 594 733 654 clericos
759 595 907 654 ecclesus

228 693 262 750 S.
276 692 422 750 Secundi
438 692 691 764 Eccpuoiueusts
705 691 870 750 dioecesis.

444 827 476 884 16
495 827 563 884 maii
584 826 661 884 islo.

302 949 419 1013 [Sestius.
434 951 469 1002 De
485 949 594 1016 episcop.
612 947 720 1012 liugub„
735 949 801 1013 los]

153 1073 303 1130 senorium
318 1074 483 1130 clericorum
500 1087 648 1130 numerum
670 1087 685 1128 s
704 1073 828 1141 villano,
844 1075 941 1145 Engu-

175 1159 255 1218 ·bioo
267 1162 402 1233 episcopo
411 1167 536 1218 taxatum
546 1160 751 1229 etinstitntum,
760 1159 842 1218 diotre
850 1161 941 1216 eccle-

188 1249 237 1305 sias
256 1248 415 1306 confirmet.

190 1371 941 1451 HonoriusepiscopusseruusservorumDei,

149 1470 279 1532 dilectis
297 1471 375 1531 illlis
394 1473 430 1531 B.
446 1471 569 1532 rectori
592 1471 626 1531 et
645 1469 777 1531 clericis
792 1469 943 1532 ecclesiae

149 1567 183 1627 S.
202 1568 345 1628 Secundi
360 1566 603 1642 Eugubinensis
619 1567 783 1638 dioecesis,
803 1567 942 1628 salutem

150 1665 183 1724 et
202 1665 425 1740 Apostolicaru
445 1663 721 1726 benedictionem.

189 1762 293 1822 iustis
317 1760 498 1837 petentium
529 1761 704 1822 desideriis
730 1761 866 1836 dignum
892 1761 942 1822 est

150 1872 211 1917 nos
236 1857 368 1918 facilem
395 1858 545 1935 praebere
571 1871 779 1925 consensum,
806 1859 839 1919 et
864 1859 941 1919 vota

150 1969 223 2029 quae
251 1969 271 2014 a
299 1956 440 2016 rationis
474 1956 607 2016 tramite
650 1969 718 2016 non
751 1953 942 2016 discordant

149 2050 270 2111 ellectu
291 2053 510 2128 prosequente
533 2051 712 2127 complere.
728 2053 775 2112 lia
794 2051 938 2127 propter,

148 2148 260 2208 dilecti
271 2149 306 2207 in
317 2147 940 2224 Dominodlii,restrisjustisprecibus

148 2245 310 2316 inclinati,
324 2246 495 2306 senarium
504 2246 700 2306 clericorum
712 2244 942 2304 ecclesiastes-

146 2340 208 2402 tree
224 2357 409 2412 numerum,
431 2355 528 2418 quom
552 2341 736 2418 proponitis
758 2355 777 2402 a
799 2356 941 2402 venera-

146 2436 206 2497 bili
222 2438 324 2499 fratre
344 2439 458 2500 nostro
461 2481 520 2498 .....
539 2437 766 2513 Eugubinensi
785 2437 939 2514 episcopo

145 2535 317 2606 taxatum,
342 2536 428 2596 sicut
455 2535 505 2596 est
533 2535 774 2596 deliberatione
800 2534 938 2610 provida

146 2629 341 2703 institutus,
367 2631 564 2692 auctoritate
592 2632 782 2707 Apostolica
810 2629 937 2691 contir-

146 2741 273 2788 mamus
289 2728 322 2788 et
331 2730 504 2804 praesentis
521 2728 635 2803 scripti
649 2727 834 2803 patrocinio
847 2741 939 2787 com-

146 2823 324 2895 munimus,
348 2826 540 2895 statuentes,
563 2824 600 2884 ut
619 2824 777 2897 praedicto
792 2822 936 2884 clerico-

144 2934 218 2978 rum
234 2935 372 2980 numero
386 2919 526 2995 praelata
548 2919 689 2979 ecclesie
712 2918 756 2979 sit
769 2919 935 2989 contenta,

144 3016 212 3074 nisi
233 3015 317 3076 adeo
341 3016 550 3076 excreverint
572 3014 678 3090 ipsius
707 3013 857 3075 ecclesiae
886 3013 938 3074 la-

145 3113 295 3182 cultateS,
311 3113 398 3189 quod
416 3109 589 3189 praelatum
606 3126 779 3173 numerum
800 3111 937 3186 exigant

144 3210 364 3284 augmentari,
391 3210 484 3270 s'alro
508 3209 543 3268 ln
566 3207 718 3269 omnibus
737 3208 936 3284 Apostolioee

145 3307 240 3367 Sedis
276 3306 442 3368 mandato.
480 3305 571 3366 Nulli
604 3321 698 3382 ergo,
727 3306 790 3367 etc.
817 3306 936 3365 Datum

143 3402 275 3471 Tibure,
298 3405 389 3464 XVII
407 3403 474 3463 kal.
485 3402 586 3479 jnnii,
600 3401 812 3479 pontificatus
831 3401 935 3462 nostri

143 3514 344 3560 annonono.

478 3730 594 3817 CLIX

169 3895 220 3951 Ad
235 3897 427 3968 episcopum
446 3895 479 3955 et
493 3896 703 3970 maptstrum
713 3897 909 3955 scholarum

399 3992 669 4052 Pictdocustton.

433 4125 466 4182 16
482 4125 548 4181 milii
562 4125 640 4182 1225.

170 4259 287 4322 [liegest.,
298 4258 342 4306 lib.
353 4257 396 4314 IX,
407 4257 480 4321 epist.
494 4257 549 4307 331.
562 4257 617 4307 llss.
632 4258 669 4308 La
683 4258 759 4306 Porto
769 4255 803 4307 du
813 4255 906 4318 Theil.]

141 4383 221 4439 l'ocit
241 4383 283 4438 eis
297 4387 466 4454 potestatem
487 4381 628 4439 statuendi
650 4397 735 4453 super
759 4381 930 4452 juramento,

173 4485 230 4541 quo
240 4470 394 4541 cupitolum
410 4471 505 4527 Sancti
528 4471 626 4526 llilarii
640 4469 677 4526 de
692 4469 767 4527 Gella
783 4467 932 4525 tenebatur

173 4558 209 4614 de
232 4573 289 4614 non
310 4558 481 4630 recipiendis
502 4559 649 4615 canonicis
673 4559 746 4615 ultra
770 4557 930 4628 quinarium

173 4661 334 4714 numerum,
354 4645 446 4703 donec
465 4649 591 4720 ipsorum
606 4647 736 4704 ecclesias
751 4643 856 4702 fabrica
873 4652 928 4701 ter·

173 4735 280 4792 minoto
293 4733 375 4790 soret.

177 4870 343 4930 Honorius
354 4869 540 4945 episcopus,
551 4885 666 4932 servus
675 4887 845 4935 servorum
856 4877 928 4949 Dei,

136 4967 927 5045 venerabilifratri...episcopo,etdilectofilio..,

125 5065 295 5138 ‘magistro
309 5063 498 5125 scholarum
515 5064 770 5140 pictavensium,
789 5071 928 5131 salutem

136 5161 169 5218 et
182 5161 407 5234 Apostolicam
423 5159 695 5221 benedictionem.

174 5256 320 5316 Dilectus
332 5257 456 5328 illius..
466 5258 564 5333 prior
574 5257 725 5320 ecclesiae
741 5261 854 5323 Sancti
869 5265 929 5323 lli-

136 5352 212 5412 lerii
234 5353 274 5412 de
298 5352 388 5412 Cella
418 5355 625 5416 Pictavensis
654 5355 781 5417 ordinis
816 5360 927 5421 Sancti

135 5449 309 5523 Augustini
327 5463 474 5525 persuas
492 5451 588 5514 nobis
608 5451 737 5514 litteras
749 5451 925 5528 intimavit,

136 5545 219 5619 qnod
244 5561 316 5605 cum
342 5545 467 5607 fabrica
493 5549 598 5624 ipsius
620 5549 783 5622 ecclesias,
805 5552 839 5612 in
861 5569 926 5628 qua

1738 275 1835 354 854.

1000 433 1088 496 idem
1110 435 1244 497 sanctus
1263 433 1419 510 migravit
1437 434 1479 496 ad
1500 434 1677 496 Dominum
1690 449 1795 513 usque

1001 532 1042 592 ed
1067 547 1128 592 sua
1158 533 1307 608 tempora
1330 547 1539 608 nequaquam
1567 533 1609 594 ad
1639 531 1794 594 effectum

986 629 1158 704 -perduota
1170 629 1300 702 suisset,
1316 631 1399 704 ipse,
1417 643 1456 690 ac
1480 630 1627 705 ejusdem
1642 628 1792 690 ecclesiae

1001 726 1154 786 canonici
1180 726 1417 802 perlectionem
1442 728 1515 802 ejus
1540 727 1670 788 sincera
1698 725 1795 788 devo-

1000 821 1090 882 tione
1102 823 1260 894 zelantee,
1286 825 1361 884 voto
1383 823 1535 882 unanimi
1555 813 1741 885 statuerunt
1761 823 1794 884 et

996 919 1186 993 juramento
1208 919 1393 986 firmarunt,
1406 982 1408 990 ,
1422 921 1459 980 ut
1481 918 1593 979 nullus
1606 920 1694 980 ultra
1713 921 1791 996 qui-

1000 1015 1133 1075 narium
1155 1030 1329 1076 numerum
1344 1016 1380 1076 in
1398 1015 1513 1076 eadem
1538 1016 1718 1091 recipiatur
1741 1031 1793 1078 ec·

999 1112 1112 1181 clesia,
1138 1112 1242 1172 donee
1265 1115 1338 1188 ejus
1364 1111 1579 1188 perficeretur
1603 1112 1730 1173 fabrica
1756 1113 1792 1173 in

999 1223 1064 1283 que
1078 1211 1175 1274 erant
1192 1211 1538 1284 superexcrescentes
1553 1209 1702 1271 redditus
1717 1223 1792 1270 cou-

997 1305 1160 1366 vertendi.
1206 1308 1315 1376 Quare
1351 1305 1529 1381 praedictus
1568 1306 1662 1380 prior
1693 1305 1792 1366 nobis

999 1400 1170 1462 humiliter
1195 1403 1405 1478 supplicavit,
1435 1404 1473 1463 ut
1499 1417 1573 1462 cum
1601 1401 1717 1462 eadem
1745 1401 1793 1462 ia-

997 1496 1090 1558 brlca
1115 1498 1159 1560 sit
1183 1498 1224 1558 ad
1255 1498 1436 1574 perfectum
1463 1515 1522 1574 pro
1549 1499 1669 1575 majori
1693 1500 1788 1574 parto

997 1595 1166 1670 perducta,
1190 1597 1224 1657 et
1246 1612 1289 1656 ex
1306 1597 1497 1672 juramento
1512 1596 1701 1672 hujusmodi
1717 1595 1790 1657 dic-

996 1691 1030 1752 ta
1059 1691 1200 1754 ecclesia
1227 1696 1362 1770 propter
1389 1693 1605 1754 servientium
1625 1693 1787 1756 deiectum

996 1804 1131 1849 enorme
1146 1791 1309 1851 sustineat
1318 1791 1353 1850 in
1369 1791 1599 1866 spiritualibus
1614 1790 1789 1852 detrimen·

996 1886 1077 1955 tum,
1103 1887 1136 1948 et
1159 1887 1332 1948 animabus
1355 1888 1424 1947 suls
1446 1902 1548 1962 grave
1571 1886 1788 1948 nihilominus

997 1983 1181 2057 periculum
1201 1985 1375 2044 imminere
1388 1987 1546 2046 noscatur
1562 1999 1663 2060 super
1679 1982 1789 2044 obser-

995 2080 1128 2141 vatione
1139 2081 1191 2142 vel
1204 2082 1413 2142 relaxatione
1432 2083 1548 2156 ipsius,
1561 2083 1621 2152 eis,
1634 2083 1666 2142 et
1676 2081 1787 2142 eoele-

996 2177 1054 2236 siae
1077 2178 1251 2253 providere
1279 2178 1539 2240 misericorditer
1561 2178 1786 2252 dignaremur.

995 2275 1042 2332 De
1052 2274 1162 2334 vestra
1173 2275 1286 2350 itaque
1299 2275 1594 2351 circumspectione
1607 2275 1738 2350 plenam
1751 2274 1787 2333 in

995 2370 1134 2432 Domino
1170 2371 1325 2434 fiduciam
1355 2371 1558 2443 obtinentes,
1595 2371 1787 2432 discretioni

994 2468 1113 2528 vestroe
1142 2483 1201 2544 per
1225 2469 1416 2543 Apostolioa
1434 2470 1557 2544 scripta
1579 2469 1784 2540 mandamus,

994 2564 1156 2638 quatenus
1172 2565 1330 2626 habentes
1347 2581 1413 2641 prae
1434 2565 1539 2626 oculis
1558 2566 1664 2626 solum
1682 2568 1787 2626 Deum

994 2675 1095 2735 super
1109 2661 1172 2722 hoc
1190 2660 1388 2722 auctoritate
1402 2662 1525 2732 nostra,
1543 2663 1641 2736 prout
1651 2660 1787 2722 utilitati

993 2756 1140 2830 ejusdem
1155 2757 1317 2826 ecclesiae,
1331 2773 1372 2820 ac
1384 2773 1499 2818 eorum
1514 2757 1613 2817 saluti
1629 2756 1786 2832 expedire

992 2851 1153 2924 videritis,
1181 2854 1346 2914 statuatis.
1389 2854 1506 2914 Datum
1538 2852 1671 2924 Tibure,
1695 2854 1787 2913 XVll

992 2947 1154 3008 kalendas
1169 2949 1260 3020 maii,
1278 2965 1365 3010 auno
1378 2964 1476 3011 nono.

1342 3215 1439 3303 CLX

990 3377 1042 3435 Ad
1065 3375 1272 3436 abbatemet
1293 3374 1499 3436 con-uentum
1518 3374 1722 3437 coortosterit
1747 3378 1783 3434 oc

1279 3474 1499 3534 Soboncedat.

1273 3611 1306 3667 l8
1325 3611 1395 3668 meli
1416 3611 1497 3668 1115.

1129 3732 1316 3796 [wesenberg.
1328 3733 1398 3792 Urio,
1413 3733 1455 3792 lll,
1468 3731 1522 3792 172,
1535 3747 1560 3782 n.
1575 3733 1643 3798 691]

1053 3865 1110 3920 Eos
1127 3877 1192 3920 cum
1208 3861 1341 3922 omnibus
1358 3864 1440 3921 bouis
1454 3863 1574 3921 tuendos
1589 3863 1716 3936 suscipit.

1029 4008 1196 4068 Honorius
1207 4008 1779 4084 episcopus,servusservorumDei,

988 4101 1118 4163 dilectis
1132 4102 1210 4163 filiis
1225 4102 1337 4164 abbati
1349 4106 1383 4165 et
1396 4104 1573 4165 conventui
1587 4103 1781 4188 monasterii

988 4199 1022 4260 in
1039 4199 1259 4272 Schonendal,
1278 4200 1698 4278 salutemetApostolicam
1717 4199 1780 4262 be-

987 4295 1221 4360 nedictionem.
1809 4285 1815 4294 ’

1028 4395 1246 4456 sacrosancta
1262 4397 1411 4456 Romana
1426 4395 1572 4456 Ecclesia
1592 4395 1728 4456 devotos
1748 4395 1781 4456 et

987 4489 1130 4550 humiles
1159 4491 1247 4550 lilios
1275 4507 1317 4552 en
1345 4495 1485 4556 assuetae
1511 4494 1644 4570 pietatis
1669 4492 1779 4553 officio

986 4587 1184 4662 propensius
1202 4587 1341 4666 diligere
1357 4591 1539 4660 consuevit,
1556 4591 1588 4651 et
1603 4605 1643 4650 ne
1663 4604 1780 4666 pravo·

986 4700 1059 4744 rum
1074 4684 1244 4748 bominum
1258 4686 1421 4749 molestiis
1433 4686 1612 4762 agitentur,
1629 4701 1686 4746 eos
1703 4686 1780 4746 tan·
1834 4695 1842 4700 ·

985 4795 1083 4858 quam
1107 4782 1163 4860 pia
1189 4785 1295 4844 mater
1321 4799 1390 4844 suae
1422 4781 1636 4860 protectioniS
1667 4781 1779 4842 muni-

985 4879 1073 4938 mine
1095 4879 1281 4940 contovere.
1312 4881 1504 4962 Eapropter,
1528 4878 1639 4940 dilecti
1658 4878 1693 4938 in
1718 4881 1780 4939 Do·

984 4975 1075 5035 mino
1090 4974 1162 5048 lilii,
1188 4977 1308 5037 vestris
1320 4976 1421 5052 J'ustis
1439 4975 1594 5052 precibus
1611 4974 1775 5046 inclinati,

984 5087 1144 5150 personas
1174 5074 1301 5134 vestras
1330 5072 1363 5132 et
1380 5072 1488 5134 locum
1520 5073 1640 5150 inquo
1665 5070 1776 5132 divino

983 5169 1110 5230 vacatis
1135 5167 1304 5246 obsequie,
1328 5185 1402 5228 cum
1419 5168 1572 5229 omnibus
1593 5169 1689 5232 bonis
1703 5187 1776 5247 quae

983 5265 1017 5324 in
1033 5265 1288 5340 praesentiarum
1304 5265 1548 5327 rationabiliter
1561 5268 1707 5343 possidet
1719 5267 1776 5328 aut

982 5360 1017 5420 iu
1034 5360 1181 5421 futurum
1197 5363 1374 5437 praestante
1392 5362 1531 5424 Domino
1546 5365 1647 5439 justis
1670 5363 1775 5424 modis

982 5458 1103 5533 poterit
1128 5457 1279 5534 adipisci,
1308 5458 1368 5519 sub
1386 5458 1473 5520 beati
1493 5461 1584 5521 Petri
1606 5461 1640 5521 et
1661 5461 1775 5520 nostra

982 5553 1185 5628 protectione
1206 5555 1415 5630 suscipimus.
1444 5555 1639 5631 Specialiter
1664 5555 1774 5616 autem
