4226 6372
173 301 239 360 sts
263 265 267 272 ’

175 460 321 536 publice,
338 459 424 520 sicut
443 459 538 521 erant
556 460 665 538 parati
678 459 881 522 sufficienter
894 475 972 537 pro-

175 558 270 627 bare,
292 573 328 618 se
363 558 450 619 scire
483 557 622 618 tirmiter
649 559 818 633 tamquam
852 559 908 634 qui
935 557 971 617 in

175 656 321 716 tractatu
334 655 439 731 ipsius
454 655 578 730 negotii
591 654 699 715 luerat
714 670 787 714 enm
801 655 872 730 ipso
888 655 971 731 epis-

175 766 261 826 copo
282 751 427 826 qualiter
448 765 502 810 res
525 752 613 811 esset
626 751 817 826 hujusmodi
833 767 970 827 proces-

178 863 268 918 sura,
286 849 385 924 atque
400 848 441 908 ad
456 848 721 923 cognoscendum
735 847 774 908 de
785 863 886 908 causa
902 863 971 908 sus-

177 944 319 1020 picionis
335 943 522 1020 bujnsmodi
539 944 683 1004 arbitros
699 945 874 1019 petierunt,
888 959 970 1020 quos

178 1042 254 1117 quia
283 1042 347 1116 ipsi
380 1042 511 1117 judices
545 1041 796 1115 denegaverunt
831 1041 967 1112 eisdem,

176 1153 237 1214 pro
259 1140 353 1215 parte
370 1139 518 1214 ipsorum
531 1138 593 1199 luit
608 1138 649 1198 ad
666 1139 812 1199 nostram
831 1139 971 1199 audien-

175 1235 256 1295 tiam
307 1235 519 1311 appellatum.
556 1236 717 1306 Quocirca
757 1236 967 1306 mandamus,

176 1333 350 1408 quatenus,
373 1333 401 1392 si
418 1332 469 1393 est
482 1332 540 1404 ita,
556 1333 713 1393 revocato
727 1333 762 1392 in
778 1334 899 1394 statum
912 1332 971 1392 de-

174 1427 280 1490 bitum
302 1428 461 1505 quidquid
483 1430 557 1504 post
578 1428 834 1504 appellationem
850 1429 970 1505 hujus-

176 1526 267 1586 modi
308 1525 504 1585 inveneritis
539 1526 664 1586 temere
703 1526 899 1586 attentatum
934 1527 969 1586 in

176 1631 280 1682 cansa
301 1621 374 1698 ipsa
396 1623 494 1697 Juxta
521 1623 704 1698 primarum
731 1623 970 1684 continentiam

176 1719 375 1789 litterarum,
412 1719 634 1796 appellatione
673 1724 812 1791 remota,
840 1720 969 1782 ratione

174 1815 300 1891 praevia
333 1815 531 1892 procedatis.
562 1816 719 1893 Alioquin
749 1819 872 1892 partes
903 1820 967 1878 etc.

176 1913 300 1983 Testes
316 1915 377 1972 etc.
395 1913 484 1984 Quod
505 1913 532 1972 si
548 1929 613 1973 non
630 1930 753 1987 omnes,
773 1915 834 1975 etc.
851 1917 968 1976 Datum

176 2009 291 2080 Reate,
330 2012 405 2070 Vlll
437 2009 511 2072 idus
545 2011 745 2082 novembris,
789 2028 876 2074 anno
906 2013 968 2074 de-

177 2123 274 2168 emto.

558 2242 587 2327 L

164 2379 227 2442 'stu
239 2384 397 2455 priorem
410 2385 444 2443 S.
461 2384 573 2454 Petri,
588 2385 767 2444 certiorem
780 2386 814 2445 S.
829 2388 965 2456 Μανία,

215 2481 968 2554 decoctumS.ct⁴ttcisSturrapcnsiS,Sertoncrt·

214 2578 263 2636 sta
278 2578 444 2637 dioecesis.

441 2656 456 2710 7
471 2653 604 2712 novemb.
623 2655 700 2712 1225.

208 2775 327 2838 [Regcst.,
338 2775 383 2825 lib.
393 2777 425 2834 X,
436 2777 512 2840 epist.
524 2775 577 2825 too.
589 2777 646 2827 blss.
656 2779 692 2828 La
702 2779 779 2828 Porta
790 2777 825 2828 du
836 2779 929 2842 Thalli

173 2901 228 2956 Dat
249 2900 291 2955 eis
312 2899 487 2971 provinciam
511 2902 695 2958 examinandi
717 2917 834 2959 causam
858 2903 967 2960 Arnnlss

205 2987 300 3044 clerici
319 2989 511 3056 carnotensis,
527 2989 593 3044 olim
614 2991 642 3045 in
661 2989 734 3046 iurto
748 2991 890 3063 sacrilego
916 2990 965 3048 de-

161 3079 165 3084 ·
205 3073 349 3148 prehensi,
365 3075 415 3131 sed
431 3076 479 3147 qui
493 3085 591 3148 postea
611 3077 719 3134 litteras
734 3079 915 3150 apostolicas
931 3079 967 3136 ad

206 3161 454 3235 archiepiscopum
476 3163 682 3221 Bituricensem
709 3166 837 3238 aliosque
865 3167 965 3239 conju-

205 3249 292 3319 dices,
314 3249 384 3306 ialsa
405 3253 594 3323 suggestione
615 3251 784 3323 obtinuerat,
799 3253 880 3325 juxta
896 3269 967 3326 quas

206 3339 372 3411 episcopum
386 3339 590 3397 Garnotensem
602 3340 733 3397 vexabat.

207 3464 966 3544 Honorius,etc,dilectisliliis...prioriSancti

172 3561 301 3622 Petri...
323 3562 451 3622 cantori
466 3563 595 3623 Sanctae
609 3564 735 3636 Mariae,
754 3565 822 3625 et...
840 3565 965 3626 decano

173 3660 302 3719 Sanctae
318 3660 433 3719 crucis
455 3661 634 3736 Stampen,
658 3662 860 3722 senonensis
881 3663 965 3723 dioe-

171 3757 269 3827 cesis,
308 3757 449 3817 salutem
486 3758 519 3818 et
549 3757 772 3833 Apostolicam
807 3757 966 3819 benedic-

173 3850 308 3911 tionem.

212 3948 419 4022 Significavit
440 3951 534 4011 nobis
554 3951 755 4012 venerabilis
769 3953 872 4014 frater
885 3969 965 4014 nos-

158 4045 259 4105 ter...
280 4045 455 4122 episcopus
471 4048 696 4120 carnotensis,
714 4050 799 4126 quod
816 4067 891 4110 cum
901 4054 965 4110 Ar-

172 4141 283 4201 nullus
299 4142 440 4204 clericus
455 4143 491 4203 in
504 4143 591 4205 surio
608 4146 640 4205 et
655 4145 830 4220 sacrilegio
846 4148 964 4223 depre-

172 4237 305 4310 hensus
319 4241 351 4301 et
368 4255 479 4301 coram
495 4242 679 4303 venerabili
694 4242 797 4304 fratre
810 4245 960 4305 nostro...

172 4335 352 4396 Parisiensi
367 4337 521 4414 episcopo
532 4339 610 4399 tunc
619 4341 813 4402 carnotensi
825 4341 960 4414 decano,

171 4433 255 4493 sicut
274 4449 316 4493 ex
335 4434 455 4496 litteris
480 4436 626 4512 eJ'usdem
653 4438 841 4514 accepimus
864 4454 964 4514 super

171 4530 232 4590 hoc
257 4531 427 4592 convictus
452 4534 494 4592 et*
511 4533 748 4595 condemnatus
777 4533 905 4606 inisset,
931 4537 963 4597 et

170 4626 275 4687 eidem
293 4629 489 4690 carnotensi
506 4630 647 4690 traditus
661 4632 857 4706 puniendae,
875 4649 963 4708 prae-

169 4725 358 4785 nominatus
374 4728 412 4785 A.
429 4727 558 4788 reatum
577 4728 684 4802 prium
707 4744 959 4803 recognoscens,

169 4825 201 4881 et
215 4823 299 4882 tanti
313 4823 472 4883 facinoris
484 4841 615 4900 poenam
631 4825 726 4886 caute
740 4825 910 4887 declinans
926 4828 961 4887 in

168 4917 321 4978 manibus
332 4921 505 4982 memorati
517 4923 729 4982 carnotensis
740 4924 960 4998 praesentibus

169 5031 266 5091 quam
282 5017 446 5092 plurimis,
458 5011 605 5078 solemne
616 5021 728 5080 votum
742 5003 863 5092 emisit,
875 5022 959 5097 quod

169 5112 318 5173 ordinem
345 5115 598 5176 cisterciensem
619 5116 760 5178 intraret
783 5117 823 5177 ad
849 5119 959 5194 poeni-

168 5208 305 5269 tentiam
329 5211 563 5288 peragendam.
588 5215 695 5284 Quare
718 5213 804 5274 idern
830 5216 959 5275 carno-

168 5305 270 5365 tensis
287 5308 514 5370 ecclesiastica
529 5309 701 5382 beneficia,
719 5326 791 5387 quae
814 5310 870 5371 ille
896 5312 959 5371 ha-

168 5400 295 5474 buerat,
306 5407 458 5480 personis
470 5406 598 5467 idoneis
613 5409 711 5482 prout
728 5423 788 5468 sua
800 5408 960 5470 intererat

169 5500 328 5561 canonice
350 5502 524 5564 conferens
549 5505 743 5579 assignavit.
765 5505 827 5566 Sed
853 5505 959 5567 dictus

169 5598 204 5655 A.
233 5598 359 5674 proprii
383 5600 451 5661 voti
486 5603 716 5676 transgressor
745 5601 829 5664 salso
863 5603 958 5664 nobis

696 265 700 276 ’
794 259 1033 360 'aristeum
1058 302 1136 360 tin.
1160 301 1201 360 x.

1254 180 1260 223 l

1758 297 1818 358 oto

1025 459 1190 534 suggesto,
1208 457 1292 535 quod
1307 457 1694 535 saepedictusepiscopus
1706 456 1816 534 ipsum

1025 557 1098 616 siue
1113 571 1214 617 causa
1232 555 1424 616 rationabili
1445 556 1588 632 ceperat,
1609 556 1643 616 et
1662 555 1732 614 suis
1756 554 1817 614 be-

1024 654 1154 714 neflciis
1179 655 1295 713 contra
1320 653 1484 729 justitiam
1510 652 1670 728 spoliarat
1700 652 1815 712 eadem

1024 749 1102 809 aliis
1124 749 1323 810 conserendo
1342 765 1444 824 super
1462 749 1526 820 bis,
1544 749 1577 809 et
1599 749 1676 810 aliis
1700 749 1815 808 contra

1025 847 1175 906 eumdem
1198 848 1389 923 episcopum
1414 848 1458 907 M.
1475 845 1708 916 subdecanum,
1736 847 1814 907 Ste-

1024 941 1169 1018 phanum
1192 943 1476 1014 archidiaconum,
1493 945 1532 1002 A.
1548 942 1766 1018 capiceriam,
1782 941 1816 1002 et

1024 1037 1269 1099 matricularios
1281 1040 1500 1100 carnotenses
1513 1039 1546 1098 et
1560 1038 1718 1114 quosdam
1729 1037 1814 1098 alios

1024 1136 1178 1196 dioecesis
1198 1136 1411 1197 carnotensis
1429 1135 1470 1196 ad
1492 1134 1816 1210 archipresbyterum

1024 1233 1264 1293 Bituricensem
1280 1233 1313 1294 et
1326 1236 1399 1309 eJus
1413 1233 1559 1308 collegas
1574 1232 1705 1292 nostras
1720 1232 1814 1293 litte-

1024 1343 1079 1388 ras
1099 1328 1300 1404 impetravit,
1318 1317 1457 1405 quarum
1472 1329 1671 1389 auctoritate
1686 1327 1817 1403 episco-

1024 1441 1112 1500 pum,
1130 1425 1162 1486 et
1174 1425 1259 1486 alios
1274 1425 1482 1502 supradictos
1498 1423 1672 1500 multiplici
1694 1424 1817 1486 moles-

1023 1523 1149 1582 tatione
1182 1522 1309 1596 iatigat.
1341 1523 1391 1582 Ne
1418 1521 1521 1596 igitur
1551 1521 1660 1597 ipsius
1686 1519 1815 1581 falsitas

1023 1617 1158 1679 veritati
1183 1619 1387 1695 praejudicet,
1404 1617 1598 1679 discretioni
1617 1617 1735 1678 vestrae
1757 1631 1817 1692 per

1023 1715 1213 1791 apostolica
1229 1715 1352 1792 scripta
1371 1715 1577 1786 mandamus,
1594 1715 1768 1790 quatenus,
1786 1713 1816 1774 si

1023 1828 1078 1872 res
1091 1813 1138 1872 ita
1154 1828 1190 1872 se
1205 1813 1314 1883 babet,
1332 1829 1375 1873 ex
1390 1814 1482 1887 parte
1497 1813 1612 1873 nostra
1627 1811 1723 1872 dictis
1730 1811 1817 1887 judi·

1023 1909 1117 1970 cibus
1139 1909 1326 1970 inhibentes
1352 1925 1521 1985 expresse,
1549 1925 1592 1970 ne
1619 1892 1840 1970 auctoritato

1023 2006 1209 2068 litterarum
1238 2007 1384 2082 ipsarum
1413 2006 1448 2066 in
1477 2006 1609 2081 negotio
1637 2006 1817 2082 procedant

1023 2103 1151 2171 eodem,
1168 2104 1224 2164 sed
1251 2103 1407 2164 revocent
1428 2103 1548 2178 potius,
1570 2103 1599 2162 si
1622 2103 1761 2163 forsitan
1779 2104 1815 2162 in

1023 2200 1135 2276 aliquo
1158 2203 1402 2276 processerunt,
1419 2199 1569 2260 eumdem
1592 2197 1749 2259 clericum
1774 2199 1816 2259 ad

1023 2297 1270 2373 exsequendum
1295 2297 1406 2357 votum
1430 2297 1598 2364 emissum,
1619 2296 1816 2357 auctoritate
1884 2303 1885 2310 ’

1023 2393 1816 2470 nostra,sublatoappellationisobstaculo,com·

1022 2493 1166 2570 pellatis.
1193 2493 1283 2563 Quod
1311 2491 1339 2551 si
1365 2507 1431 2552 non
1461 2506 1585 2564 omues,
1609 2491 1812 2552 elebatum

1024 2591 1139 2662 Reate,
1156 2592 1215 2649 VII
1229 2589 1301 2648 idus
1313 2589 1514 2660 novembris,
1532 2605 1619 2649 anno
1635 2587 1772 2666 decimo.

1394 2848 1445 2933 LI

1048 2999 1100 3060 Ad
1114 2997 1268 3058 abbatem
1282 2997 1315 3058 ct
1331 2997 1537 3058 conventum
1555 2997 1673 3058 Soracte·
1686 2998 1790 3060 Petri

1300 3095 1533 3158 cornotensis.

1287 3221 1450 3280 dnovemh.
1469 3223 1547 3280 rtis.

1037 3344 1158 3409 [Regest.,
1173 3345 1220 3396 lib.
1240 3347 1272 3405 X,
1287 3347 1361 3411 epist.
1378 3347 1433 3397 dil,
1451 3347 1508 3396 ldss.
1520 3347 1556 3396 La
1570 3348 1646 3397 Parte
1657 3346 1690 3396 du
1704 3346 1797 3410 rhein]

1021 3471 1152 3544 Praecipit
1165 3471 1207 3528 eis
1221 3478 1251 3529 ut
1266 3471 1327 3544 ipse
1343 3479 1370 3528 et
1382 3471 1508 3528 decanus
1519 3471 1700 3529 carnotensis
1715 3485 1812 3527 coram

1055 3558 1216 3630 apostolica
1233 3558 1304 3615 Sede
1315 3563 1488 3630 praesentant
1502 3558 1624 3614 termino
1640 3557 1765 3630 praefixo,
1780 3564 1811 3614 ut

1054 3661 1140 3702 causa
1165 3647 1317 3717 quainter
1337 3647 1416 3717 ipsos
1438 3643 1625 3717 jamdudum
1649 3644 1812 3702 vertebatur

1055 3733 1120 3791 ilnis
1132 3735 1305 3806 imponatur.

1058 3860 1238 3925 Honorius,
1273 3859 1349 3930 etc,
1380 3857 1509 3918 dilectis
1538 3856 1616 3917 tiliis
1643 3855 1754 3917 abbati
1779 3859 1814 3918 et

1019 3956 1194 4017 conventui
1217 3953 1411 4016 monasterii
1439 3954 1551 4014 Sancti
1567 3951 1656 4014 Petri
1681 3955 1810 4014 carno-

1018 4053 1133 4123 tensis,
1151 4053 1304 4120 salutem,
1321 4051 1383 4112 etc.

1058 4150 1137 4210 cnm
1153 4164 1266 4219 causa,
1283 4165 1356 4225 quae
1371 4148 1459 4209 inter
1479 4163 1538 4210 vos
1559 4164 1601 4208 ex
1622 4149 1715 4224 parte
1729 4161 1807 4218 una,

1018 4248 1049 4307 et
1064 4247 1220 4308 dilectum
1231 4245 1336 4305 lilium
1349 4245 1510 4306 decanum
1522 4246 1756 4306 carnotensem
1767 4261 1810 4306 ex

1017 4343 1133 4414 altera,
1149 4359 1249 4419 super
1259 4343 1400 4402 diversis
1411 4341 1560 4403 articulis
1574 4341 1715 4404 vertitur
1730 4342 1809 4403 olim

1017 4440 1103 4501 inter
1118 4457 1177 4502 vos
1192 4456 1234 4501 ex
1249 4440 1432 4516 parietina,
1450 4442 1482 4501 et
1495 4439 1721 4502 venerabilem
1737 4439 1810 4500 lra—
1888 4452 1892 4460 ·

1016 4537 1099 4599 trem
1113 4539 1261 4599 nostrum
1274 4537 1497 4598 parisiensem
1514 4538 1714 4613 episcopum,
1731 4538 1810 4597 tunc

1016 4636 1252 4696 carnotensem
1281 4634 1454 4706 decanum,
1482 4649 1526 4693 ex
1551 4634 1666 4702 altera,
1697 4647 1808 4693 coram

1015 4729 1199 4792 venerabili
1223 4729 1325 4790 fratre
1340 4734 1491 4790 nostro...
1514 4727 1694 4788 albanensi
1717 4729 1808 4803 epis-

1016 4844 1097 4904 copo
1122 4843 1142 4888 a
1171 4826 1265 4887 uobis
1294 4825 1442 4904 partibus
1471 4825 1623 4885 auditore
1651 4840 1809 4886 concesso

1015 4923 1221 5002 aliquamdiu
1249 4924 1374 4999 agitata
1400 4922 1526 4994 luisset,
1559 4921 1692 4982 tandem
1719 4922 1806 4983 dicto

1015 5022 1140 5082 decano
1153 5019 1805 5098 inepiscopumParisiensemassumpto,
1859 5054 1863 5073 .

1014 5117 1199 5179 venerabili
1212 5117 1307 5178 l'ratri
1321 5115 1471 5178 nostro...
1486 5115 1639 5192 sagiensi
1654 5117 1809 5193 episcopo

1015 5219 1047 5277 et
1062 5215 1199 5290 collegis
1216 5214 1321 5290 ipsius
1337 5213 1459 5275 nostris
1473 5213 1625 5274 dedimus
1638 5213 1759 5275 litteris
1774 5215 1808 5274 in

1015 5313 1190 5383 mandatis,
1200 5314 1234 5372 ut
1245 5313 1417 5389 postquam
1426 5311 1571 5372 decanus
1582 5313 1669 5372 esset
1678 5311 1806 5372 indicta

1014 5408 1809 5484 ecclesiasubstitutusbienniumproximosecu·

1013 5509 1125 5568 turum
1140 5507 1289 5583 partibus
1302 5507 1480 5567 terminum
1496 5505 1706 5582 praeugerent
1720 5504 1808 5567 inira

1014 5620 1109 5681 quem
1126 5620 1241 5681 pacem
1260 5605 1348 5665 iuter
1363 5621 1400 5665 se
1423 5604 1463 5664 ad
1489 5602 1631 5663 invicem
1646 5601 1810 5664 reforma-
