4244 6374
1721 353 1783 413 co
1912 310 1915 323 ’

132 349 193 417 cll
739 349 970 414 EPISTOLAE.
990 353 1069 414 LlB.
1094 351 1179 415 VIII.

132 507 274 572 reddent
302 510 337 572 et
367 511 492 586 gratia,
528 509 736 588 Heremoque
758 511 928 588 ‘praedicto
982 510 1183 582 inhibemus,
1196 510 1365 574 neoontra
1378 525 1437 570 vos
1450 525 1470 572 a
1484 509 1633 586 regulari
1648 525 1781 577 correc-

24 609 26 616 '
133 607 301 668 universis
327 607 612 670 contribuentibus
641 608 843 680 consuletur,
867 625 929 670 nec
983 608 1073 670 tione
1084 607 1232 685 praedicti
1248 607 1384 669 abbates
1397 607 1430 668 et
1441 608 1570 684 priores
1583 608 1783 686 appellatio-

41 1347 47 1354 .
132 1287 252 1350 debeat
279 1289 422 1364 compati
455 1289 568 1365 capiti,
594 1292 732 1366 ejusque
755 1289 843 1351 aldci
868 1305 931 1350 an-

132 706 183 766 ais
222 705 287 766 erit
323 703 506 766 subsidium
541 703 731 782 hujusmodi
772 706 929 782 partitum
983 706 1036 766 nis
1060 706 1267 768 obstaculum
1291 708 1416 768 temere
1438 705 1661 782 interponant.
1689 707 1781 768 Nulli

132 817 194 877 per
217 801 366 876 singulos
385 802 427 862 ad
446 817 638 878 gravamen.
660 803 752 876 Quod
777 804 806 864 si
828 803 928 865 iidem
984 817 1075 878 ergo,
1096 803 1172 876 etc„
1195 803 1317 864 nostrae
1338 801 1559 873 inhibitionis,
1580 804 1643 864 etc.
1661 805 1781 866 Datum

131 898 228 960 vobis
249 913 315 960 non
340 898 569 976 acquieverint
588 901 623 960 in
647 900 711 962 hac
728 902 831 977 parte,
854 917 929 962 cum
984 899 1152 970 Laterani,
1182 899 1292 961 idibus
1318 899 1409 971 maii,
1435 899 1647 976 pontificatus
1676 901 1782 963 nostri

131 995 292 1068 membra,
307 1011 380 1073 quae
394 997 513 1073 capitis
528 997 676 1059 dolorem
689 1013 755 1060 non
769 997 927 1070 sentiunt,
984 1012 1074 1058 anno
1087 999 1217 1059 octavo.

132 1093 265 1169 stupida
290 1093 358 1154 sint
380 1094 547 1155 censenda
561 1095 615 1156 vel
637 1110 656 1155 a
681 1109 818 1172 corpore
834 1111 930 1172 pere-

131 1191 241 1265 grina,
267 1190 345 1250 dum
369 1192 510 1253 nonest
534 1191 728 1264 membrum,
752 1192 839 1274 quod
863 1207 929 1253 non
1299 1165 1472 1252 CCXXII

1073 1318 1124 1376 Ad
1135 1316 1390 1377 mortostert'um
1402 1317 1521 1377 Sancti
1537 1319 1687 1394 Georgii.

131 1385 264 1460 gustiis,
277 1385 310 1448 et
318 1387 532 1462 passionibus
543 1387 720 1449 condolere
733 1389 848 1450 contra
859 1403 927 1460 eoa,
1378 1445 1394 1458 ,,

132 1483 189 1558 qui
211 1483 365 1558 poterant
383 1482 494 1545 iacere
508 1483 549 1544 de
562 1483 760 1546 necessitate
774 1485 930 1547 virtutem
1280 1446 1313 1504 ¹⁷
1329 1461 1395 1504 ¹¹¹⁸¹¹
1417 1445 1497 1504 Μ·

130 1579 166 1641 et
180 1579 333 1642 meritum
348 1579 412 1640 sibi
425 1595 468 1642 ex
484 1579 594 1642 debito
609 1595 815 1658 comparare,
837 1582 929 1643 aliud
1106 1567 1261 1634 [⁰⁰¹¹¹⁰¹³¹²⁵»
1274 1569 1394 1620 ΝΜ
1403 1569 1517 1623 Veneta.
1527 1569 1593 1628 vill,
1603 1569 1673 1631 Μ]

131 1692 234 1753 super
243 1677 306 1738 hoc
317 1677 493 1753 disponere
505 1678 751 1759 compellemur.
769 1682 931 1753 Quocirca
986 1675 1191 1735 Mossttleriffln
1206 1675 1235 1734 S·
1253 1675 1381 1748 ὒθθῑείῑ,
1396 1675 1471 1748 quod
1487 1683 1532 1734 0⁸1
1543 1677 1717 1750 aimmiuxti
1730 1681 1783 1738 Ve-

131 1773 327 1835 discretioni
352 1776 472 1837 vestrae
503 1791 563 1852 per
590 1777 779 1854 apostoliea
807 1779 931 1855 scripta
1022 1763 1123 1832 ⁰⁰²¹³⁸2
1135 1763 1273 1822 mudum
1290 1763 1418 1836 suscipit,
1431 1771 1516 1836 eque
1531 1765 1594 1838 eills
1615 1765 1690 1824 [³⁰⁰⁸
1715 1783 1781 1826 0⁰11·

131 1870 340 1943 mandamus,
361 1871 525 1948 quatenus
551 1873 706 1950 prelatos
727 1874 762 1937 et
782 1874 931 1937 subditos
1021 1852 1126 1910 fl‘ffl‘·

132 1967 331 2043 saepedictos
346 1969 387 2030 ad
404 1969 437 2030 id
453 1971 616 2032 moneatis
636 1972 793 2034 attentius
811 1971 933 2035 etalii·
1026 1969 1194 2031 Honorius
1229 1969 1417 2047 episcopus,
1454 1987 1571 2032 servus
1609 1987 1781 2036 sorvorum

132 2064 259 2126 caciter
278 2065 456 2127 inducatis.
483 2067 573 2139 Quod
598 2068 626 2128 si
648 2083 714 2129 non
736 2083 853 2130 omnes
877 2069 931 2131 bis
987 2067 1057 2138 bei,
1075 2066 1205 2129 dilectis
1227 2066 1306 2128 tiliis
1326 2067 1430 2128 Paulo
1452 2067 1563 2132 abbati
1587 2071 1783 2134 monasterii

131 2162 353 2237 exsequendis
376 2163 550 2240 potueritis
571 2164 745 2238 interesse,
767 2165 833 2228 duo
855 2182 932 2228 ves-
988 2165 1101 2226 Sancti
1114 2164 1259 2241 Georgii,
1277 2164 1363 2242 quod
1379 2167 1430 2226 est
1445 2165 1658 2254 situm'jurrta
1673 2171 1784 2230 Vene—
1877 2163 1882 2178 '

129 2258 220 2319 trum
242 2273 282 2319 ea
300 2258 518 2321 nihilominus
546 2263 783 2339 exsequantur.
813 2264 931 2326 Datum
986 2261 1068 2334 tias,
1097 2264 1236 2339 ejusque
1264 2261 1424 2324 iratribus
1459 2263 1527 2324 tam
1563 2257 1783 2341 praesentibus

129 2355 303 2428 Laterani,
328 2355 438 2418 idibus
465 2359 563 2432 maii,
586 2359 798 2436 pontificatus
822 2362 931 2424 nostri
987 2359 1230 2436 quamluturis,
1247 2359 1438 2436 regularem
1452 2361 1555 2423 vitam
1570 2362 1729 2438 protessis
1750 2365 1782 2424 in

133 2467 223 2513 anno
239 2455 366 2514 octavo.

460 2642 610 2731 CCXXI

132 2783 185 2843 Ad
196 2783 353 2858 priorem
369 2784 404 2846 et
418 2787 626 2848 concentum
643 2789 929 2850 Cartzolduienses.

431 2905 448 2960 5
462 2906 531 2962 maii
547 2905 625 2964 1223.

211 3017 363 3082 mittarelli,
377 3019 470 3069 Aund.
484 3019 638 3080 (lamaldul.,
653 3021 695 3080 lv.

131 3132 246 3192 inhibet
265 3147 301 3190 ne
319 3140 418 3192 contra
437 3149 488 3192 eos
508 3149 525 3192 a
545 3135 671 3210 regulari
689 3137 866 3195 correctione
880 3137 930 3197 ab·

167 3221 252 3280 butes
266 3222 311 3278 vel
324 3221 434 3294 priores
447 3222 541 3280 ordini
556 3237 655 3282 eorum
670 3224 789 3298 subjecti
805 3227 930 3300 appella·

167 3311 256 3369 tionis
270 3311 449 3368 obstaculum
464 3318 572 3369 temere
587 3312 778 3386 interponant.

170 3427 343 3488 Honorius
355 3428 541 3505 episcopus,
550 3445 667 3492 servus
677 3446 849 3494 servorum
861 3433 931 3506 bei,

93 3563 98 3578 .
128 3523 263 3586 dilectis
287 3523 403 3585 liliis...
424 3526 529 3602 priori
555 3529 589 3589 et
605 3529 782 3590 conventui
801 3531 934 3591 Gamal-

128 3621 215 3693 dul.‚
229 3620 368 3684 salutem
379 3623 642 3699 etApostolicam
655 3625 930 3688 benedictionem.

170 3719 339 3795 Experto
362 3721 474 3781 vestra
500 3720 564 3782 tuit
589 3723 794 3799 propositum
820 3739 933 3786 coram

131 3815 241 3886 nobis,
263 3815 349 3892 quod
373 3814 566 3893 frequenter
589 3818 721 3890 accidit,
748 3821 835 3896 quod
858 3836 933 3882 cum

131 3913 264 3989 aliquos
290 3913 392 3974 vultis
419 3912 555 3976 abbates
582 3931 641 3976 seu
667 3917 796 3994 priores
823 3917 933 3979 ordini

131 4011 244 4071 vestro
267 4009 432 4084 subjectos
453 4025 608 4072 amovere
623 4026 642 4072 a
656 4015 933 4075 monasteriorum

131 4105 306 4181 regimine,
324 4105 378 4166 vel
400 4106 440 4168 de
462 4107 531 4168 suis
546 4109 738 4171 excessibus
754 4111 931 4186 castigare,

132 4197 218 4259 sicut
254 4197 403 4274 ejusdem
437 4199 577 4274 exigunt
607 4202 734 4264 ordinis
767 4204 931 4278 instituta,

131 4293 247 4368 iidem,
264 4296 302 4355 ut
316 4295 511 4356 canonicam
527 4299 767 4362 correctionem
783 4301 930 4376 eludant,

131 4389 167 4452 in
191 4405 308 4455 vocem
330 4391 565 4468 appellationis
590 4395 718 4458 triveles
746 4413 823 4460 mox
849 4416 931 4476 pro-

130 4488 303 4565 rumpunt,
318 4489 494 4551 occasione
516 4491 707 4568 hujusmodi
722 4511 781 4556 vos
803 4497 836 4558 et
856 4513 931 4558 mo-

131 4583 284 4646 nasteria
319 4588 443 4659 vestra,
475 4603 549 4665 ques
582 4605 603 4650 a
636 4589 730 4651 vobis
764 4592 930 4667 tenentur,

132 4681 247 4743 multis
280 4684 437 4759 expensis
472 4687 505 4746 et
538 4685 708 4748 laboribus
741 4687 930 4766 fatigantes.

134 4780 244 4851 Quare
259 4777 431 4840 humiliter
445 4781 669 4858 supplicastis,
685 4787 721 4846 ut
733 4801 807 4846 cum
827 4786 878 4847 illi
891 4787 931 4848 ad

106 4955 110 4964 ,
134 4874 362 4936 detonsionem
382 4877 569 4953 iniquitatis
589 4884 761 4960 usurpent,
782 4884 868 4960 quod
891 4885 932 4945 ad

134 4973 327 5048 praesidium
337 4971 565 5035 innocentium
578 4975 785 5053 dignoscitur
797 4979 934 5044 institu-

133 5067 214 5142 tum,
229 5067 278 5130 eis
294 5069 483 5146 appellandi
505 5072 617 5134 taliter
640 5075 765 5138 aditum
786 5079 931 5154 praeclu-

133 5163 212 5226 dere
245 5166 471 5242 dignaremur.
514 5169 599 5243 Quia
633 5187 713 5248 ergo
751 5175 838 5237 sicut
872 5192 933 5238 neo

134 5260 265 5338 praelati
277 5261 392 5324 valent
404 5262 476 5324 sina
489 5279 591 5326 causa
602 5281 743 5342 gravare
754 5269 931 5347 subjectos

134 5355 183 5416 sic
196 5373 257 5418 nec
270 5356 393 5419 subditi
408 5376 467 5435 pro
481 5362 552 5422 sola
562 5364 732 5426 voluntate
745 5366 806 5427 sub
818 5368 934 5445 appel-

987 2457 1195 2534 perpetuum.

1028 2554 1097 2614 Piae
1121 2552 1302 2629 postulatio
1327 2553 1509 2616 voluntatis
1537 2554 1659 2617 effectu
1688 2556 1785 2618 debet

988 2653 1208 2738 prosequente
1220 2651 1391 2728 compleri,
1407 2653 1569 2728 quatenus
1584 2655 1617 2713 et
1629 2653 1783 2716 devotio-

987 2749 1040 2809 nis
1055 2748 1231 2809 sinceritas
1250 2748 1465 2810 laudabiliter
1479 2749 1651 2818 enitescat,
1666 2752 1699 2811 et
1717 2753 1785 2813 uti-

988 2845 1065 2906 litas
1081 2842 1248 2919 postulata
1264 2844 1354 2904 vires
1379 2843 1607 2906 indubitanter
1622 2847 1781 2908 assumat.

988 2942 1182 3017 Eapropter‚
1210 2921 1332 3002 dilecti'
1346 2940 1382 3001 in
1406 2943 1546 3003 Domino
1569 2942 1642 3014 lilii,
1663 2945 1784 3006 vestris

713 3034 772 3086 ‘ll'-
787 3023 854 3087 ²⁶²]
983 3039 1085 3116 justis
1102 3037 1382 3114 postulationibus
1398 3039 1578 3102 clementer
1593 3042 1782 3114 annuimus,

988 3135 1021 3198 et
1044 3133 1217 3212 praelatum
1244 3135 1481 3200 monasterium
1508 3139 1541 3198 S.
1570 3139 1717 3214 Georgii,
1748 3141 1783 3201 in

988 3249 1052 3310 quo
1079 3233 1192 3295 divino
1220 3234 1301 3296 estis
1322 3234 1481 3311 obsequio
1507 3236 1705 3312 mancipati,
1742 3237 1784 3300 ad

989 3330 1160 3408 exemplar
1170 3330 1278 3393 felicis
1288 3332 1531 3394 recordationis
1544 3333 1664 3396 calixti
1676 3350 1782 3413 papae,

988 3429 1243 3506 praedecessoris
1274 3428 1396 3502 nostri,
1425 3429 1487 3490 sub
1511 3429 1600 3492 beati
1627 3433 1718 3494 Petri
1751 3435 1785 3495 et

988 3527 1102 3587 nostra
1116 3527 1321 3603 protectione
1338 3527 1539 3604 suscipimus
1557 3531 1590 3590 et
1606 3530 1783 3604 praesentis

989 3623 1104 3699 scripti
1128 3624 1326 3700 patrocimio
1347 3625 1600 3697 communimus,
1616 3625 1784 3702 inprimis

989 3720 1151 3798 siquidem
1176 3721 1372 3792 statuentes,
1394 3723 1431 3783 ut
1456 3721 1537 3783 ordo
1566 3725 1781 3800 monasticus,

988 3817 1046 3895 qui
1065 3817 1248 3878 secundum
1270 3821 1373 3879 baum
1392 3820 1426 3879 et
1439 3818 1528 3880 beati
1547 3820 1717 3883 Benedicti
1733 3837 1785 3882 re-

988 3915 1100 3990 gulam
1114 3915 1150 3975 in
1165 3914 1281 3975 eodem
1296 3916 1498 3976 monasterio
1523 3915 1694 3978 institutus
1709 3933 1783 3981 esse

988 4012 1205 4087 dignoscitur,
1235 4012 1403 4088 perpetuis
1425 4011 1546 4074 ibidem
1577 4014 1783 4091 temporibus

988 4108 1227 4170 inviolabiliter
1253 4108 1459 4171 observetur.
1487 4111 1654 4173 Praeterea
1675 4128 1781 4190 quas·

988 4221 1129 4283 cumque
1161 4207 1411 4282 possessiones,
1446 4223 1662 4287 quaecumque
1696 4211 1784 4274 bona

987 4303 1076 4366 idem
1087 4304 1324 4366 monasterium
1340 4304 1374 4365 in
1387 4307 1641 4382 praesentiarum
1650 4309 1740 4385 juste
1751 4309 1784 4372 et

988 4401 1149 4463 canonice
1168 4401 1325 4478 possidet,
1343 4404 1403 4465 aut
1425 4403 1460 4464 in
1479 4402 1626 4466 futurum
1650 4421 1784 4469 conces·

988 4498 1082 4559 sione
1119 4499 1329 4571 Pontificum,
1370 4499 1549 4576 largitione
1585 4518 1702 4578 regum
1729 4503 1782 4565 vel

988 4595 1187 4673 principum,
1199 4594 1365 4658 oblatione
1380 4597 1538 4670 fidelium,
1553 4614 1613 4660 seu
1626 4599 1702 4660 aliis
1712 4603 1783 4677 jus·

987 4687 1031 4754 tis
1057 4692 1174 4766 modis,
1200 4693 1381 4770 praestante
1402 4695 1554 4765 Domine,
1569 4697 1690 4771 poterit
1709 4696 1784 4757 adi-

988 4789 1082 4866 pisci,
1100 4791 1194 4850 iirma
1208 4789 1302 4852 vobis
1321 4791 1508 4867 vestrisque
1533 4794 1782 4854 successoribus

988 4889 1021 4948 et
1033 4887 1161 4948 illibata
1177 4888 1414 4963 permaneant3
1432 4889 1466 4948 in
1482 4887 1600 4966 quibus
1613 4889 1685 4950 baec
1699 4905 1782 4967 pro-

988 4984 1071 5061 priis
1093 4983 1249 5044 duximus
1268 4985 1486 5061 exprimenda
1507 4984 1698 5047 vocabulis:
1718 4989 1784 5049 Lo-

988 5097 1062 5142 cum
1087 5081 1207 5158 ipsum,
1224 5081 1259 5141 in
1272 5097 1337 5157 quo
1354 5080 1528 5158 praelatum
1545 5083 1783 5146 monasterium

988 5178 1087 5239 situm
1103 5177 1165 5250 est,
1183 5193 1257 5239 cum
1272 5179 1482 5254 pertinentiis
1496 5180 1577 5251 suis,
1597 5181 1783 5257 possessio·

988 5290 1059 5347 nes,
1072 5277 1192 5348 terras,
1210 5275 1324 5336 domos
1339 5279 1371 5338 et
1383 5275 1543 5348 redditus,
1556 5293 1638 5354 quos
1652 5278 1782 5341 habetis

987 5373 1191 5445 invenatiis,
1199 5372 1332 5434 vineam
1347 5373 1512 5436 muratam
1525 5389 1599 5436 cum
1611 5377 1783 5452 pertinen-

135 5450 270 5514 lationis
293 5454 428 5518 obtentu
452 5461 692 5522 correctionem
707 5467 934 5538 possuntelu-
987 5470 1044 5530 tiis
1072 5471 1153 5540 suis,
1187 5469 1472 5546 possessionibusq
1503 5473 1623 5540 terras,
1650 5473 1779 5546 vineas,

135 5545 216 5608 dere
240 5551 469 5626 praelatorum,
493 5558 612 5618 vestris
634 5559 932 5636 supplicationibus
988 5567 1127 5638 salinas,
1139 5565 1265 5638 domos,
1282 5567 1315 5628 et
1327 5566 1487 5640 redditus,
1504 5583 1587 5644 quos
1602 5568 1732 5631 nabotis
1746 5571 1782 5632 in

136 5642 298 5719 inclinati,
311 5651 508 5714 auctoritate
520 5656 733 5730 praesentium
748 5657 932 5722 districtius
988 5663 1082 5724 Cluia
1103 5664 1222 5740 majori
1244 5665 1296 5724 vel
1318 5665 1438 5727 minori
1464 5666 1669 5740 Palestrina3
1689 5668 1783 5744 quic·
1835 5679 1838 5688 ’

261 5791 376 5835 resnou.
395 5794 468 5836 retra
483 5785 531 5841 lV.
1581 5797 1614 5856 st
