4244 6374
167 344 227 402 537
257 343 278 369 ³

167 500 307 562 clericos
321 497 564 575 θιιιιθᾱὶιιοιιιιι
610 523 622 548 ι
635 508 767 584 aar&
839 492 911 566 riis,
929 490 962 554 et

166 596 471 657 aiiissaecularibus
487 592 717 655 exactionibus
736 507 942 671 ami-21,
989 674 991 677 ι

165 694 323 755 molestas
345 694 377 754 et
392 694 508 754 contra
522 691 635 751 divina
658 691 692 750 et
719 690 865 749 humana
887 685 960 748 sta·
992 749 993 752 ,

165 792 237 853 tuta
250 793 285 852 in
301 791 456 852 saeculari
483 787 654 864 compellis
666 787 793 864 judicio
822 800 961 862 respon-

166 888 255 950 dere.
271 891 378 959 Quum
393 888 504 949 autem
532 886 605 946 haec
620 885 739 946 salutis
753 883 814 945 tibi
829 881 962 960 pariant

166 984 411 1057 detrimentum,
428 985 461 1046 et
480 999 541 1044 nos
555 999 618 1060 quo
639 981 803 1043 sincerius
825 983 858 1043 te
880 980 960 1041 diii-

165 1083 284 1157 gimns
297 1097 336 1142 eo
356 1081 514 1142 libentius
540 1095 700 1141 reuocare
721 1078 753 1140 te
782 1078 823 1138 ab
843 1077 961 1154 hujus-

164 1179 250 1240 modi
265 1181 449 1255 cnpiamus
467 1177 680 1239 serenitatem
710 1176 838 1250 regiam
860 1189 960 1249 roga-

166 1293 250 1348 mus
265 1273 436 1338 menemus
449 1276 482 1336 et
497 1275 670 1336 hortamur
685 1275 822 1344 attente,
837 1272 957 1348 quate-

166 1390 229 1434 nus
248 1390 289 1434 ne
309 1375 424 1434 contra
449 1375 483 1434 te
506 1371 591 1432 iram
618 1373 691 1447 ejus
717 1371 774 1447 qni
799 1368 960 1430 transfert

165 1487 279 1547 regna,
297 1475 330 1533 et
342 1471 494 1547 spiritum
510 1469 619 1531 aufert
635 1469 960 1548 principumprovo-

166 1570 237 1631 cari
263 1567 501 1643 contingatur
522 1567 574 1627 bis
603 1566 715 1628 taliter
727 1565 956 1644 conquiescas,

165 1665 251 1742 quod
266 1666 299 1728 et
313 1665 460 1726 diuinam
473 1663 594 1724 exinde
608 1663 715 1724 vitare
730 1663 838 1738 possis
852 1661 959 1724 offen-

165 1779 248 1835 sam,
269 1763 303 1824 et
327 1779 390 1824 nos
412 1764 527 1823 contra
553 1776 729 1838 personam
747 1761 849 1832 tuam,
878 1761 957 1822 tan-
990 1769 991 1772 ’

165 1876 264 1937 quam
277 1860 362 1922 veiis
376 1861 412 1920 in
424 1859 725 1921 ecclesiasticarum
740 1872 958 1934 personarum

165 1956 322 2019 delectari
336 1959 528 2034 gravamine
546 1973 614 2018 non
629 1956 806 2034 possimus,
823 1955 909 2031 quod
924 1955 958 2015 te

165 2071 307 2130 gravare
323 2055 439 2117 debeat
464 2055 621 2130 cogitare.
642 2055 762 2116 Datum
788 2051 955 2122 Laterani,

164 2154 195 2211 X
205 2151 366 2214 kalendas
379 2153 501 2225 martii,
512 2167 599 2212 anno
613 2151 741 2212 octavo.

484 2454 640 2541 CXXVI

302 2609 354 2668 Ad
372 2608 514 2667 Erimon
538 2620 657 2680 recem
679 2604 815 2665 Soetz'oe.

419 2746 455 2803 20
469 2743 602 2802 februarii
618 2744 697 2801 1224,

239 2869 384 2934 [Liljcgram
394 2869 511 2919 swenskt
526 2833 642 2933 diplom,
654 2867 686 2926 li,
700 2865 756 2924 239,
769 2881 795 2914 n.
808 2865 876 2930 tid]

163 2999 198 3055 Ut
223 2995 360 3068 quiescat,
385 2993 553 3051 vacantibus
579 2992 778 3065 episcoporum
803 2992 887 3063 regni
911 2991 956 3048 sui

198 3083 336 3152 ecclesiis,
350 3082 424 3140 bona
442 3095 540 3139 earum
557 3080 695 3138 violenter
709 3094 848 3152 usurpare
863 3086 891 3136 et
911 3080 952 3136 di-

197 3173 299 3246 ripere.

202 3300 264 3370 Qui
286 3297 416 3375 paravit
435 3298 470 3356 in
492 3296 575 3358 coeio
600 3295 711 3356 sedem
733 3311 838 3369 suam,
861 3297 895 3358 et
918 3296 953 3356 in

161 3411 264 3472 regno
292 3395 464 3456 hominurn
493 3393 697 3464 dominatur,
723 3392 879 3468 dignatus
905 3393 956 3455 est

161 3493 377 3554 habitationis
392 3493 477 3563 loca,
490 3492 649 3553 ecclesias
665 3490 821 3551 videlicet
832 3490 866 3552 in
880 3491 956 3566 qui-

160 3591 222 3652 bus
237 3607 357 3652 nomen
375 3590 547 3651 invocetur
568 3590 686 3665 ipsius,
704 3589 791 3649 inter
803 3589 955 3649 homines

161 3689 322 3760 obtinere,
346 3703 429 3764 quas
453 3687 565 3764 utique
586 3702 626 3747 ac
646 3701 805 3762 personas
826 3686 956 3747 consis-

160 3789 266 3848 tentes
288 3786 324 3845 in
345 3785 427 3860 ipsis
449 3784 570 3855 cuncti,
586 3784 641 3860 qui
662 3783 847 3844 christiana
871 3799 954 3860 pro-

160 3884 304 3945 fessione
317 3882 505 3953 censentur,
516 3880 636 3966 debent
650 3895 710 3956 pro
719 3880 840 3942 Christi
858 3895 956 3940 reve-

160 3981 268 4042 rentia
288 3979 447 4051 revereri,
466 3979 500 4040 et
520 3994 588 4039 non
610 3977 716 4038 solum
738 3977 780 4038 ab
805 3978 955 4054 ipsarum

160 4079 295 4154 injuriis
319 4077 499 4148 abstinere,
523 4091 639 4136 verum
666 4075 765 4136 etiam
788 4074 864 4136 aliis
885 4075 954 4136 suis

160 4173 414 4254 injuriatoribus
427 4172 575 4240 obviare,
592 4188 692 4248 quum
706 4171 793 4236 idem
804 4172 954 4232 Christus

159 4274 195 4333 in
210 4288 324 4334 aarum
344 4270 504 4332 honorari
522 4269 650 4331 honora
665 4284 700 4330 se
715 4269 856 4346 reputet,
873 4272 905 4330 et
919 4270 954 4330 in

159 4369 312 4432 molestia
336 4366 518 4428 molestari.
548 4366 596 4427 Ad
623 4366 771 4429 nostram
795 4381 875 4426 sane
893 4381 955 4427 au-

160 4467 318 4528 dientiam
339 4465 436 4541 regni
450 4464 500 4525 tui
524 4463 690 4540 episcopis
708 4463 954 4524 insinuantibus

160 4565 211 4626 est
222 4563 379 4634 delatum,
397 4562 483 4638 quod
500 4560 696 4622 vacantibus
716 4576 831 4621 eorum
846 4560 955 4621 eccle-

159 4661 230 4733 siis,
262 4675 344 4738 quas
370 4660 480 4721 alieno
507 4659 586 4720 tunc
615 4656 802 4734 indigentes
827 4656 954 4718 auxilio

159 4758 297 4820 deberes
312 4773 354 4818 ne
370 4755 404 4817 in
418 4755 514 4816 bonis
528 4756 597 4816 suis
608 4756 802 4832 paterentur
814 4754 952 4830 dispen-

159 4857 250 4916 dium
263 4855 449 4925 deiensare‚
461 4852 548 4915 bona
558 4853 674 4914 eadem
687 4853 850 4915 violenter
861 4868 955 4912 usur-

159 4968 229 5029 pas,
247 4953 279 5014 et
291 4966 352 5028 pro
368 4953 424 5012 tua
440 4948 558 5024 diripis
571 4948 752 5020 voluntate,
769 4948 855 5025 quod
876 4948 953 5024 qui-

159 5050 232 5111 dem
246 5049 314 5110 tam
332 5061 466 5110 enorme
481 5045 580 5122 parit,
593 5046 629 5107 ut
642 5045 792 5121 praedicti
807 5045 954 5122 episcopi

768 331 997 394 EPISTOLAE.

1022 331 1100 390 nin.
1121 293 1209 393 ιιιιι.
1227 307 1233 355 ¹
1752 337 1812 397 538

1017 489 1238 552 serenitatem
1269 490 1361 551 tuam
1388 504 1571 562 monemus,
1599 508 1756 570 rogamus
1780 495 1814 558 et

1025 608 1052 621 ··
1100 603 1188 651 nin
1211 587 1347 660 attente,
1372 589 1545 664 quatenns,
1572 603 1625 651 ne*
1640 593 1755 654 contra
1779 593 1813 654 te

1194 674 1195 677 ’
1416 708 1423 720 ·
1497 702 1593 759 ena,
1610 690 1643 750 et
1658 690 1813 766 spiritum

1769 786 1810 847 ab

1016 755 1125 842 aufert
1148 782 1201 856 pri
1232 822 1238 835 .

1015 878 1068 938 bis
1088 879 1200 940 taliter
1219 881 1435 955 conquiescas
1456 895 1535 957 quo·
1564 910 1574 934 ·.
1626 920 1631 931 ·

1015 976 1124 1052 possis
1151 977 1207 1052 qui
1231 992 1275 1037 ex
1298 977 1361 1038 boc
1390 978 1615 1040 concitaretur
1643 966 1837 1041 declinare¹

1014 1073 1172 1146 furorem,
1190 1076 1223 1135 et
1244 1091 1304 1134 nos
1328 1077 1445 1136 contra
1465 1075 1498 1160 ta
1521 1077 1680 1152 tanquam
1703 1077 1812 1138 eccle-

1015 1169 1227 1231 siasticorum
1250 1172 1438 1232 invasorem
1459 1171 1620 1234 bonorum
1651 1173 1810 1248 cogitare,

1015 1267 1100 1342 quod
1132 1283 1235 1343 grave
1255 1268 1316 1329 tibi
1347 1269 1517 1341 existeret,
1545 1285 1613 1331 non
1641 1284 1809 1344 cogamur.

1014 1364 1134 1424 Datum
1154 1367 1191 1425 ut
1209 1379 1321 1441 supra.

1323 1641 1500 1729 CXXVII

1013 1800 1065 1858 Act
1095 1800 1250 1860 abbatem
1277 1802 1495 1872 Anemoreia,
1527 1805 1666 1862 Precen.
1693 1804 1803 1876 dimo,

1052 1899 1332 1958 archidiaconum
1349 1898 1384 1958 et
1401 1900 1569 1958 decanum
1583 1901 1619 1961 S.
1640 1901 1805 1974 scapnam

1053 1994 1193 2053 Trecen.

1268 2069 1303 2126 20
1321 2067 1455 2126 februarii
1476 2070 1554 2128 reat.

1045 2193 1164 2255 [Rogest.,
1177 2192 1347 2257 lib.V111,ep.
1358 2192 1413 2243 233.
1428 2193 1484 2243 bias.
1499 2195 1534 2244 La
1545 2195 1620 2244 Porta
1633 2195 1668 2245 du
1681 2195 1774 2259 rhen]

1012 2317 1127 2375 Mandat
1151 2325 1181 2374 ut
1204 2319 1233 2374 in
1253 2332 1340 2375 causa
1363 2319 1435 2376 inter
1457 2319 1690 2377 archidiaconum
1715 2322 1805 2380 Seno·

1048 2420 1166 2462 oensem
1183 2413 1211 2462 et
1226 2405 1358 2463 abbatem
1374 2421 1406 2464 ac
1421 2415 1593 2465 conventum
1606 2409 1635 2466 S.
1654 2409 1729 2467 Petri
1741 2409 1808 2470 Vivi

1048 2493 1191 2550 Senonas.
1208 2495 1373 2566 procedant.

1052 2620 1230 2691 Honorius,
1247 2622 1323 2692 etc„
1344 2620 1474 2683 dilectis
1490 2621 1569 2682 filiis
1589 2623 1701 2685 abbati
1715 2625 1806 2685 Aue-

1011 2731 1151 2784 moren.,
1172 2720 1308 2777 Trecen.
1333 2717 1497 2790 dioecesis,
1515 2719 1750 2780 archidiacono
1774 2722 1808 2782 et

1011 2813 1136 2874 decano
1153 2815 1266 2875 Sancti
1282 2814 1440 2890 Stephani
1454 2817 1590 2876 Trecen.

1051 2911 1195 2971 Dilectus
1215 2910 1340 2970 iilius...
1358 2899 1614 2973 archidiaconus
1635 2914 1802 2975 senonen.

1010 3022 1071 3067 sua
1086 3007 1182 3068 nobis
1198 3007 1356 3083 petitione
1369 3010 1577 3080 monstravit,
1592 3011 1677 3087 quod
1703 3027 1805 3088 quum

1011 3105 1098 3166 inter
1120 3104 1229 3180 ipsum
1249 3121 1292 3166 ex
1312 3107 1406 3181 parte
1431 3123 1508 3178 una,
1537 3109 1570 3169 et
1589 3106 1742 3169 abbatem
1762 3125 1803 3170 ac

1010 3203 1210 3263 conventum
1238 3203 1432 3265 monasterii
1461 3204 1574 3265 Sancti
1607 3206 1699 3266 Petri
1726 3206 1803 3268 Viri

1011 3301 1175 3360 senonen.
1195 3315 1238 3360 ex
1252 3300 1367 3371 altera,
1385 3316 1486 3376 super
1497 3305 1576 3378 jure
1588 3303 1805 3366 archidiaco-

1009 3397 1107 3457 natus
1140 3397 1192 3457 sui
1216 3413 1328 3458 coram
1352 3398 1447 3459 vobis
1467 3399 1666 3463 auctoritate
1691 3402 1805 3462 nostra

1010 3495 1150 3570 quaestio
1166 3496 1363 3567 verteretur,
1374 3495 1507 3556 tandem
1521 3496 1556 3556 in
1570 3514 1629 3558 uos
1639 3497 1702 3559 init
1718 3498 1806 3558 tam-

1011 3607 1111 3666 quam
1136 3592 1171 3651 in
1207 3591 1349 3654 arbitros
1380 3595 1571 3668 juramento
1608 3595 1806 3671 interposito

1010 3689 1299 3764 compromissum3
1324 3690 1380 3750 sed
1396 3706 1473 3766 pars
1489 3691 1629 3752 adversa
1654 3694 1805 3768 postmo-

1010 3785 1099 3857 dum,
1114 3785 1155 3846 ab
1170 3779 1360 3861 huJusmodi
1375 3785 1529 3847 resiliens
1548 3789 1800 3864 compromisso,

1009 3898 1069 3944 uos
1085 3882 1126 3944 ad
1142 3881 1316 3944 arbitrium
1334 3883 1515 3959 procedere
1539 3900 1605 3944 non
1633 3886 1804 3960 permittit.

1009 3979 1144 4041 abbatis
1159 3995 1239 4041 vero
1255 3980 1288 4040 et
1300 3981 1481 4040 conuentus
1496 3981 1613 4057 petitio
1631 3981 1727 4043 nobis
1742 3996 1805 4045 ex-

1009 4076 1116 4138 hibita
1149 4076 1189 4137 de
1220 4076 1306 4138 dicto
1338 4077 1576 4154 compromisso
1606 4079 1807 4142 mentionem
1842 4141 1852 4160 ,

1010 4189 1077 4235 non
1092 4173 1219 4236 taciens
1232 4174 1432 4246 continebat,
1446 4174 1532 4251 quod
1544 4191 1644 4253 quum
1656 4175 1692 4237 in
1704 4181 1807 4255 Apos-

1008 4270 1120 4332 tolicis
1148 4271 1279 4342 litteris,
1307 4286 1368 4347 per
1395 4275 1477 4347 quas
1506 4271 1601 4333 vobis
1627 4275 1805 4336 commissa

1009 4369 1059 4429 est
1091 4369 1282 4444 supradicta
1308 4368 1445 4444 quaestio
1468 4369 1512 4430 sit
1536 4385 1743 4446 expressum,
1769 4373 1806 4434 ut

1009 4465 1188 4540 inquiratis
1204 4465 1376 4526 veritatem
1393 4480 1452 4540 per
1467 4467 1646 4528 canonicos
1666 4469 1805 4546 majoris

1010 4561 1160 4622 ecclesiae
1175 4565 1353 4634 senonen,
1369 4564 1402 4624 et
1421 4563 1490 4623 nisi
1511 4563 1605 4625 vobis
1629 4565 1717 4625 intra
1736 4566 1805 4626 tres

1010 4675 1140 4720 menses
1155 4659 1229 4735 post
1241 4661 1356 4736 primae
1379 4660 1547 4721 citationis
1565 4661 1708 4722 edictum
1729 4677 1806 4722 con-

1010 4757 1131 4820 stiterit
1156 4773 1215 4834 per
1239 4757 1371 4818 eosdem
1395 4755 1569 4833 praefatum
1590 4758 1804 4819 archidiaco-

1009 4871 1099 4926 num,
1126 4853 1180 4915 uel
1206 4855 1468 4930 praedecessores
1495 4857 1567 4931 ejus
1594 4854 1635 4914 de
1667 4856 1805 4931 paciilce

1009 4950 1142 5013 obtenta
1170 4951 1410 5012 consuetudine
1439 4951 1708 5027 jurisdictionem
1737 4953 1805 5014 aii-

1009 5063 1107 5125 quam
1126 5048 1161 5108 in
1183 5040 1486 5124 ipso'monasterio,
1503 5047 1556 5107 uel
1581 5047 1615 5108 in
1638 5048 1714 5109 aliis
1738 5049 1805 5112 hn-

159 5146 322 5217 asserunt,
331 5145 455 5206 eisdem
465 5142 857 5217 ecclesiisdetrimentum
867 5143 952 5219 quod
1005 5145 1151 5221 jusmodi
1167 5144 1318 5214 abbatiis,
1328 5145 1489 5205 hactenus
1506 5144 1675 5218 habuisse,
1688 5148 1806 5224 praesa·

158 5244 208 5306 sic
226 5243 322 5304 bonis
337 5242 504 5304 distractis
520 5255 635 5301 eorum
651 5239 703 5299 sui
725 5239 884 5308 redditus,
897 5239 952 5316 qui

158 5341 243 5403 alias
262 5341 344 5402 satis
360 5340 436 5400 sunt
450 5338 568 5410 exiles,
583 5340 616 5400 et
634 5337 751 5399 tenues
772 5337 952 5398 annullen-

157 5442 224 5501 tur.
239 5441 345 5509 Quum
358 5439 468 5498 autem
479 5438 552 5498 baec
562 5435 664 5513 regiae
678 5434 874 5497 celsitudini
887 5451 953 5497 non

159 5536 359 5597 conueniant
377 5551 436 5612 per
450 5551 523 5611 quae
544 5533 755 5610 dispendium
771 5533 887 5595 salutis
900 5533 955 5593 in-

159 5647 324 5699 curreres,
336 5633 369 5694 et
385 5633 508 5706 regalis
524 5631 752 5694 munificentia
767 5631 950 5703 notaretur,

1008 5243 1077 5303 tum
1091 5243 1329 5303 monasterium
1345 5241 1386 5302 ab
1402 5244 1474 5318 eJus
1497 5241 1656 5317 petitione
1674 5247 1805 5321 penitus

1010 5339 1208 5413 absolvatis;
1236 5339 1309 5416 ipso
1335 5338 1572 5401 archidiacono
1599 5343 1742 5416 petente,
1770 5345 1806 5405 ut

1009 5437 1203 5512 reciperetis
1230 5438 1332 5498 testes
1356 5436 1586 5514 undecumque
1613 5439 1803 5515 productos,

1009 5534 1042 5595 et
1055 5550 1155 5610 super
1167 5533 1310 5595 abbatiis
1322 5550 1389 5595 non
1406 5535 1571 5596 Senonen.
1589 5535 1804 5611 interrogatis

1009 5631 1156 5694 eosdem.
1186 5633 1252 5693 Vos
1280 5633 1457 5693 occasione
1491 5632 1659 5715 petitionis
1684 5633 1804 5711 hujus-
