4226 6372
757 212 986 274 EPisTOLAE.
1010 214 1089 274 nib.
1111 216 1153 276 X.

467 381 593 467 XXXI

126 526 187 586 Aa
210 527 423 600 episcopam,
444 524 655 599 magristrum
677 525 869 586 iohannem
890 526 930 586 dc

170 623 455 683 Moathirabtli
465 623 745 682 archidiaconum
757 621 792 682 et
809 623 932 682 Wiitel-

170 735 272 780 mum
287 721 596 789 Arvernaccasem,
612 720 815 779 canorzicam
829 721 931 779 Part-

171 821 336 878 aternam.

392 893 426 950 ld
439 891 578 965 septemb.
597 892 675 949 1225.

194 1013 875 1081 [QmfflXmffimssstmmssffl

126 1142 190 1197 Dat
213 1142 255 1198 eis
280 1141 455 1212 provinciam
485 1139 640 1196 accedendi
664 1138 699 1196 ad
725 1140 930 1198 monasterium

171 1231 285 1286 Sanctae
300 1228 442 1287 Columba
456 1229 630 1286 senonensis
645 1235 673 1285 et
691 1243 828 1286 excessus
842 1228 929 1286 abba·

166 1318 207 1374 tis
219 1316 347 1390 ejusdem
360 1317 528 1373 monasterii
543 1316 716 1390 corrigendi.

174 1441 355 1514 Honorius,
373 1443 448 1513 eto,
463 1441 647 1502 venerabili
662 1441 769 1514 fratri,
840 1441 931 1518 epis-

126 1555 228 1615 cope,
244 1539 277 1600 et
290 1538 460 1614 magistris
472 1538 619 1599 iohanni
641 1538 682 1598 de
699 1539 811 1600 Monte
827 1536 933 1600 Mira·

124 1634 193 1697 bili
208 1635 445 1696 archidiacono
459 1636 492 1696 et
503 1634 674 1696 Willelmo
685 1634 931 1698 Arvernacensi

129 1732 297 1793 canonico
311 1731 508 1805 Parisiensi,
525 1731 676 1805 salutem,
694 1732 757 1793 etc.

173 1829 224 1891 Ad
244 1830 448 1890 audientiam
475 1831 623 1892 nostram
646 1829 767 1892 dilecto
791 1828 859 1890 lilio
883 1831 929 1901 S„

128 1927 248 2004 priore
268 1926 463 1988 monasterii
489 1929 618 1988 Sanctae
640 1925 806 1988 Columbae
827 1927 933 1988 Seno-

128 2024 232 2084 nensi
257 2024 431 2085 intimante
457 2025 621 2100 pervenit,
647 2025 733 2102 quod
760 2040 835 2085 cum
856 2023 931 2084 dic-

128 2121 205 2182 mm
221 2121 459 2182 monasterium
475 2121 564 2182 inter
578 2121 644 2180 alia
663 2121 726 2182 sibi
741 2121 851 2182 vicina
868 2121 932 2197 spi·

127 2217 319 2289 ritualium,
331 2219 364 2280 et
374 2219 606 2294 temporalium
619 2218 830 2279 consueverit
839 2217 932 2278 uber·

128 2314 201 2376 tate
217 2314 350 2386 florere,
374 2331 462 2377 nunc
479 2330 539 2392 per
560 2315 690 2377 abbatis
706 2316 812 2392 ipsius
835 2315 932 2376 incu-

127 2411 221 2472 riam
236 2412 287 2473 est
303 2411 485 2489 collapsum
509 2412 592 2473 adeo
613 2412 647 2472 in
665 2413 826 2488 utrisque,
843 2412 930 2488 quod

127 2507 291 2584 degentes
307 2508 343 2569 in
361 2509 446 2585 ipsc,
461 2509 521 2570 vix
539 2510 677 2586 possunt
697 2509 737 2569 de
757 2508 864 2584 ipsius
879 2507 932 2568 fa·

127 2605 313 2668 cultatibus
350 2620 410 2682 per
440 2606 520 2666 anni
553 2605 726 2666 dimidium
760 2605 930 2666 commode

127 2701 326 2769 sustentari,
342 2717 403 2763 nec
418 2702 469 2763 est
485 2702 584 2763 etiam
601 2702 657 2779 qui
672 2717 833 2763 excessus
849 2717 928 2764 cor-

125 2799 221 2875 rigat
236 2799 437 2860 eorumdem.
458 2800 544 2861 Nam
566 2799 674 2860 dictus
696 2798 799 2860 abbas
815 2801 931 2875 perju-

126 2896 355 2971 rimatusque
381 2895 528 2957 irretitus
550 2894 747 2956 criminibus
766 2910 825 2972 pro
848 2895 931 2955 lilia-

127 2993 197 3054 bus
212 2992 356 3070 propriis
376 2991 572 3052 maritandis
592 2991 678 3052 bona
694 2991 843 3067 ejusdem
858 3005 931 3052 mo-

129 3088 275 3156 nasterii
301 3087 489 3166 dilapidans
511 3089 704 3160 enormiter,
721 3088 754 3150 et
773 3102 931 3148 consum·

127 3203 240 3260 mans,
259 3203 294 3248 se
310 3201 329 3246 a
345 3201 423 3262 rege
441 3188 646 3246 Francorum
661 3185 807 3246 asseruit
820 3185 930 3262 impe-

126 3285 252 3355 trasse,
267 3285 303 3345 ut
314 3281 494 3360 poneretur
508 3282 544 3342 in
558 3282 714 3354 vinculis
732 3281 788 3360 qui
800 3281 842 3343 ab
857 3281 929 3360 ipso

130 3381 175 3446 ad
194 3380 311 3442 Sedem
323 3379 547 3456 Apostolicam
568 3381 776 3456 provocaret,
795 3395 931 3440 excom-

129 3477 335 3539 municando
350 3476 569 3538 nibilominus
591 3477 794 3552 generaliter
810 3477 929 3554 appel-

130 3576 252 3652 lanteS,
278 3590 337 3636 seu
356 3572 413 3650 qui
438 3576 554 3635 contra
579 3589 655 3635 eum
678 3573 930 3650 inquisitionem

132 3673 280 3749 aliquam
295 3671 522 3749 impetrarent.
533 3670 622 3732 Idem
636 3687 767 3748 quoque
783 3671 929 3747 sigillum

132 3771 316 3832 conventus
331 3769 496 3830 violenter
515 3769 684 3845 accipiens
705 3767 747 3829 ad
763 3768 929 3830 nundinas

133 3882 246 3927 secum
270 3865 407 3941 pluries,
424 3866 645 3934 renitentibus
671 3866 856 3937 monacbis,
873 3881 930 3926 as-

133 3963 287 4040 portavit,
315 3961 377 4022 sub
393 3977 469 4038 quo,
487 3978 586 4039 quum
606 3963 777 4038 proprium
798 3962 928 4034 babeat,

133 4075 209 4120 eum
227 4058 346 4118 iniisse
366 4059 556 4120 contractus
574 4059 724 4121 metuant
747 4061 780 4120 et
803 4075 931 4135 praesu·

132 4157 228 4217 munt
246 4156 281 4216 in
305 4154 515 4232 dispendium
533 4155 728 4217 monasterii
743 4158 927 4218 memorati.

133 4254 249 4315 Adbuc
264 4253 364 4314 etiam
380 4252 433 4312 bis
456 4252 497 4314 ad
517 4268 586 4312 suae
606 4251 793 4329 iniquitatis
809 4270 928 4315 cumu-

133 4351 202 4412 lum
215 4367 281 4412 non
298 4350 484 4419 contentus,
497 4348 673 4426 quamdam
689 4351 820 4426 neptem
835 4367 929 4413 suam

133 4448 264 4510 cuidam
300 4447 461 4509 monacho
497 4448 604 4509 fertur
638 4447 930 4510 matrimonialiter

135 4546 309 4622 copulasse
325 4545 365 4604 de
388 4544 486 4616 iacto,
504 4545 600 4621 quasi
620 4545 728 4620 legem
746 4545 872 4606 faciens
890 4545 929 4606 de

134 4643 280 4719 peccato,
298 4643 331 4703 et
345 4641 412 4702 alia
428 4642 605 4703 committit
623 4643 773 4703 enormia
788 4643 823 4704 in
839 4641 931 4703 salu-

133 4741 176 4802 tis
192 4739 336 4817 propriae
351 4738 596 4800 detrimentum.
610 4741 648 4800 Et
658 4739 737 4801 licet
752 4755 852 4816 super
864 4740 927 4812 bis,

134 4838 167 4899 et
192 4836 267 4898 aliis
294 4835 365 4896 suis
395 4835 588 4896 excessibus
613 4837 758 4898 monitus
785 4836 929 4899 fuerita

133 4933 284 5012 pluribus
307 4933 432 5010 pluries
457 4931 564 4994 dictus
587 4932 699 5005 abbas,
725 4934 797 5010 ipse
818 4935 929 4995 tamen

135 5032 170 5092 in
193 5031 305 5108 aliquo
327 5045 364 5124 pe
384 5029 552 5104 corrigere
578 5046 645 5092 non
668 5031 808 5104 curavit,
834 5031 929 5108 quasi

133 5129 270 5204 elegerit
282 5129 317 5188 in
332 5127 544 5205 peccatorum
562 5127 790 5189 tabernaculis
805 5129 931 5204 potins·

135 5239 233 5303 quam
257 5224 292 5284 in
315 5225 411 5286 domo
430 5225 561 5286 Domini
576 5224 740 5297 babitare,
758 5226 791 5288 et
809 5226 858 5287 sic
873 5225 930 5303 qui

134 5322 236 5386 verbo
251 5320 377 5397 pariter
391 5323 424 5384 et
440 5323 592 5398 exemplo
605 5321 740 5384 deberet
754 5323 927 5399 proficere,

133 5420 241 5481 factus
261 5418 312 5478 est
334 5417 447 5480 multis
470 5419 708 5482 offendiculum
732 5435 792 5496 per
816 5436 932 5482 exem-

134 5517 244 5593 plum,
260 5517 340 5576 Cum
359 5515 463 5590 igitur
478 5518 626 5580 nostrum
646 5517 690 5580 sit
714 5517 928 5590 descendere,

1720 223 1781 287 aab

984 388 1025 434 ac
1039 371 1153 436 videre
1175 373 1286 436 utrum
1309 374 1435 438 clamor
1453 379 1510 455 qui
1525 379 1643 442 adnns
1658 395 1781 444 ascen-

986 471 1035 532 dit
1061 485 1161 548 opere
1186 471 1402 549 compleatur,
1419 491 1494 536 cum
1513 477 1554 538 ad
1574 491 1635 539 nos
1658 479 1780 541 imme-

985 568 1074 630 diate
1107 569 1237 631 dicatur
1264 570 1375 646 ipsum
1400 575 1639 636 monasterinm
1673 578 1781 654 perti-

985 681 1081 737 nere,
1117 666 1310 728 discretioni
1342 669 1462 731 vestrae
1498 687 1558 746 per
1591 675 1781 750 apostolica

985 765 1108 840 scripta
1145 765 1359 838 mandamus,
1397 767 1560 842 quatenus
1593 771 1635 831 ad
1671 773 1781 834 locum

985 861 1093 936 ipsum
1111 862 1334 936 personaliter
1349 864 1555 937 accedentes,
1572 868 1605 927 et
1621 868 1781 932 babentes

986 972 1054 1034 praa
1069 958 1174 1020 oculis
1195 959 1302 1019 solum
1317 963 1432 1029 Deum,
1446 961 1554 1022 eidem
1571 965 1644 1024 vica
1666 968 1780 1028 nostra

985 1054 1186 1117 visitationis
1211 1055 1357 1118 officium
1379 1058 1590 1135 impendatis,
1614 1061 1648 1123 et
1668 1061 1781 1140 inqui-

985 1151 1050 1212 sita
1084 1145 1184 1229 super
1216 1153 1384 1230 praedictis
1414 1156 1609 1232 diligentius
1640 1161 1780 1222 veritate
1841 1172 1844 1180 ·

985 1250 1173 1326 corrigatis,
1191 1252 1224 1312 et
1241 1251 1428 1314 reformetis
1446 1253 1568 1316 ibidem
1582 1256 1650 1316 tarn
1672 1257 1708 1317 in
1723 1273 1782 1320 ca-

986 1344 1065 1420 pite,
1079 1360 1178 1421 quam
1192 1345 1228 1404 in
1240 1345 1397 1406 membris
1413 1362 1486 1422 quae
1506 1350 1724 1423 correctione,
1739 1367 1781 1414 ao

985 1439 1223 1506 reformatione
1240 1443 1420 1504 secundum
1436 1447 1539 1516 Deum
1553 1446 1705 1508 videritis
1720 1449 1779 1508 in-

985 1537 1110 1613 digere.
1140 1539 1417 1612 contradictores,
1448 1541 1510 1604 etc.
1539 1543 1631 1614 Quod
1657 1545 1686 1604 si
1710 1560 1778 1606 non

987 1651 1113 1708 omneS,
1131 1637 1192 1698 etc.
1209 1637 1327 1698 Datum
1350 1639 1463 1710 Reate,
1480 1642 1524 1700 IV
1541 1640 1616 1701 idus
1630 1643 1779 1718 septem-

985 1729 1066 1805 briS,
1084 1749 1172 1794 anno
1187 1733 1326 1798 decime.

1307 1976 1454 2063 XXXII

986 2127 1037 2186 Aa
1051 2129 1257 2200 episcopam,
1273 2129 1429 2199 priorem
1449 2129 1483 2188 ef
1501 2133 1781 2194 archidiaconum

1263 2226 1522 2286 Maciooieasca.

1244 2354 1517 2427 l3septemb.l225.

1017 2449 1742 2542 mmmfflXmmwbmmMmmffiffi

985 2600 1101 2660 Mandat
1113 2601 1158 2658 eis
1171 2607 1212 2669 ut,
1227 2601 1305 2673 iuxta
1322 2600 1450 2660 tenorem
1465 2603 1622 2662 litterarum
1635 2607 1779 2679 Apostoli·

1019 2703 1117 2746 carum
1133 2687 1168 2746 de
1181 2687 1237 2745 boc
1247 2689 1308 2762 jam
1324 2688 1360 2745 ad
1377 2689 1453 2760 ipsos
1468 2690 1608 2760 datarum,
1622 2694 1654 2751 G.
1672 2709 1779 2767 paupe·

1019 2791 1080 2832 rem
1106 2777 1239 2833 clericum
1262 2778 1292 2832 in
1313 2777 1434 2834 ccclesia
1459 2780 1490 2835 B.
1507 2781 1621 2838 Martini
1644 2783 1779 2856 lindege-

1019 2863 1115 2921 vensis
1131 2864 1283 2937 praebenda
1299 2861 1404 2923 faciant
1415 2864 1566 2939 provideri.

1024 2990 1202 3061 Honorius,
1224 2990 1299 3060 etc,
1323 2992 1508 3054 venerabili
1535 2993 1670 3056 fratri...
1690 2997 1783 3073 epis-

984 3103 1084 3164 copo,
1103 3087 1135 3148 et
1160 3086 1290 3148 dilectis
1321 3087 1436 3149 liliis...
1453 3092 1558 3166 priori
1575 3093 1643 3153 et...
1663 3095 1780 3156 archi-

984 3185 1125 3246 diacono
1138 3184 1366 3256 Macloviensi,
1384 3187 1535 3259 salutem,
1554 3192 1615 3250 etc.

1023 3283 1171 3343 Dilectus
1186 3281 1275 3342 nlius
1293 3285 1330 3343 G.
1350 3298 1477 3360 pauper
1497 3286 1639 3347 clericus
1655 3287 1690 3348 in
1705 3304 1782 3350 nos-

983 3379 1035 3442 tra
1065 3378 1237 3455 proposuit
1262 3380 1440 3455 praesentia
1469 3381 1679 3456 constitutus,
1694 3385 1781 3462 quod

984 3492 1096 3537 cnm...
1112 3475 1238 3537 decano
1253 3476 1286 3538 et
1303 3477 1458 3554 capitulo·
1469 3479 1620 3541 ecclesiae
1635 3483 1671 3542 B.
1688 3483 1782 3544 Mar-

983 3573 1046 3634 tini
1071 3573 1321 3648 andegavensis
1347 3590 1463 3651 preces
1489 3577 1722 3651 direxerimus,
1749 3581 1783 3642 at

984 3673 1159 3746 praecepta,
1174 3673 1211 3731 ut
1237 3670 1347 3746 ipsum
1372 3687 1470 3748 quam
1496 3673 1561 3735 cito
1582 3690 1618 3734 se
1640 3675 1781 3738 facultas

984 3767 1120 3828 offerret
1131 3768 1164 3826 in
1182 3769 1379 3828 canonicum
1394 3768 1582 3844 reciperent
1601 3771 1634 3830 et
1657 3772 1693 3831 in
1709 3773 1781 3833 lra-

984 3866 1079 3935 trem,
1094 3863 1188 3924 vobis
1204 3879 1305 3938 super
1317 3863 1380 3924 boc
1395 3865 1630 3926 executoribus
1642 3868 1704 3928 sibi
1720 3869 1782 3930 da-

983 3961 1038 4033 tis,
1055 3961 1251 4024 vacantibus
1274 3960 1408 4022 interim
1423 3960 1551 4022 duabus
1575 3963 1610 4024 in
1637 3965 1780 4027 ecclesia

984 4058 1123 4136 praelata
1135 4058 1334 4134 prebendis,
1347 4059 1454 4122 dictus
1469 4059 1612 4122 clericus
1627 4063 1663 4124 ut
1682 4079 1780 4125 mau-

984 4157 1095 4218 datum
1109 4157 1259 4217 nostrum
1272 4157 1538 4232 exsequeremini
1563 4159 1652 4220 circa
1671 4161 1780 4238 ipsum

984 4253 1113 4316 avobis
1133 4270 1208 4314 cum
1230 4254 1391 4315 instantia
1414 4254 1607 4330 postularit.
1623 4257 1687 4318 Sed
1703 4260 1781 4335 quia

984 4352 1133 4430 ipsorum
1148 4351 1277 4422 decani,
1299 4353 1332 4413 et
1346 4352 1485 4427 capituli
1499 4356 1695 4429 procurator
1721 4373 1781 4418 ex·

984 4449 1137 4525 cipiendo
1150 4447 1332 4524 proposuit,
1347 4450 1479 4510 nostras
1496 4466 1596 4527 super
1608 4452 1672 4514 hoc
1686 4453 1780 4516 litte-

984 4561 1039 4606 ras
1059 4561 1127 4606 non
1147 4544 1271 4616 valere,
1288 4559 1328 4606 eo
1346 4546 1432 4621 quod
1450 4547 1483 4605 in
1500 4546 1549 4607 eis
1565 4549 1688 4608 mentio
1710 4565 1777 4610 non

985 4642 1094 4714 tiebat,
1110 4641 1195 4718 quod
1212 4641 1370 4718 praelatus
1383 4642 1528 4702 decanus
1544 4659 1586 4703 ex
1601 4644 1781 4706 donatione

984 4739 1073 4814 regis
1090 4738 1342 4816 praebendarum
1352 4739 1501 4813 ejusdem
1511 4739 1662 4802 ecclesiae
1677 4743 1783 4803 cella-

983 4838 1107 4898 tionem
1129 4835 1348 4907 baberet‚vos
1368 4835 1517 4897 mandati
1539 4837 1645 4898 nostri
1660 4853 1784 4900 execu-

983 4935 1072 4998 tores
1089 4949 1156 4994 non
1173 4948 1247 4996 esse
1260 4931 1514 5010 interloquendo
1529 4934 1672 5008 dixistis,
1688 4937 1720 4998 et
1730 4936 1783 5017 sic

984 5032 1050 5094 illae
1079 5031 1153 5092 duae
1172 5029 1370 5108 praebendae,
1395 5044 1470 5105 quae
1498 5031 1607 5093 medio
1633 5032 1782 5110 tempore

983 5131 1146 5192 vacarunt
1160 5128 1237 5188 aliis
1251 5128 1329 5188 sunt
1342 5126 1484 5199 collatae,
1508 5128 1542 5189 et
1560 5127 1666 5191 dictus
1681 5130 1783 5192 cleri-

985 5241 1043 5288 cus
1072 5225 1248 5286 occasione
1272 5224 1464 5300 hujusmodi
1487 5240 1585 5301 quam
1600 5241 1659 5288 vos
1683 5227 1783 5290 mali-

984 5323 1071 5385 tiose
1080 5322 1248 5398 recepisse
1259 5321 1431 5394 videmini,
1444 5323 1606 5385 remansit
1620 5324 1782 5388 hactenus

986 5435 1046 5483 sua
1076 5419 1268 5497 provisione
1306 5418 1494 5492 frustratae,
1527 5423 1662 5497 propter
1695 5423 1782 5498 quod

985 5517 1072 5579 idem
1086 5518 1233 5578 nostram
1249 5515 1452 5578 audientiam
1464 5517 1654 5592 appellavit,
1668 5519 1784 5595 appel-
