4262 6382
252 330 256 339 Ι
339 222 397 306 eei
956 241 1132 302 nononn
1152 241 1199 300 111
1221 240 1367 300 ornan.
1485 233 1491 244 ·
1967 235 2036 295 eoa

343 403 441 465 tatem
461 403 609 464 omnium
634 417 707 478 quae
733 400 827 477 gesta
852 399 1035 466 fuerintin
1060 400 1135 476 ipso
1192 399 1375 462 redditibus
1385 398 1580 460 alienatisin
1592 398 1697 475 ipsius
1711 399 1894 475 regisnon
1909 394 2034 456 modi-

341 500 505 577 colloquio
545 499 640 561 nobis
682 498 824 559 fideliter
851 496 1044 560 rescribatis
1074 495 1135 576 (1).
1192 512 1264 558 cam
1291 497 1471 558 laesionem.
1497 497 1591 557 Unde
1602 511 1663 558 nos
1683 495 1748 572 ipsi
1762 495 1894 557 comiti
1913 491 2030 554 dedi-

300 673 304 680 ,
342 595 488 676 (Absque
502 597 572 658 ulla
587 595 746 672 temporis
761 592 867 673 nota.)
1192 610 1265 654 mus
1279 593 1326 672 (9)
1338 593 1372 654 in
1385 595 1568 670 preceptis,
1583 593 1629 665 ut,
1643 593 1820 656 restituens
1837 591 1928 669 ipsi
1947 590 2031 664 regi

723 686 729 694 ’
1193 707 1341 753 sororem
1362 707 1455 752 suam
1483 706 1558 751 cum
1572 691 1706 752 civitate
1725 691 1855 752 etaliis
1877 703 2028 764 supra-

1194 790 1301 860 dictis,
1317 803 1460 850 necnon
1475 804 1549 848 cum
1562 787 1724 850 fructibus
1739 783 1821 864 qtios
1838 800 2031 864 percepe-

709 899 771 984 ffl
1192 887 1245 948 rat
1255 903 1298 947 ex
1317 885 1452 958 eisdem,
1466 900 1532 948 non
1548 885 1741 946 molestaret
1752 886 1871 960 ipsum
1892 897 2027 958 regem

1193 983 1246 1044 vel
1261 983 1412 1044 homines
1427 998 1517 1052 suos,
1535 998 1595 1043 nec
1610 981 1751 1043 subditis
1760 983 1830 1042 suis
1843 981 1915 1042 vel
1929 995 2030 1040 com-

288 1099 296 1114 ·
410 1054 463 1112 Ad
474 1050 1072 1112 XantmwmmL⁶m⁰v²⁰⁰⁷l⁸⁰m
1194 1079 1335 1156 plicibus
1354 1078 1525 1140 molestari
1542 1079 1676 1150 sineret,
1691 1078 1807 1140 dantes
1822 1077 1942 1140 vobis
1959 1093 2027 1152 per

609 1150 793 1220 episcopos,
811 1146 873 1207 eto.
1195 1176 1327 1237 nostras
1347 1175 1475 1237 litteras
1505 1175 1538 1236 tn
1562 1175 1727 1236 mandatis
1751 1175 1797 1246 ut,
1822 1174 1856 1234 si
1898 1173 2025 1234 arctus

625 1275 868 1349 bouquetum.
1195 1288 1305 1334 comes
1332 1273 1481 1334 nostrum
1501 1272 1687 1348 negligeret
1700 1270 1900 1348 adimplere
1918 1286 2021 1348 prae-

423 1401 560 1466 [Bouqnet,
577 1399 680 1450 beeueil
697 1399 741 1448 des
757 1397 861 1456 Hister„
876 1397 945 1456 XIX,
964 1412 990 1462 p.
1005 1393 1060 1446 737.
1196 1374 1337 1447 ceptum,
1350 1369 1527 1446 VOSipsum
1540 1370 1572 1431 et
1583 1373 1656 1446 ejus
1671 1369 1855 1444 complices
1876 1383 1928 1428 ³⁰
1941 1367 2024 1426 fall-

574 1477 905 1541 Regest.,tm.1x‚ep.e.j
1195 1469 1284 1529 tores
1307 1467 1349 1528 ad
1372 1467 1615 1528 restituendum
1633 1467 1697 1544 ipsi
1717 1467 1788 1542 regi
1803 1465 1939 1528 omnia
1959 1481 2021 1526 su-

343 1585 553 1646 bissidentibus
574 1586 696 1642 ilenrico
715 1584 827 1656 Angliae
843 1597 912 1656 rege
924 1589 952 1638 et
969 1583 1091 1654 lingone
1106 1579 1142 1636 de
1196 1565 1358 1642 madida,
1387 1567 1420 1626 θῐ
1443 1566 1484 1626 ad
1509 1564 1733 1627 desistendum
1761 1580 1781 1624 a
1814 1564 2022 1624 vexatione

376 1675 538 1742 Leziniaco,
549 1676 614 1746 qula
624 1674 701 1746 regis
715 1687 841 1729 sororem
857 1673 911 1728 sibl
926 1671 993 1727 olim
1005 1681 1140 1742 sponsum
1196 1663 1302 1739 ipsius
1317 1661 1554 1739 hominumque
1569 1677 1715 1732 suorum,
1728 1676 1787 1737 per
1797 1677 2019 1722 excommu-

377 1761 841 1836 noqueposteoductemuxorem
856 1758 1142 1833 llngocunrdotete·
1196 1760 1397 1821 nicationem
1435 1761 1469 1820 in
1502 1773 1662 1836 personas
1702 1760 1735 1820 et
1764 1758 1956 1819 interdicti
1982 1757 2018 1816 in

379 1863 446 1906 men
471 1848 625 1916 detinebat,
652 1847 768 1904 mandat
789 1847 931 1920 episcopis
956 1846 1098 1902 Honorius
1112 1845 1142 1900 ut
1195 1859 1303 1918 tems
1326 1855 1866 1936 (10)‚appoflaq10n9postposita,
1898 1869 2014 1930 0030.

378 1940 531 2012 llugonem
547 1938 647 1994 iterate
658 1937 801 1994 sententie
812 1935 986 2007 compellent
999 1931 1034 1990 ed
1047 1931 1141 1990 dotem
1197 1953 1289 2015 repis,

381 2026 597 2088 mammam·
1237 2053 1352 2124 Nuper
1371 2053 1481 2112 autem
1508 2051 1595 2113 idem
1621 2066 1683 2113 rex
1701 2050 1796 2111 nobis
1818 2050 2012 2110 insinuare

386 2151 553 2212 Honorius
566 2150 792 2227 episcopus...,
807 2147 1054 2210 venerabilibus
1072 2146 1142 2206 lra—
1198 2149 1327 2210 curavit
1347 2149 1446 2226 quod,
1461 2149 1538 2210 licet
1559 2148 1600 2210 ad
1619 2149 1749 2226 tempus
1763 2147 2014 2226 supersederi-

345 2249 452 2310 tribus
481 2248 706 2309 xanctonensi
730 2246 777 2325 (2)
801 2247 834 2307 et
849 2245 1077 2306 Lemovicensi
1095 2244 1141 2322 (3)
1198 2247 1241 2306 tis
1254 2247 1361 2308 nostri
1372 2246 1562 2308 executioni
1572 2245 1719 2307 mandati
1732 2243 2009 2322 debeneplacito

347 2347 524 2423 episcopis,
539 2347 572 2406 et
592 2344 712 2406 dilecto
737 2343 806 2404 lilio
826 2343 951 2405 decano
972 2342 1144 2417 Burdoga·
1198 2346 1281 2420 ejus,
1295 2345 1467 2419 sperantes
1481 2343 1566 2420 quod
1581 2343 1777 2420 saepedictus
1790 2359 1925 2414 comes,
1938 2341 2008 2418 qui,

348 2442 446 2515 lensi,
459 2442 611 2513 salutern,
629 2443 691 2502 etc.
1198 2442 1351 2502 restituta
1367 2441 1429 2500 sibi
1445 2440 1583 2516 praelata
1599 2457 1714 2502 sorore
1728 2457 1800 2512 sua,
1818 2440 2008 2516 promitte-

387 2538 586 2600 Carissimus
600 2536 774 2599 ianristo
786 2536 874 2596 iilius
888 2536 1000 2597 noster
1015 2538 1068 2606 ll..
1081 2551 1142 2596 rex
1197 2537 1254 2598 bet
1265 2555 1301 2598 se
1316 2539 1351 2598 in
1362 2538 1438 2598 aliis
1449 2541 1523 2614 ejus
1541 2538 1705 2600 voluntati
1719 2538 1897 2600 humiliter
1910 2536 2008 2614 pari·

344 2636 527 2712 Anglorum
538 2633 887 2706 illustrisolimnobis
901 2633 1142 2710 querimoniam
1197 2634 1319 2706 turum,
1333 2635 1430 2705 esset,
1447 2635 1535 2711 quod
1555 2651 1612 2696 oro
1632 2634 1773 2706 dicebat,
1790 2651 1897 2712 opere
1910 2651 2006 2696 com·

347 2733 526 2796 destinarit
554 2733 740 2810 qund,cum
766 2731 888 2792 nobilis
916 2730 969 2791 vir
989 2733 1083 2804 Hugo
1103 2729 1143 2788 de
1198 2729 1475 2806 pleturus2nunc
1502 2730 1615 2792 tamen
1640 2730 1844 2796 contrarium
1879 2730 2004 2790 videns

347 2831 533 2903 Leziniaco,
551 2845 661 2891 comes
674 2829 845 2900 Marcbiae,
863 2827 1026 2905 quondam
1034 2830 1143 2903 juras·
1198 2827 1394 2888 certissimis
1404 2829 1620 2904 argumentis,
1641 2828 1712 2890 vult
1725 2828 1761 2890 ut
1777 2829 2002 2904 saepedictum

344 2929 395 2989 set
411 2931 442 2990 J.
461 2927 508 3008 (t)
524 2943 674 2989 sororem
700 2942 805 2999 suam,
822 2941 919 3003 quam
936 2926 1001 2986 cito
1020 2923 1143 2984 nubilis
1198 2925 1389 2987 mandatum
1413 2928 1563 2988 nostrum
1588 2925 1777 2988 executioni
1804 2927 2000 2986 mandetur.

347 3029 445 3096 esset,
461 3025 582 3086 ducere
600 3025 635 3085 in
651 3039 801 3096 uxorem,
819 3039 858 3084 ac
875 3023 1008 3084 interim
1024 3021 1144 3082 civita·
1198 3025 1305 3094 Quare
1318 3023 1359 3084 ad
1371 3023 1620 3102 exsequendum
1633 3024 1713 3084 illud
1724 3040 1783 3086 vos
1798 3005 1999 3100 apostolicis

346 3123 413 3184 tem
424 3125 691 3184 xanctonensem
703 3120 1057 3190 etinsulamoleronis,
1069 3135 1142 3179 cum
1197 3121 1292 3196 petiit
1317 3121 1438 3183 litteris
1462 3121 1615 3184 excitari.
1642 3121 1785 3198 Ideoque
1813 3117 2000 3182 dicretioni

347 3219 424 3280 aliis
441 3218 883 3294 terrisetredditibus,quos
904 3217 1003 3278 clarae
1023 3231 1143 3276 memo·
1197 3219 1316 3279 vestrae
1346 3234 1405 3294 per
1432 3220 1552 3280 iterata
1573 3220 1697 3296 scripta
1722 3217 1998 3296 firmiterpraeci-
2098 3231 2099 3234 ¹

347 3317 408 3378 riae
421 3319 452 3378 J.
469 3315 516 3394 (5)
529 3332 590 3378 rex
597 3317 725 3391 Angliae
739 3317 834 3392 pater
848 3317 876 3390 ej
883 3331 920 3374 us
935 3329 1010 3374 cum
1026 3329 1065 3374 ea
1077 3313 1142 3373 sibi
1197 3315 1317 3390 piendo
1331 3316 1526 3377 mandamus
1535 3319 1708 3394 quatenus,
1725 3316 1871 3378 humano
1881 3330 1998 3378 amore

345 3411 529 3474 tradiderat
548 3413 693 3473 fideliter
713 3411 891 3476 custodire.
911 3427 972 3470 nec
995 3425 1141 3486 unquam
1197 3427 1237 3472 ac
1252 3413 1419 3476 mundano
1441 3415 1561 3476 timore
1585 3413 1788 3492 postpositis,
1805 3415 1841 3474 in
1856 3413 1994 3490 negotio
2098 3403 2099 3472 l

347 3509 473 3586 aliquid
498 3508 609 3570 lacere
636 3525 696 3586 per
719 3508 804 3586 quod
823 3509 934 3586 posset
952 3507 1142 3583 hujusmodi
1198 3508 1270 3584 ipso
1275 3511 1373 3586 juxta
1384 3510 1728 3588 priorumlitterarurn
1740 3511 1994 3578 continentiam,
2098 3577 2099 3580 Ἴ

347 3605 903 3676 matrimoniumdisturbari,idem,
917 3606 1033 3666 contra
1043 3621 1140 3666 suum
1197 3606 1420 3684 appellatione
1432 3609 1569 3679 remota,
1591 3608 1720 3670 ratione
1734 3609 1860 3686 praevia
1874 3621 1994 3686 proce-
2098 3655 2099 3680 ,

283 3775 296 3800 .
348 3703 1140 3781 etaliorumquisuperhocjuraverantveniens
1198 3703 1278 3765 dere
1306 3704 1544 3776 nontardetiS,
1561 3707 1761 3782 praeceptum
1778 3708 1931 3768 nostrum
1949 3703 1994 3764 ita

344 3803 581 3879 juramentum,
600 3803 624 3862 l.
640 3800 686 3881 (6)
701 3802 840 3862 matrem
861 3801 1027 3878 praedictae
1046 3802 1074 3862 J.
1090 3799 1140 3878 (7)
1198 3801 1341 3862 sollicite
1362 3801 1541 3880 impleturi,
1569 3804 1656 3881 quod
1686 3803 1773 3864 idem
1797 3819 1870 3878 rex,
1899 3805 1992 3880 cujus
2098 3781 2099 3808 ¹

349 3899 514 3976 quondam
530 3899 680 3975 reginam
694 3898 916 3975 Angliae,quae
932 3897 1142 3975 sponsalibus
1197 3915 1333 3960 causam
1355 3901 1522 3977 propriam
1547 3901 1750 3978 reputamus,
1775 3900 1819 3962 ad
1844 3917 1907 3962 nos
1933 3912 1991 3976 pro

347 3998 537 4059 contractus
555 3996 603 4075 (8)
629 3997 716 4058 inter
744 4012 801 4056 eos
821 3995 1049 4066 consenserat,
1066 3995 1140 4066 sibi,
1198 3994 1328 4058 deiectu
1337 3997 1446 4058 restro
1456 3997 1624 4060 remittere
1637 4013 1704 4058 non
1713 3999 1860 4074 cogatur.
1873 3998 1991 4059 Datum

346 4095 432 4156 sicut
443 4095 516 4156 deri
528 4095 644 4172 potuit,
660 4093 951 4154 matrimonialiter
962 4091 1141 4169 copulavit,
1198 4093 1365 4166 Laterani,
1383 4097 1546 4156 ivnonas
1561 4095 1910 4172 augusti,annonono.

345 4191 563 4254 nihilominus
587 4190 760 4268 praefatam
776 4190 880 4250 filiam
900 4192 973 4266 ejus
991 4188 1142 4250 detinens
1237 4191 1477 4266 burdegalensi
1502 4193 1754 4270 archiepiscopo
1779 4195 1812 4254 et
1837 4193 1989 4270 episcopo
2098 4179 2099 4216 l

348 4303 421 4348 cum
450 4289 585 4349 civitate
609 4289 643 4349 et
664 4286 741 4348 aliis
775 4286 985 4362 supradictis
1015 4285 1143 4364 Adjecit
1198 4289 1374 4350 vasatensi
1401 4293 1452 4350 stc
1469 4291 1641 4364 scriptum
1667 4292 1729 4362 cst,
1751 4290 1787 4351 ut
1810 4289 1839 4350 si
1860 4285 1989 4367 praelati

347 4385 449 4446 etiam
463 4384 551 4444 idem
571 4399 632 4444 rex
653 4383 843 4460 hujusmodi
862 4383 1036 4460 quaestioni
1057 4383 1142 4460 quod
1198 4385 1344 4462 episcopi
1357 4386 1393 4446 in
1420 4386 1482 4448 hoc
1504 4387 1710 4462 negligentes
1723 4387 1847 4448 luerint
1866 4387 1987 4448 autre-

346 4479 505 4560 praeietus
525 4496 635 4542 comes
659 4483 692 4542 et
714 4497 815 4557 supra
838 4481 1009 4543 nominata
1025 4482 1142 4556 regina
1198 4483 1302 4556 missi,
1328 4482 1394 4560 ipsi
1413 4500 1488 4545 cum
1513 4485 1585 4562 ipso
1607 4485 1733 4545 decano
1753 4478 1988 4560 burdegalensi

346 4579 496 4656 quaedam
514 4579 625 4640 castra
638 4578 743 4656 ipsius
755 4581 1000 4656 occupaverant
1014 4578 1144 4639 violen·
1193 4581 1291 4656 juata
1307 4581 1498 4644 earumdem
1508 4583 1706 4643 litterarum
1717 4584 1866 4643 tenorem
1881 4581 1917 4642 in
1932 4591 1988 4639 ne-

344 4677 405 4749 ler,
436 4677 632 4754 quibusdam
646 4677 686 4738 de
706 4677 906 4786 supradictis
926 4677 1026 4738 terris
1042 4678 1140 4752 atque
1197 4676 1287 4752 gotio
1310 4677 1381 4754 ipso
1397 4679 1576 4755 procedere
1591 4695 1658 4742 non
1678 4679 1888 4756 postponant.

381 4853 424 4928 (l)
441 4853 482 4910 Ex
501 4855 537 4910 iis
550 4869 613 4925 quea
633 4851 707 4926 apud
728 4854 877 4925 episcopos
899 4851 927 4908 in
943 4850 1139 4922 Montepessu·
1197 4851 1250 4908 306
1262 4859 1290 4907 ct
1309 4867 1369 4924 seq.
1381 4867 1388 4922 ;
1402 4851 1452 4910 sed
1465 4851 1518 4910 alin
1534 4851 1662 4926 ejusdem
1677 4853 1789 4912 concilii
1804 4860 1866 4911 acta
1880 4847 1981 4910 utrobi·

236 4933 239 4942 *
344 4925 411 4982 leno
426 4932 650 4997 congreretosa
670 4924 909 4981 contendentibus
930 4921 966 4978 de
988 4921 1142 4978 asserendo
1197 4935 1253 4993 que
1267 4921 1472 4980 desideramus.
1488 4925 1653 4996 (bouquet.)

344 4995 502 5078 interram
528 4967 698 5052 folosanem
729 4995 793 5067 iure
821 5001 883 5050 ecte
907 4992 1037 5073 ¹luerunt,
1066 4993 1142 5076 nulle
1238 4993 1278 5083 (3)
1299 4993 1430 5050 llicbneli
1444 4995 1600 5052 vetustte.

342 5075 628 5220 multtatus
644 5069 1140 5214 stulliteraturam:
1234 5065 1275 5206 ll
1292 5064 1447 5191 tttlttl:
1487 5135 1528 5209 (s
1543 5137 1681 5194 stane.

343 5212 443 5289 mevit,
472 5213 513 5288 et·
530 5207 640 5289 litteras¹
666 5205 768 5277 quibus
797 5205 958 5303 amulricus
985 5204 1143 5287 llsimundo
1247 5208 1264 5262 6
1297 5205 1458 5262 isabellam.

341 5291 536 5405 1νιιιεωῑεδειὲῗυνηιὲ]
538 5273 1140 5428 migglttrlzguasolalpuzollqtffiopltgntbcgupcp
1236 5281 1275 5422 (ἐξ
1288 5277 1449 5416 &affirm
1464 5347 1666 5405 contractibus.
1965 5414 1970 5425 ¹

343 5419 448 5476 tiorum
471 5419 667 5475 Narbo-nensis
690 5431 853 5485 procincte,
871 5417 956 5484 tube,
974 5431 1040 5490 pag.
1055 5417 1099 5486 59,
1116 5424 1144 5474 et
1236 5421 1278 5494 (9)
1291 5417 1362 5476 Vide
1377 5420 1494 5475 Honorli
1516 5418 1625 5475 litteras
1645 5417 1679 5475 ed
1693 5419 1844 5490 liugonem
1860 5416 1896 5474 de
1911 5419 1983 5475 Lezr·

345 5489 486 5558 labbeus,
498 5496 567 5547 tom.
579 5489 617 5544 lll
629 5487 747 5554 Concil,
762 5501 827 5559 pag.
842 5487 923 5554 2333,
936 5487 1142 5617 ineppendice.
1199 5491 1284 5548 niaco
1303 5504 1399 5562 supra,
1417 5490 1464 5546 lib.
1483 5491 1530 5546 vt.
1552 5488 1588 5544 ed
1608 5503 1675 5546 etin.
1697 5490 1775 5558 latr,
1790 5488 1904 5562 ttjuttt.

345 5575 455 5632 nosque
468 5557 738 5632 representavimus
753 5565 830 5615 tomo
854 5557 993 5615 nostroli
1021 5560 1056 5626 ll,
1073 5573 1140 5632 pag.
1238 5559 1296 5636 (l0)
1317 5561 1484 5617 eludendum
1503 5557 1685 5617 sententiam.
