4262 6382
174 241 233 304 657

176 403 209 466 et
225 401 348 466 banno.
364 402 403 465 In
416 403 670 480 Gunepesheim,
687 404 813 466 curtem
827 419 902 466 cum
915 403 967 465 al-

173 501 262 562 lodio
283 502 456 564 vinearum
471 502 504 564 et
518 517 675 578 agrorum
696 516 771 564 cum
793 502 883 563 omni
902 502 964 563 de-

173 599 259 662 cima
288 615 361 672 sua,
388 599 475 678 quod
512 600 691 676 Ringardis
719 600 836 676 regina
871 599 965 661 vobis

174 697 278 771 dedit;
295 697 432 774 insuper
446 697 604 759 allodium
618 697 654 758 in
674 697 747 774 ipsa
766 697 858 769 villa,
878 697 965 774 quod

174 795 348 856 Odalricus
360 795 453 857 vobis
469 795 568 857 dedit.
583 798 620 856 In
635 795 823 867 scerwilre,
839 796 965 857 curtem

173 893 378 954 Dominicam
403 909 477 953 cum
510 893 630 965 vineis,
660 893 762 969 agris,
793 895 908 969 pratis
934 892 966 954 et

173 1007 247 1052 cum
274 990 410 1051 decimis
436 991 470 1051 et
493 989 603 1051 banno
635 991 741 1067 ipsius
769 991 897 1068 praedii.
928 993 965 1051 In

172 1087 362 1159 Tamwilre,
379 1086 538 1148 allodium
554 1103 628 1148 cum
643 1087 734 1164 agris
749 1089 782 1149 et
800 1089 915 1164 pratis,
933 1090 966 1149 et

173 1198 334 1261 aquarum
349 1181 554 1255 decursibus„
578 1184 610 1244 et
631 1183 794 1259 capellam
814 1199 888 1244 cum
907 1183 967 1243 de-

174 1280 280 1342 cimis.
308 1282 346 1340 In
371 1279 575 1350 Ebersheim,
605 1282 731 1343 curtem
759 1280 965 1342 Dominioam

174 1392 247 1438 cum
269 1376 402 1438 forestis
423 1377 456 1438 et
475 1376 593 1455 quarta
617 1379 710 1452 parte
733 1377 836 1440 banni
860 1379 965 1454 ipsius

172 1475 272 1538 villae.
304 1478 341 1536 In
365 1474 576 1550 (lapenheim,
607 1475 734 1536 curtem
759 1475 965 1536 Dominioam

173 1587 248 1633 cum
262 1572 415 1633 omnibus
430 1571 636 1648 appendiciis
654 1570 768 1632 suiset
786 1570 907 1633 banne.
928 1574 966 1632 In

174 1669 407 1740 sermesheim,
433 1669 558 1732 curtem
579 1667 785 1730 Dominicam
807 1683 882 1730 cum
904 1669 965 1730 de-

174 1767 260 1828 cima
271 1766 373 1826 salice
385 1766 494 1838 terrae,
510 1767 543 1828 et
555 1767 731 1828 ecclesiam
742 1782 816 1828 cum
829 1766 966 1828 decimis

173 1863 280 1940 ipsius
294 1863 394 1924 villae.
414 1866 452 1925 In
472 1864 685 1936 Hittenheim,
702 1864 847 1926 decimas
868 1864 966 1925 unius

174 1960 354 2022 Dominicae
379 1961 493 2022 curtis.
518 1962 556 2020 ln
581 1961 798 2033 Mazenheim,
821 1959 966 2022 decimas

174 2056 348 2132 sexaginta
374 2058 447 2118 octo
481 2059 647 2134 jugerum.
685 2059 721 2117 In
755 2056 964 2128 outenheim,

174 2155 299 2234 curtem
324 2155 529 2216 Dominicam
551 2155 584 2216 et
609 2154 785 2216 ecclesiam
810 2170 884 2215 cum
908 2154 967 2216 de-

174 2251 268 2314 cimis
296 2251 402 2328 ipsius
437 2252 537 2313 villae.
566 2255 604 2313 ln
634 2252 794 2320 Northus,
820 2251 966 2314 decimas

173 2349 272 2410 unius
293 2348 475 2410 Dominicae
499 2349 673 2410 curtis.1n
697 2349 965 2410 Hundenesheim

173 2447 206 2507 et
236 2446 271 2506 in
309 2447 549 2519 Lumersheim‚
579 2444 744 2508 similiter.
780 2450 817 2508 In
848 2447 963 2518 Valva,

174 2545 302 2604 curtem
318 2544 523 2606 Dominicam
537 2560 612 2606 cum
627 2546 744 2622 quarta
759 2545 852 2622 parte
864 2542 966 2605 banni

173 2637 280 2714 ipsius
297 2637 397 2700 villae.
422 2641 458 2699 ln
479 2638 682 2716 Birenhaim,
703 2640 829 2700 curtem
852 2639 967 2700 Domi-

173 2735 281 2796 ntcam
295 2751 369 2796 cum
383 2736 559 2798 medietate
573 2736 686 2798 banni.
702 2738 740 2797 ln
756 2736 964 2807 lliltesheim,

173 2834 299 2894 curtem
311 2834 517 2895 Dominicam
528 2849 603 2894 cum
616 2834 744 2894 decima
756 2834 864 2909 ipsius
876 2834 965 2894 villae

172 2933 206 2992 et
232 2929 342 2992 banno
368 2931 555 2992 cumomni
582 2930 807 2991 Mundeburde
834 2945 895 2990 sua
926 2945 966 2990 ac

128 3034 132 3043 ·
172 3025 336 3088 libertate.
353 3027 434 3088 Item
452 3027 488 3088 in
507 3027 580 3103 ipsa
594 3027 688 3099 villa,
708 3028 833 3088 curtem
853 3027 967 3088 Domi-

173 3124 282 3184 nicam
298 3123 338 3184 ad
355 3125 539 3185 sacrarium
553 3125 721 3200 pertinens
739 3140 813 3185 cum
829 3124 966 3185 decimis

173 3223 207 3282 et
231 3220 383 3282 omnibus
409 3220 610 3299 appenditiis
632 3222 713 3293 suis
741 3221 869 3283 scilicet
890 3222 966 3283 Cel-

172 3317 323 3390 lesheim,
363 3319 577 3390 conenheim,
615 3320 648 3382 et
677 3319 890 3395 hagenheim.
928 3322 965 3381 In

172 3415 418 3488 azolveswilre,
441 3418 566 3478 curtem
586 3417 791 3479 Dominicam
811 3433 885 3478 cum
905 3418 965 3478 ec*

172 3513 275 3574 clesia
295 3515 328 3575 et
349 3513 460 3576 banno
481 3515 514 3576 et
537 3515 626 3575 omni
650 3514 808 3576 dominic.
832 3517 869 3575 In
890 3516 967 3576 Mu-

171 3609 324 3681 terholtz,
348 3611 475 3672 curtem
498 3610 705 3672 Dominicam
726 3627 800 3672 cum
823 3611 964 3672 ecclesia

173 3709 206 3768 et
217 3707 354 3768 decimis
371 3707 477 3784 ipsius
492 3708 594 3781 villae,
612 3710 644 3770 et
658 3708 835 3770 medietate
849 3707 963 3770 banni.

173 3806 210 3863 ln
230 3805 458 3877 Baldenheim‚
492 3805 655 3882 capellam
681 3823 756 3867 cum
789 3807 965 3869 medietate

173 3901 375 3962 decimarum
400 3903 506 3979 ipsius
527 3903 631 3964 villae.
655 3905 692 3965 In
716 3903 962 3974 Wittensheim‚

174 4000 300 4059 curtem
341 4001 547 4062 Dominicam
574 4017 648 4061 cum
674 4000 781 4062 tribus
815 4001 965 4078 partibus

173 4092 276 4156 banni
289 4097 323 4157 et
335 4097 511 4158 ecclesiam
524 4098 628 4174 ipsius
643 4097 708 4158 loci
723 4113 797 4159 cum
815 4098 963 4160 decimis.

173 4194 211 4252 In
236 4193 514 4267 Niveratesheim,
540 4195 699 4258 allodium
731 4197 764 4257 et
792 4195 965 4257 ecclesiam

173 4305 247 4350 cum
267 4291 403 4352 decimis
423 4292 528 4368 ipsius
548 4291 648 4354 villae.
668 4295 704 4352 ln
725 4293 962 4364 swavesheim,

173 4391 299 4451 curtem
323 4389 529 4451 Dominicam
551 4406 625 4450 cum
652 4389 827 4452 medietate
849 4390 962 4452 banni.

174 4489 210 4547 ln
231 4487 484 4560 artolvesheim,
509 4487 645 4548 curtem·
659 4487 865 4549 Dominicam
890 4503 964 4550 cum

173 4585 314 4646 ecclesia
336 4586 369 4646 et
392 4585 529 4646 decimis
551 4586 659 4661 ipsius
680 4585 769 4647 villae
786 4586 819 4646 et
841 4584 963 4647 banno.

173 4683 341 4760 Capellam
366 4683 402 4742 in
432 4683 601 4744 Birnheim
625 4698 698 4743 cum
724 4683 860 4744 decimis
882 4685 963 4744 suis.

173 4783 210 4842 ln
221 4779 452 4852 Gruzenheim,
467 4781 594 4841 curtem
605 4781 811 4842 Dominicam
825 4797 899 4842 cum
910 4781 966 4842 tri·

172 4877 234 4938 bus
251 4875 401 4954 partibus
415 4876 518 4937 banni
537 4878 570 4938 et
587 4878 676 4939 omni
695 4878 840 4940 dominio
859 4879 965 4955 ipsius

172 4977 261 5038 villae
276 4977 310 5037 et
321 4975 496 5036 ecclesiam
512 4989 586 5035 cum
604 4974 740 5036 decimis
754 4977 836 5037 suis.
851 4983 884 5036 ln
896 4979 964 5036 Ar-

172 5074 335 5144 zenheim,
348 5074 474 5134 curtem
485 5072 691 5134 Dominicam
704 5089 779 5135 cum
792 5075 881 5136 omni
888 5077 965 5151 jure

173 5186 244 5232 suo.
260 5173 296 5230 In
311 5161 499 5243 Burcheim,
514 5171 660 5232 decimas
679 5172 861 5233 Dominicee
883 5187 965 5234 cur-

171 5270 226 5332 tis
246 5271 283 5329 ln
303 5268 481 5340 castineto,
498 5267 658 5346 praedium
677 5285 790 5328 unmn.
812 5271 849 5329 ln
866 5272 967 5330 Tam-

172 5365 269 5439 baco,
299 5365 459 5442 praedium
496 5383 610 5427 unum.
652 5368 689 5426 In
722 5365 963 5440 Illichirohem,

172 5468 241 5525 tres
262 5479 408 5525 mansos.
431 5467 468 5524 lu
493 5463 690 5532 offenheim,
713 5463 796 5524 duos
818 5480 963 5526 mansos

174 5563 210 5622 ln
237 5577 322 5638 pago
349 5561 585 5637 brisaugiensi,
612 5563 737 5624 curtem
760 5563 963 5624 hominicam

772 241 1000 304 EPISTOLAE.
1021 243 1102 304 ¹LIB.
1125 243 1211 304 viii.

1755 243 1840 306 aas·

1020 403 1056 464 in
1070 402 1152 464 villa
1162 401 1345 475 Wisvilre,
1357 416 1432 464 cum
1448 375 1815 482 omnihus‘appendttiis

1021 501 1090 560 suis
1105 500 1139 562 et
1152 499 1329 562 ecclesiam
1344 515 1419 561 cum
1435 501 1574 563 decimis
1587 503 1692 579 ipsius
1711 502 1814 574 villae,

1019 596 1129 658 banno
1147 599 1180 658 et
1199 598 1289 658 omni
1311 597 1469 665 dominio,
1492 599 1584 662 salva
1607 600 1641 661 in
1662 599 1814 660 omnibus

1020 695 1247 756 moderatione
1267 694 1405 756 Concilii
1426 696 1604 770 generalis.
1623 700 1660 758 In
1675 696 1813 758 Baldol·

1020 792 1180 864 vesheim,
1208 807 1327 854 novem
1360 791 1504 854 mansos.
1543 795 1580 854 In
1613 794 1813 866 lhensheim,

1020 905 1172 950 mansum
1188 905 1300 950 unum.
1319 891 1356 949 In
1368 890 1598 962 widensolen,
1614 907 1766 952 mansum
1781 893 1816 953 et

1020 986 1204 1048 dimidium.
1222 989 1260 1047 In
1276 987 1464 1058 Uresheim,
1479 1003 1630 1048 mansum
1646 1003 1759 1049 unum.
1776 990 1815 1050 In

1020 1083 1253 1155 Atratesheim,
1265 1085 1334 1146 tres
1345 1099 1489 1145 mansos.
1503 1087 1540 1146 ln
1551 1085 1709 1157 Ostheim,
1724 1101 1818 1146 man-

1021 1196 1094 1242 sum
1120 1196 1234 1242 unum.
1259 1183 1295 1242 In
1322 1181 1474 1254 onheim,
1499 1182 1583 1243 duos
1607 1197 1752 1244 mansos.
1777 1184 1816 1243 In

1019 1277 1247 1350 Veltchirhen,
1285 1278 1418 1340 vineam
1451 1291 1551 1340 unam
1585 1280 1617 1341 et
1643 1279 1816 1340 dimidium

1020 1391 1184 1436 mansum.
1206 1378 1243 1436 In
1265 1376 1474 1447 Rolesvvilre‚
1492 1376 1574 1437 duos
1594 1391 1739 1449 mansos,
1756 1377 1814 1438 in-

1021 1487 1121 1548 super
1140 1472 1272 1534 vineam
1290 1473 1391 1534 trium
1403 1475 1559 1552 jugerum
1575 1490 1649 1535 cum
1665 1473 1815 1535 curtibus

1021 1569 1110 1644 suis3
1131 1569 1211 1631 item
1230 1569 1331 1630 aliam
1352 1562 1497 1632 vineam.
1519 1573 1556 1631 In
1575 1571 1814 1644 Bateresheim‚

1021 1666 1103 1728 duos
1117 1681 1262 1728 mansos.
1278 1668 1316 1726 In
1330 1667 1520 1740 Burcheim,
1535 1667 1708 1728 dimidium
1723 1683 1816 1730 man·

1022 1779 1105 1824 sum.
1128 1766 1165 1824 In
1185 1763 1447 1838 Berolvesheim‚
1472 1779 1590 1826 novem
1612 1781 1756 1826 mansos.
1778 1768 1817 1827 In

1020 1859 1306 1934 Bliemaresheim,
1327 1861 1479 1937 quartam
1494 1862 1622 1938 partem
1641 1863 1759 1923 mansi.
1778 1865 1816 1922 In

1021 1956 1230 2024 Hocesheim,
1253 1958 1336 2019 duos
1360 1973 1493 2018 mansos
1514 1960 1547 2020 et
1568 1959 1751 2020 dimidium.
1777 1962 1816 2020 In

1021 2054 1251 2126 Hessenheim‚
1264 2053 1436 2116 dimidium
1448 2071 1610 2116 mansum.
1623 2055 1818 2118 Inhmrich·

1021 2151 1129 2222 wilre,
1153 2153 1286 2214 vineam
1308 2167 1419 2212 unam.
1444 2155 1480 2214 ln
1505 2152 1737 2224 Piaffenbeim,
1757 2154 1815 2216 vi-

1021 2263 1118 2310 neam
1134 2263 1245 2308 unam.
1263 2251 1300 2310 In
1320 2247 1544 2321 Dubelsheim,
1565 2249 1648 2310 duos
1667 2264 1814 2312 mansos.

1021 2347 1058 2406 In
1072 2345 1337 2418 hedolvesheim,
1354 2361 1506 2408 mansum
1526 2346 1559 2408 et
1578 2346 1763 2408 dimidium.
1776 2347 1818 2410 Ei

1020 2442 1056 2503 in
1075 2443 1319 2515 Mochenheim,
1340 2443 1512 2504 dimidium
1533 2460 1685 2505 mansum
1706 2447 1739 2507 et
1758 2460 1817 2506 ca-

1021 2540 1144 2616 pellam
1166 2540 1201 2600 in
1216 2540 1410 2602 llbersheim
1435 2540 1544 2613 sitam,
1568 2556 1643 2604 cum
1662 2541 1817 2603 omnibus

1020 2638 1233 2713 pertinentiis
1245 2639 1326 2698 suis.

1062 2736 1149 2795 sane
1172 2734 1343 2796 novalium
1364 2735 1552 2796 vestrorum
1574 2751 1646 2812 quse
1671 2735 1817 2811 propriis

1020 2830 1174 2892 manibus
1189 2832 1248 2892 aut
1268 2831 1453 2907 sumptibus
1469 2832 1590 2903 colitis,
1609 2832 1680 2893 sive
1697 2832 1737 2892 de
1752 2847 1817 2892 nu-

1019 2927 1185 2990 trimentis
1210 2928 1405 2988 animalium
1430 2930 1629 2996 vestrorum,
1659 2928 1771 2989 nullus
1795 2943 1816 2989 a

1019 3024 1114 3087 vobis
1130 3023 1276 3086 decimas
1291 3025 1427 3101 exigere
1442 3027 1500 3088 aut
1513 3028 1712 3103 extorquere
1728 3041 1817 3102 prae-

1020 3124 1139 3185 sumat.
1165 3123 1280 3185 Liceat
1301 3139 1432 3201 qnoque
1460 3124 1555 3186 vobis
1586 3124 1736 3195 clericos,
1762 3123 1816 3186 vel
1859 3193 1861 3198 ¹

1020 3219 1124 3282 laicos
1149 3236 1167 3282 e
1193 3221 1315 3281 saeculo
1335 3221 1501 3297 fugientes
1525 3223 1559 3283 et
1581 3220 1750 3282 absolutos
1774 3219 1816 3280 ad

1020 3318 1272 3380 conversionem
1287 3320 1449 3395 recipere,
1464 3318 1498 3380 et
1517 3333 1574 3381 eos
1589 3318 1712 3396 absque
1730 3333 1815 3379 con-

1019 3415 1218 3478 tradictione
1231 3415 1344 3493 aliqua
1356 3417 1514 3478 retinere.
1530 3415 1749 3478 Prohibemus
1762 3415 1817 3476 in-

1019 3529 1131 3590 super,
1159 3515 1196 3576 ut
1223 3514 1307 3574 nulli
1340 3513 1482 3576 fratrum
1510 3515 1710 3585 vestrorum,
1741 3511 1817 3589 post

1019 3610 1140 3672 iactam
1155 3612 1190 3671 in
1206 3612 1321 3672 eodem
1341 3612 1415 3672 loco
1435 3611 1687 3688 professionem,
1707 3608 1817 3671 fassit

1020 3708 1144 3784 absque
1167 3708 1296 3770 abbatis
1322 3709 1374 3770 sui
1396 3709 1542 3780 licentia,
1568 3708 1635 3770 nisi
1658 3707 1815 3768 arctioris

1019 3805 1196 3880 religionis
1209 3805 1346 3866 obtentu
1355 3804 1396 3865 de
1411 3803 1527 3865 eodem
1542 3804 1614 3865 loco
1628 3803 1815 3875 discedere;

1020 3901 1245 3966 discedentem
1266 3916 1347 3963 vero
1369 3901 1493 3977 absque
1513 3901 1737 3964 communium
1759 3899 1818 3961 lit-

1018 4000 1166 4060 terarum
1181 3999 1368 4060 vestrarum
1383 3999 1550 4068 cauti0ne,
1566 3997 1679 4059 nullus
1693 3996 1816 4058 audeat

1019 4095 1175 4156 retinere.
1189 4097 1296 4166 Quum
1310 4094 1421 4156 autern
1434 4094 1591 4170 generale
1603 4094 1815 4156 interdictum

1019 4195 1117 4255 terrae
1133 4192 1243 4264 luerit,
1259 4192 1360 4254 liceat
1374 4191 1469 4252 vobis
1485 4191 1608 4254 clausis
1619 4191 1746 4269 januis,
1760 4205 1816 4252 ex·

1020 4290 1123 4352 clusis
1146 4289 1453 4358 excommunicatis
1466 4292 1499 4352 et
1521 4289 1720 4361 interdictis,
1748 4303 1815 4352 non

1020 4387 1161 4466 pulsatis
1180 4389 1362 4464 campanis,
1387 4403 1566 4464 suppressa
1587 4403 1680 4460 voce,
1701 4386 1816 4450 divina

1020 4486 1129 4548 officia
1144 4484 1326 4548 celebrare.
1344 4486 1556 4562 sepulturam
1575 4488 1738 4562 praeterea
1756 4485 1813 4560 ip-

1020 4584 1089 4644 sius
1104 4584 1169 4645 loci
1185 4582 1326 4644 liberam
1337 4597 1410 4644 esse
1421 4583 1641 4654 decernimus,
1653 4585 1815 4643 uteorum

1020 4681 1188 4743 devotioni
1205 4683 1237 4742 et
1252 4681 1410 4744 extremae
1429 4679 1604 4751 voluntati,
1621 4679 1678 4756 qui
1693 4694 1729 4738 se
1743 4678 1815 4740 illic

1020 4778 1156 4855 sepeliri
1169 4777 1439 4848 deliberaverint,
1452 4777 1516 4837 nisi
1529 4774 1614 4838 torte
1626 4790 1816 4836 excommu-

1019 4875 1122 4936 nicati
1146 4875 1199 4938 vel
1224 4875 1395 4936 interdicti
1423 4875 1500 4947 sint,
1528 4873 1640 4934 nullus
1663 4872 1812 4945 obsistat,

1020 4973 1113 5034 salva
1125 4975 1236 5035 tamen
1247 4972 1379 5049 Justitia
1394 4971 1528 5032 illarum
1547 4971 1776 5043 ecclesiarum,
1794 4987 1814 5032 a

1019 5070 1139 5147 quibus
1175 5073 1380 5134 mortuorum
1416 5084 1557 5145 corpora
1586 5071 1812 5131 assumuntur.

1020 5169 1169 5231 obeunte
1184 5185 1264 5231 varo
1279 5171 1323 5240 ie,
1339 5183 1427 5228 nunc
1442 5167 1590 5245 ejusdem
1605 5167 1670 5230 loci
1683 5167 1811 5239 abbate,

1020 5267 1228 5330 veltuorum
1258 5265 1404 5343 quolibet
1434 5281 1675 5337 successorum,
1701 5265 1814 5326 nullus

1019 5364 1065 5425 ibi
1089 5364 1237 5443 qualibet
1259 5364 1483 5441 subreptionis
1509 5365 1643 5436 astutia,
1669 5379 1728 5424 seu
1747 5363 1816 5425 vio·

1020 5462 1122 5524 lentia
1138 5463 1363 5539 praeponatur,
1379 5462 1445 5524 nisi
1467 5477 1563 5539 quem
1583 5461 1703 5523 iratres
1723 5475 1815 5524 com-

1020 5562 1112 5622 muni
1138 5575 1315 5632 consensu,
1331 5561 1384 5622 vel
1414 5559 1553 5622 iratrum
1580 5575 1658 5636 pars
1682 5560 1814 5622 consilii
