4274 6388
284 187 344 248 ²⁹⁹
902 130 1078 256 uouoan
1099 189 1144 253 111
1166 189 1313 262 ornus.
1393 221 1397 236 ,
1546 139 1549 146 ’
1863 187 1925 249 300

324 345 530 426 Quapropter
556 351 754 426 provocatus
775 352 935 416 Dominus
956 352 1076 414 dexte·
1130 347 1324 412 instantiam
1337 347 1536 426 patriarchae
1558 345 1707 425 praedicti
1734 345 1923 414 stallorum

283 443 772 522 raminsinistremetgratiam
781 449 964 528 mutavitin
979 449 1075 518 iram,
1132 448 1362 521 Orientalium,
1373 448 1407 508 in
1418 447 1571 508 nostrast
1583 443 1723 506 tratrnrn
1734 445 1924 520 nostrorum

285 540 456 622 cytharam
466 541 562 604 nobis
577 544 676 604 vertit
686 543 864 634 iniustum,
876 544 1076 620 etgandinm
1131 544 1320 622 praesentia,
1340 546 1373 605 et
1388 541 1609 606 multitudinis
1624 541 1795 602 hominum
1809 539 1866 618 qui
1881 539 1924 602 ad

283 636 454 706 transtulit
481 639 516 698 in
545 655 731 710 moerorem,
752 656 863 718 quum,
894 640 1017 702 nostris
1041 639 1076 709 in
1131 640 1331 718 colloquium
1346 641 1517 712 venerant,
1532 655 1568 700 se
1585 638 1761 700 ducturum
1776 637 1811 698 in
1833 653 1923 700 nro-

283 747 385 797 manu
403 735 515 798 hostili
530 735 706 808 conclusis,
721 739 753 798 et
765 737 894 814 perdita
907 736 1074 809 Damiata,
1130 753 1201 800 rem
1216 739 1397 814 legitimam
1413 737 1514 798 tiliam
1528 736 1618 811 regis
1628 735 1776 812 ejusdem
1786 734 1926 812 jurisju-

283 829 378 892 hrevi
406 831 534 894 dierum
561 849 700 894 numero
728 833 778 894 sic
805 834 971 897 exinaniti
999 837 1077 896 sunt
1131 836 1228 896 randi
1240 835 1402 912 religione
1417 833 1572 896 firmavit.
1876 901 1878 906 ,

283 928 441 1004 temporis
465 929 557 1006 longi
580 930 723 1002 labores,
750 931 835 1010 qnod
871 947 937 992 non
967 931 1076 992 solum
1172 935 1259 994 Sane
1280 931 1455 1008 probabili
1486 929 1742 1008 praesumptione
1773 929 1924 990 tenemus

284 1023 552 1100 blasphemorum
575 1027 710 1104 injuriis
730 1044 851 1092 nomen
872 1029 924 1090 ast
942 1029 1078 1106 exposi-
1132 1029 1217 1105 quod
1232 1044 1252 1089 a
1268 1029 1408 1090 Domino
1423 1027 1545 1088 tactum
1571 1029 1622 1102 est
1647 1026 1748 1098 istud,
1774 1026 1811 1086 ut
1837 1024 1925 1088 votis

285 1122 355 1183 tum
379 1121 609 1192 christianum,
636 1140 751 1186 verum
775 1125 876 1187 etiarn
891 1124 998 1202 quoad
1013 1125 1078 1186 ali·-
1131 1123 1823 1203 odeliumoptataereisoccessusexsoivat
1837 1121 1925 1200 quod

286 1234 368 1294 quos
382 1219 437 1296 qni
452 1220 630 1296 aliquando
646 1222 973 1283 communicaverant
987 1221 1074 1293 fidei,
1132 1223 1368 1299 praeconceptae
1381 1222 1452 1298 spei
1469 1220 1630 1298 praeludia¹
1644 1219 1869 1297 promiserunt
1882 1217 1925 1284 ad

284 1316 486 1392 contemptui
510 1316 605 1378 datus
627 1319 678 1380 est
700 1318 772 1394 ipse
796 1319 957 1380 Christus.
982 1319 1077 1380 Unde
1132 1319 1184 1382 sui
1199 1318 1474 1382 restaurationem
1500 1317 1641 1394 negotii;
1664 1317 1757 1378 tuum
1781 1316 1814 1378 et
1835 1315 1925 1377 alio-

284 1411 371 1473 iacta
385 1414 435 1475 est
449 1413 565 1475 durior
576 1415 650 1490 post
674 1415 927 1492 prosperitatem
952 1415 1076 1476 adver·
1131 1431 1206 1478 rum
1220 1431 1337 1492 regum
1350 1430 1390 1476 ac
1404 1415 1592 1492 principum
1604 1414 1735 1476 animos
1750 1414 1822 1489 ipse
1837 1412 1926 1476 iilius

284 1509 386 1581 sitas,
418 1511 451 1572 et
478 1525 518 1573 eo
548 1512 658 1572 minus
691 1511 807 1574 habuit
841 1511 1077 1574 consolationis
1132 1513 1252 1574 summi
1265 1512 1366 1588 Regis
1378 1510 1547 1583 accendet,
1560 1511 1617 1589 qui
1627 1511 1668 1572 de
1678 1511 1806 1586 secreto
1815 1510 1926 1576 Petris

285 1605 435 1676 ardictio,
451 1623 515 1685 qno
530 1607 640 1668 minus
655 1609 851 1684 argumenta
867 1609 1076 1686 prosperita·
1131 1610 1166 1670 in
1182 1609 1351 1688 publicum
1365 1625 1531 1686 egressus,
1541 1608 1582 1670 ad
1596 1623 1710 1670 servos
1724 1609 1765 1668 ad
1776 1609 1843 1668 ima
1856 1606 1928 1670 des·

282 1703 326 1765 tis
341 1705 517 1780 praeteritae
533 1705 717 1768 subsecutae
734 1707 875 1782 jacturae
891 1706 959 1783 pati
982 1706 1078 1783 pote·
1132 1708 1252 1780 cendit,
1265 1708 1301 1769 ut
1310 1706 1461 1778 subditis,
1475 1707 1517 1768 ad
1528 1721 1656 1766 summa
1666 1706 1799 1784 pararet
1809 1720 1928 1770 ascen·

283 1801 359 1862 rant
387 1803 622 1877 conjecturam.
660 1802 735 1874 Sed,
770 1803 848 1864 licet
882 1803 1077 1880 iniquitates
1132 1821 1216 1876 sum,
1233 1801 1926 1880 subtestanostraemortnlitatistigulusin

284 1901 407 1960 nostrae
426 1913 613 1974 quanquam
637 1896 683 1976 (1)
709 1898 883 1960 diviserint
901 1900 991 1959 inter
1015 1914 1076 1959 nos
1131 1901 1230 1962 terris
1248 1901 1342 1963 visus
1358 1901 1391 1962 et
1404 1899 1680 1962 cumhominibus
1699 1899 1926 1960 conversatus.

286 1997 319 2058 et
331 1999 434 2058 Deum
450 1997 611 2068 nostrum,
629 2011 695 2056 non
708 1996 758 2057 est
771 1998 883 2056 tamen
895 1997 1077 2070 aggravata
1131 2001 1237 2058 Tuum
1250 1995 1478 2074 proculdubio
1493 1996 1620 2074 expetit
1631 1997 1664 2058 at
1677 1997 1847 2072 exspectat
1861 2011 1926 2058 an-

283 2093 357 2168 eJus
369 2091 472 2162 auris,
487 2091 599 2154 utnon
611 2091 779 2164 exaudiat,
797 2107 858 2154 nec
871 2090 1074 2162 abbreviata,
1130 2094 1249 2155 uilium
1276 2107 1378 2154 causa
1400 2091 1534 2164 Christi,
1559 2093 1592 2154 et
1611 2091 1783 2170 probatam
1811 2092 1927 2154 domus

284 2191 501 2264 manusejns,
520 2188 781 2250 utsalvarenon
803 2189 918 2264 possit.
942 2188 1077 2250 Miseri·
1130 2193 1197 2252 tuae
1236 2190 1418 2268 potentiam
1453 2188 1620 2252 desiderat
1660 2191 1762 2250 Terra
1793 2189 1926 2252 Sanam.

283 2285 430 2348 cordiam
443 2286 563 2362 quippe
578 2300 644 2347 non
659 2285 841 2348 continebit
854 2287 890 2346 in
911 2285 974 2358 ira,
996 2286 1077 2363 quin
1131 2287 1297 2364 Numquid
1311 2286 1368 2364 qui
1392 2285 1509 2348 habuit
1523 2285 1563 2346 de
1571 2285 1757 2361 juventutis
1772 2284 1837 2347 tuae
1852 2284 1926 2362 pri-

284 2384 401 2444 saltem
425 2384 559 2460 propter
584 2398 704 2444 nomen
731 2397 838 2454 suurn,
867 2397 908 2444 ne
932 2381 1074 2444 ulterius
1131 2386 1245 2457 mitiis,
1264 2386 1296 2446 et
1315 2384 1355 2446 de
1370 2382 1508 2460 majoris
1523 2382 1631 2444 aetatis
1654 2382 1817 2458 reliqniis,
1832 2382 1928 2459 quasi

282 2478 529 2556 blasphemetur
553 2478 764 2554 ingentibus,
788 2479 939 2556 potenter
957 2494 1077 2539 exsur-
1131 2482 1171 2544 de
1193 2482 1270 2544 vitas
1294 2482 1423 2542 decima
1447 2496 1514 2542 non
1544 2479 1696 2541 habebitl
1720 2481 1745 2541 Ο
1769 2482 1928 2558 quantum

283 2593 364 2653 gens
396 2577 524 2653 judicet
559 2591 693 2638 causam
720 2591 825 2648 suam,
855 2578 899 2643 et,
925 2574 1076 2638 exaltans
1131 2580 1337 2641 accresceret
1359 2575 1508 2654 ejusdem
1523 2579 1633 2638 Terrae
1659 2576 1817 2648 subsidio,
1843 2577 1928 2640 sida

285 2672 444 2736 humilem
457 2674 492 2734 in
505 2673 657 2745 salutem,
672 2673 804 2750 iniquos
817 2672 929 2748 abigat
941 2673 974 2736 et
984 2688 1078 2734 cons·
1132 2676 1313 2758 propagata
1342 2675 1516 2736 devotione
1552 2673 1657 2749 patris
1685 2674 1721 2734 in
1747 2673 1836 2735 tilios
1869 2689 1928 2751 per

282 2771 522 2834 ternatelatos.
1132 2787 1293 2834 unnmex
1312 2772 1394 2848 ipsis
1418 2770 1612 2832 subvenires
1635 2771 1786 2832 intantae
1806 2787 1927 2834 neces·-

322 2870 406 2930 Ecce
421 2868 527 2944 ipsius
542 2867 772 2944 inspiratione,
800 2869 836 2929 ut
852 2866 991 2928 tirmiter
1003 2881 1078 2927 cre-
1132 2869 1240 2936 sitatis
1252 2868 1395 2930 articulo
1406 2868 1590 2928 Crucidxol
1608 2869 1740 2944 Oquam
1751 2868 1927 2946 magnilica

283 2963 402 3036 dimus,
418 2964 610 3026 carissimus
636 2965 672 3024 in
696 2965 826 3025 Christo
852 2964 940 3024 lilius
963 2963 1077 3024 noster
1131 2967 1172 3028 ad
1196 2981 1390 3028 succursum
1405 2965 1524 3026 devota
1540 2965 1649 3026 Callia
1672 2981 1708 3026 se
1730 2967 1875 3043 pararet,
1892 2965 1928 3030 ut

284 3061 493 3134 Fredericns,
511 3061 650 3121 illustris
660 3064 885 3124 Romanorum
897 3060 1078 3138 imperator
1131 3064 1274 3130 mittenti
1299 3062 1446 3140 placeret
1469 3065 1502 3124 et
1528 3063 1645 3124 missol
1673 3059 1768 3124 Absit
1793 3065 1830 3124 ut
1855 3063 1929 3140 post

285 3173 415 3232 semper
436 3157 595 3232 augustus
633 3160 666 3218 et
691 3173 753 3218 rer
775 3157 915 3224 Siciliae,
943 3157 1077 3218 omissis
1131 3162 1224 3235 terga
1245 3160 1427 3232 remaneat,
1442 3175 1516 3236 qnae
1535 3158 1723 3236 praecedere
1738 3159 1926 3222 consuerit!

284 3254 397 3316 multis
412 3254 591 3330 arduisque
601 3254 753 3329 negotiis,
771 3269 911 3330 quorum
919 3268 1003 3314 onus
1015 3253 1077 3314 ho·
1108 3243 1109 3288 3
1132 3254 1228 3316 Absit
1253 3257 1290 3316 ut
1309 3255 1377 3316 tarn
1397 3250 1537 3315 salutari
1552 3253 1677 3317 Christi
1692 3252 1828 3316 servitio
1845 3269 1927 3332 gens

284 3367 400 3412 norem
431 3349 613 3426 imperialis
642 3349 849 3412 celsitudinis
866 3349 1075 3426 sequebatur,
1108 3337 1198 3413 ‘tan
1221 3351 1404 3413 christiana
1418 3349 1655 3411 sesubtrabati
1680 3350 1775 3412 Absit
1795 3351 1830 3412 ut
1855 3366 1928 3428 quae

283 3448 377 3512 venit
391 3447 432 3508 ad
457 3463 517 3508 nos
538 3447 574 3506 in
591 3446 815 3522 Campaniam,
839 3445 1010 3507 nobiscum
1037 3446 1078 3508 de
1132 3463 1191 3525 pro
1202 3447 1341 3510 Domino
1357 3447 1518 3509 hactenus
1532 3461 1635 3508 onera
1646 3447 1925 3519 multasustinuit,

284 3545 451 3626 praedictae
461 3547 572 3606 Terrae
583 3543 730 3605 subsidio
741 3544 953 3614 tractaturus,
965 3541 1077 3621 ibique
1131 3546 1167 3606 in
1193 3545 1354 3621 peculiari
1379 3544 1465 3606 bello
1492 3544 1552 3604 Dei
1574 3543 1634 3604 dlii
1662 3545 1770 3606 solvat
1796 3544 1927 3608 militie

284 3642 503 3721 praesentibus
524 3640 708 3703 venerabili
723 3640 825 3704 tratre
844 3643 957 3702 nostro
972 3640 1079 3719 patri·
1132 3642 1311 3718 cingulum,
1327 3656 1420 3702 arma
1430 3641 1598 3718 relinquat
1612 3640 1768 3718 rubigini,
1781 3640 1927 3702 animum

284 3741 398 3813 archa,
421 3741 454 3802 et
473 3739 647 3800 carissimo
667 3737 849 3801 inChristo
871 3737 940 3800 tilio
964 3739 1077 3800 nostro
1132 3739 1230 3814 negot
1263 3739 1423 3809 victoriae,
1461 3754 1561 3814 quum
1595 3754 1720 3800 corona
1749 3754 1816 3799 non
1843 3737 1929 3800 desit

165 3833 167 3856 ⁸
282 3837 446 3904 Johanne,
458 3835 582 3897 illustri
590 3849 669 3912 rega
678 3834 966 3912 ierosolymitano,
978 3834 1079 3896 Beth·
1132 3834 1313 3897 victoribus
1329 3849 1388 3914 per
1402 3835 1543 3910 gratiam
1557 3836 1590 3896 et
1610 3835 1763 3896 meritum
1784 3836 1821 3896 in
1839 3851 1928 3911 prac-

282 3933 461 3996 leemitano
493 3932 660 4008 episcopo,
694 3931 854 4006 magistro
882 3931 1074 4008 Hospitalis,
1132 3933 1228 4003 senti,
1241 3947 1300 4008 per
1314 3932 1684 4008 gloriametpraeminm
1698 3932 1734 3992 in
1748 3931 1872 3994 snturol

284 4029 487 4108 praeceptore
521 4028 659 4104 Templi,
702 4029 735 4088 et
768 4028 928 4103 magistro
956 4028 1077 4090 domus
1171 4026 1929 4106 Hincestqnodexcellentiamtuarnaiiectuose

283 4113 574 4197 Theutonicorum,
601 4140 640 4186 ac
660 4124 735 4187 aliis
755 4139 837 4201 quos
861 4125 903 4186 ad
917 4127 1077 4191 tractatus
1131 4107 1299 4202 rogamus,
1312 4124 1525 4186 serenissime
1537 4140 1665 4202 regum,
1679 4126 1712 4186 et
1725 4139 1745 4186 a
1758 4125 1930 4186 teinstan-

283 4222 474 4299 bujnsmodi
488 4221 631 4284 diversis
647 4221 921 4296 mundipartibus
934 4221 1077 4282 vidimus
1130 4224 1182 4285 ter
1197 4221 1418 4298 exposcimus,
1436 4221 1714 4284 christianissime
1728 4222 1927 4299 principum,

283 4318 499 4390 adhibendos,
527 4318 667 4392 singulis
697 4333 770 4394 quae
801 4319 921 4380 natura
952 4319 1077 4394 negotii
1131 4320 1340 4382 obsecrantes
1356 4333 1415 4395 per
1430 4320 1561 4379 Patrem
1583 4321 1616 4379 et
1628 4318 1750 4378 Filium
1764 4319 1797 4378 et
1810 4317 1922 4392 Spiri-

283 4415 476 4495 requirebat
503 4414 654 4490 diligenti
676 4413 889 4476 meditatione
915 4416 1074 4493 pensatis,
1130 4419 1198 4478 tum
1215 4417 1383 4488 Sanctum,
1397 4431 1457 4493 per
1478 4415 1674 4490 sanguinem
1693 4416 1775 4476 ,lesu
1790 4413 1926 4488 Christi,

282 4514 370 4576 idem
392 4513 583 4590 imperator,
601 4510 641 4572 ad
667 4515 817 4572 nostrum
832 4511 1075 4589 beneplacitum
1131 4515 1167 4575 ut
1180 4529 1342 4590 exsurgas
1365 4514 1401 4573 in
1416 4511 1617 4590 adjutorium
1641 4511 1765 4574 Christi
1778 4516 1839 4586 tur,
1857 4511 1926 4590 qui,

283 4609 1077 4687 etconsilinmpraedictorum,transtretanditcr·
1131 4611 1273 4689 quodam
1288 4611 1385 4672 modo
1401 4609 1435 4670 in
1449 4625 1485 4670 se
1507 4609 1665 4686 prodigus
1688 4613 1721 4672 et
1744 4626 1865 4688 parcus
1891 4612 1928 4674 in

281 4710 408 4772 minum
421 4706 550 4772 infesto
565 4706 653 4768 beati
668 4706 1077 4784 iohannisBaptistaepost
1130 4711 1247 4781 servis,
1263 4706 1439 4785 temporali
1460 4706 1558 4768 morti
1573 4722 1608 4768 se
1631 4707 1778 4779 tradidit,
1801 4709 1836 4770 ut
1859 4710 1927 4772 tea

279 4805 451 4870 biennium
471 4805 622 4884 proximo
634 4805 789 4866 secuturo
798 4799 948 4880 prompta
961 4804 1076 4865 uolun-
1130 4805 1281 4868 saucibus
1296 4805 1412 4866 mortis
1421 4803 1565 4882 eriperet
1574 4804 1927 4882 sempiternae.Exsur·

280 4906 348 4966 tate
363 4903 520 4982 suscepit,
536 4901 709 4977 corporale
722 4917 823 4977 super
834 4901 898 4962 hoc
912 4900 1075 4962 exhibens
1129 4919 1188 4980 gas
1203 4905 1236 4964 et
1250 4903 1372 4964 liberes
1386 4904 1522 4962 Terram
1536 4901 1629 4962 illam
1643 4902 1679 4962 in
1703 4917 1767 4978 qna
1784 4903 1925 4964 salntem

280 5004 482 5078 spontaneus
493 5002 731 5076 juramentum.
750 4998 909 5076 benique,
927 5001 964 5060 ut
981 5000 1021 5061 ad
1041 4998 1075 5083 id
1131 5001 1269 5062 humani
1290 4999 1423 5076 generis
1447 5000 1602 5074 operatus
1628 5000 1679 5059 est
1706 5000 1929 5076 personaliter-

242 5097 244 5100 ’
280 5099 412 5176 plenius
430 5113 527 5158 sunm
550 5094 780 5158 manifestaret
792 5095 969 5168 affectum,
986 5097 1019 5158 et
1040 5097 1076 5158 ut
1130 5099 1203 5174 ipse
1229 5097 1396 5159 Salvator!
1433 5099 1601 5170 Exsurgas
1626 5094 1667 5156 ad
1696 5096 1929 5158 contritionem

278 5195 353 5274 plus
369 5193 445 5254 fidei
458 5193 594 5254 daretur
609 5193 753 5282 negotio,
774 5208 813 5253 ac
840 5194 974 5256 omnino
995 5210 1074 5256 sus·
1130 5195 1276 5258 nationis
1300 5209 1410 5271 pravas
1440 5194 1539 5270 atque
1567 5207 1746 5270 perversae,
1778 5210 1851 5273 quae
1874 5192 1929 5254 ubi

278 5291 421 5372 picionis
436 5289 612 5352 contrariae
635 5290 811 5368 scrupulus
826 5291 1012 5364 tolleretur,
1032 5292 1074 5353 ad
1130 5293 1173 5355 sit
1188 5295 1274 5354 Deus
1288 5292 1553 5353 Christianorum
1571 5289 1784 5368 improperat,
1802 5292 1835 5354 et
1849 5291 1932 5352 mul-

313 5503 354 5578 (i)
370 5504 486 5574 bouum·
500 5501 577 5572 opud
591 5499 744 5558 ltirruldum
760 5501 941 5576 quandoque.
961 5501 1125 5576 [bouquet]
