4244 6374
766 311 993 386 EPISTOLAE.
1017 313 1095 372 LIB.
1120 315 1205 375 VIII.

479 478 635 564 cxxix

219 628 271 687 Act
292 629 501 690 1013310031
519 633 738 690 Francorum
761 645 899 707 regern,

415 758 602 819 20101το3011
624 761 703 820 lant.

237 881 372 947 [1333301.
390 885 493 934 llecneil
511 885 554 934 des
571 885 673 943 Hister„
689 882 757 944 XIX,
777 883 873 949 3711.

363 964 474 1025 Regnat,
485 964 531 1016 lib.
547 965 610 1022 VIII,
624 979 665 1029 ep.
678 965 745 1030 2824

157 1068 200 1125 Ne
214 1067 281 1140 quid
294 1068 435 1128 Frederici
446 1073 640 1129 Romanorum
654 1073 834 1144 imperatoris
845 1072 874 1128 in
889 1073 953 1128 'ler-

192 1171 254 1213 ram
269 1159 403 1216 Sanctam
419 1159 556 1232 profectIo
577 1160 692 1219 obesset
706 1161 794 1233 quieti
812 1159 950 1218 Occiden-

191 1246 238 1314 tis,
254 1261 352 1319 regern
377 1248 552 1306 ludovicum
568 1249 675 1308 inducit
691 1250 834 1307 Honorius
853 1258 949 1321 0133-

191 1349 254 1392 cern
269 1335 381 1394 interim
392 1353 458 1395 cum
468 1338 580 1412 Angliae
590 1354 659 1412 rege
672 1339 813 1408 conciliet,
825 1339 871 1396 vel
886 1354 951 1396 curn

190 1423 289 1482 eodem
302 1435 435 1499 proroget
446 1426 586 1496 inducias,
597 1428 672 1500 quod
682 1427 851 1500 promiserat
863 1442 950 1500 prope

189 1514 343 1571 moriturus
353 1530 402 1571 rcx
418 1515 576 1588 Philippus.

194 1642 363 1702 Honorius
403 1643 643 1719 episcopus....,
692 1643 867 1705 carissimo
911 1644 951 1708 in

154 1737 287 1800 Christo
302 1738 372 1799 filio
388 1740 501 1801 nostro
517 1741 696 1813 Ludovieo,
711 1742 783 1817 regi
798 1743 949 1803 Franco-

154 1848 229 1895 rum
242 1834 378 1908 illustri,
396 1837 547 1910 salutem,
565 1839 627 1900 etc.

195 1933 275 1992 Cum
300 1934 483 2010 cogitamus
509 1936 595 2012 apud
619 1937 840 2012 nosmetipsos
855 1935 950 1995 illum

154 2029 399 2092 indesinentem
440 2049 531 2108 purae
572 2033 760 2095 devotionis
795 2033 950 2093 affectum

154 2142 251 2202 quem
277 2127 410 2205 inclytae
447 2130 615 2192 memorias
645 2131 874 2206 progenitores
900 2130 949 2191 tui

153 2239 285 2300 semper
306 2226 347 2285 ad
370 2229 471 2287 Deum
502 2227 536 2288 et
559 2230 741 2288 Romanam
766 2227 949 2289 Ecclesiam

152 2319 352 2394 hahuerunt,
369 2323 501 2399 plenam
522 2341 614 2401 spem
632 2325 852 2403 fiduciamque
870 2341 950 2386 con-

153 2419 305 2494 cipimus,
329 2421 414 2496 quod
431 2437 450 2481 3
466 2423 499 2482 10
514 2421 648 2483 illorum
668 2437 861 2484 successore
882 2439 949 2484 non

155 2516 264 2576 solum
278 2517 313 2577 in
327 2518 454 2580 honore
468 2519 575 2594 regni,
593 2520 650 2582 sed
666 2519 767 2581 etiam
782 2521 818 2581 in
833 2519 947 2582 since-

151 2613 254 2674 ritate
269 2613 347 2675 11101
362 2617 394 2676 01
408 2615 551 2677 aliarum
565 2617 685 2678 decore
699 2617 872 2691 virtutum,
890 2619 947 2678 ni-

151 2710 200 2771 hil
215 2711 340 2776 frustra
352 2715 500 2790 petemus
513 2715 599 2791 quod
615 2731 676 2775 303
690 2720 803 2792 301000
819 2716 947 2785 100031,

151 2810 230 2870 0110
252 2809 378 2885 130000;
394 2811 576 2887 quinimmo
592 2828 723 2888 semper
737 2813 824 2889 apud
846 2816 947 2874 Sere-

151 2907 290 2968 nitatem
318 2908 410 2968 tuam
448 2909 582 2986 plenum
616 2897 786 2986 petitionis
825 2912 948 2972 3031030

151 3005 388 3082 consequimur
416 3005 581 3068 effectum.
612 3007 705 3068 Licet
732 3007 842 3068 autem
861 3007 949 3068 hanc

150 3101 191 3162 de
206 3103 239 3162 te
255 3101 409 3163 fiduciam
425 3103 459 3162 in
475 3103 628 3164 omnibus
648 3119 802 3179 geramus
816 3104 948 3165 casibus

150 3198 184 3260 ot
197 3198 359 3273 articulis,
377 3200 412 3260 in
427 3201 495 3261 illis
509 3203 621 3262 tamen
636 3217 709 3262 earn
730 3202 875 3262 maxime
890 3218 949 3278 ge-

152 3295 272 3370 rimus,
289 3297 325 3358 13
340 3297 512 3376 quibusda
528 3299 651 3360 divinis
667 3298 835 3376 obsequiis
851 3300 884 3360 et
908 3299 948 3360 de

153 3410 259 3456 03333
280 3396 417 3456 honoris
440 3397 489 3459 131
516 3397 628 3473 agitur
654 3398 687 3458 et
706 3397 834 3458 3313113.
861 3399 948 3458 Sane

151 3493 210 3554 103
223 3491 411 3554 sublimitas
426 3510 493 3554 non
508 3494 642 3571 ignorat
652 3495 738 3571 quod
754 3495 948 3556 carissimus

149 3590 185 3651 13
198 3591 331 3653 Christo
348 3591 436 3652 filius
452 3594 565 3654 noster
580 3593 788 3665 FredericuS,
804 3593 947 3653 illustris

149 3690 378 3750 Romanorum
400 3690 592 3766 imperator,
620 3706 753 3767 semper
773 3691 945 3766 augustus,

149 3787 183 3848 et
196 3802 260 3847 rex
276 3786 459 3858 8101113313
474 3789 639 3864 colloquio
651 3787 749 3866 quod,
764 3803 851 3849 anno
867 3805 949 3864 prae-

149 3883 261 3956 terite,
278 3884 450 3944 nobiscum
465 3885 583 3946 habuit
601 3886 635 3946 in
652 3886 843 3962 Campania,
861 3902 950 3962 prae-

150 3979 229 4042 stito
245 3982 464 4057 corporaliter
474 3984 676 4059 juramento,
689 3983 834 4044 firmavit
848 3983 946 4060 quod,

150 4077 484 4153 ahalendisaugusti
507 4080 659 4156 proximo
684 4095 772 4140 3330
798 4080 948 4142 venturis

151 4173 192 4236 ad
223 4190 347 4235 annum
373 4191 487 4242 unum,
517 4176 748 4238 transfretabit
775 4177 810 4236 in
835 4180 947 4238 Terrae

151 4273 283 4334 Sanctae
304 4271 498 4334 subsidium.
524 4273 618 4334 Unde
643 4289 715 4346 nos,
741 4275 947 4336 attendentes

150 4385 225 4431 0330
235 4370 442 4446 permaxime
452 4371 678 4430 necessarium
690 4371 725 4431 ut
737 4371 949 4433 interGhris-

148 4467 261 4528 tianos
272 4482 397 4540 303303,
415 4483 454 4527 30
469 4467 614 4529 maxime
629 4468 717 4529 inter
732 4469 949 4530 excellentio-

66 4580 70 4588 ·
149 4579 204 4626 res
215 4564 395 4641 principes,
413 4581 480 4642 pax
494 4565 547 4626 vel
558 4566 676 4640 treuga
689 4566 834 4638 interim,
851 4567 949 4642 prout

150 4663 252 4724 etiam
284 4662 460 4722 statuimus
498 4663 533 4723 13
574 4663 739 4741 colloquio
768 4663 946 4734 antediem,

151 4759 339 4831 serventur,
363 4761 525 4836 33310333
540 4760 604 4837 1331
626 4763 737 4822 Terrae
762 4762 890 4822 Sanctae
906 4761 950 4821 li-

149 4854 264 4918 berius
283 4857 397 4919 veniat
409 4873 452 4917 ex
464 4858 554 4918 omni
569 4859 663 4934 parte
680 4858 794 4918 mundi
810 4873 950 4919 300000-

150 4969 218 5026 303,
240 4953 341 5016 013030
364 4955 606 5015 0000013110313
621 4955 812 5032 Philippum
836 4971 948 5031 regem

149 5052 314 5124 Franciae,
333 5052 460 5128 patrem
481 5051 584 5124 tuum,
603 5053 736 5129 331303
760 5053 950 5130 specialiter

150 5149 291 5210 caritate
305 5149 433 5222 dilexit,
448 5151 577 5210 intenta
593 5164 690 5226 30000
705 5152 898 5226 rogavimus
915 5152 951 5212 01

150 5259 225 5306 cum
253 5245 426 5306 carissimo
456 5247 525 5308 tilio
557 5248 671 5309 nostro
701 5248 845 5308 Henrlco
869 5263 949 5323 rege

150 5343 332 5417 Anglorum
348 5343 471 5405 illustri
480 5344 581 5407 iniret
591 5344 715 5406 foedera
728 5345 831 5406 firmae
845 5345 948 5421 pecie,

149 5439 203 5500 vel
217 5440 334 5501 saltem
349 5443 485 5516 treugas
497 5458 570 5519 quae
583 5443 670 5505 inter
685 5443 776 5519 ipsos
793 5442 949 5505 stabilitae

150 5533 294 5608 fuerant,
322 5543 541 5615 prorogaret:
566 5541 622 5618 qui
650 5540 831 5602 secundum
846 5541 948 5600 inna-

149 5632 218 5694 tam
235 5633 299 5694 sihi
316 5635 554 5710 benignitatem
582 5639 803 5715 pietatemque
825 5638 950 5714 promi-

1746 321 1806 382 542

1008 472 1168 549 3113301
1193 475 1391 550 prorogaret
1413 476 1549 552 treugas
1562 476 1653 554 ipsas
1668 426 1803 556 precum

1008 568 1198 630 nostrarum
1206 569 1342 633 obtentu
1352 571 1385 632 et
1395 571 1517 634 intuitu
1527 576 1639 636 Terrae
1655 577 1802 653 833013ος

1008 666 1065 728 301
1080 667 1336 744 promissionem
1355 683 1461 741 suam,
1482 672 1588 732 morte
1602 674 1803 748 praeventus,

910 758 930 776 ’“
1008 764 1191 840 3110331000
1206 766 1368 842 nequivit.

1047 864 1168 923 Preces
1183 863 1287 938 igitur
1302 880 1385 940 quas
1401 881 1501 940 snper
1516 866 1579 926 hoc
1594 866 1702 928 eidem
1717 869 1805 945 patri

1006 957 1063 1018 tuo
1077 959 1298 1034 porreximus,
1316 960 1444 1022 000013
1470 962 1607 1022 3001133
1630 965 1804 1026 001311311-

1006 1055 1059 1115 nis
1071 1057 1135 1118 1330
1146 1073 1221 1118 curn
1236 1074 1356 1133 magna
1370 1058 1492 1120 fiducia
1504 1061 1718 1137 replicamus,
1733 1079 1805 1140 330-

1006 1153 1119 1215 rantes
1132 1154 1165 1216 10
1180 1155 1256 1216 11133
1272 1157 1363 1217 13310
1385 1156 1554 1218 efficacius
1577 1158 1802 1235 impleturum,

1007 1252 1130 1327 quanto
1145 1253 1288 1328 amplius
1303 1255 1396 1314 tuam
1418 1254 1512 1318 decet
1524 1256 1732 1318 clementiam
1749 1259 1804 1334 pia

1006 1349 1113 1424 ipsius
1129 1350 1233 1425 331013
1247 1351 1297 1411 131
1321 1352 1503 1428 adimplere
1527 1355 1703 1429 promissa,
1718 1371 1803 1431 333-

1006 1445 1102 1506 10303
1119 1462 1234 1507 000303
1260 1448 1404 1509 33131013
1429 1449 1577 1526 impletio
1601 1467 1668 1512 303
1697 1453 1804 1514 solum

1005 1542 1083 1614 1030,
1109 1544 1167 1603 301
1188 1545 1287 1606 etiam
1303 1545 1452 1622 ejusdem
1476 1549 1581 1624 patris
1601 1548 1651 1608 131
1680 1550 1801 1610 animae

1006 1639 1180 1714 proveniat
1206 1641 1246 1702 31
1270 1641 1420 1710 salntem.
1448 1645 1608 1720 Denique,
1635 1645 1664 1704 si
1687 1647 1804 1708 contra

1005 1737 1073 1796 tam
1087 1735 1299 1812 favorabiles,
1324 1739 1391 1800 tam
1405 1741 1479 1816 pins
1494 1741 1627 1819 tamque
1641 1756 1802 1804 3000333-

1006 1833 1074 1893 0133
1089 1849 1204 1910 300003
1216 1836 1347 1897 3031033
1365 1839 1458 1898 10303
1476 1836 1574 1916 [3001
1590 1838 1710 1918 absitll
1729 1840 1804 1900 ani-

1005 1945 1095 1990 mum
1128 1930 1333 2005 obfirmares,
1363 1935 1606 2011 parvipendere
1641 1937 1803 1998 videreris

1005 2027 1165 2102 injuriam
1179 2031 1258 2090 1033
1269 2030 1402 2102 Christi,
1420 2032 1661 2108 parvipendere
1670 2033 1803 2096 videre-

1004 2124 1053 2184 ris
1083 2125 1169 2201 quod
1198 2128 1313 2201 gentes
1342 2127 1376 2187 in
1406 2128 1634 2191 haereditatem
1669 2131 1801 2191 Domini

1004 2222 1169 2284 venerunt
1192 2223 1224 2284 et
1245 2224 1436 2300 polluerunt
1452 2227 1698 2288 sanctissimum
1713 2231 1802 2289 tem-

1004 2319 1094 2395 plum
1110 2322 1193 2397 ejus,
1207 2321 1451 2397 301331031030
1465 2324 1587 2386 Christi
1599 2325 1798 2402 sepulcrum,

1004 2417 1090 2493 quod
1105 2418 1267 2496 propheta
1279 2420 1462 2494 gloriosum
1474 2421 1801 2498 foretantotempore

1004 2516 1081 2576 ante
1108 2517 1273 2592 praedixit,
1313 2518 1533 2594 ingloriosum
1570 2520 1797 2583 reddiderunt.

1004 2613 1111 2686 Certe,
1129 2614 1155 2676 si
1173 2615 1247 2692 quis
1262 2617 1483 2678 vassallorum
1499 2619 1631 2679 tuorum
1646 2634 1666 2678 3
1681 2617 1713 2678 10
1737 2635 1798 2680 ro-

1004 2712 1102 2784 gatus
1130 2727 1244 2787 pacem
1269 2715 1328 2774 aut
1360 2715 1492 2790 treugas
1518 2715 1605 2775 inire
1634 2715 1800 2775 eumalio

1004 2807 1165 2868 exaudire
1178 2810 1345 2881 renueret,
1356 2806 1488 2872 0110003
1499 2813 1556 2872 133
1567 2813 1755 2874 remaneret
1765 2813 1800 2874 in

1003 2906 1167 2981 potestate
1188 2905 1334 2967 hostium
1349 2907 1412 2968 hac
1436 2907 1475 2968 de
1491 2923 1603 2980 causa,
1624 2908 1655 2968 id
1672 2924 1801 2986 30333-

1004 3019 1102 3078 quam
1117 3003 1351 3078 aequanimiter
1366 3006 1561 3079 sustineres
1570 3007 1751 3084 quinimmo
1767 3007 1803 3066 13

1004 3100 1174 3162 fidelitatis
1189 3115 1359 3175 argueres,
1372 3104 1405 3164 et
1418 3102 1506 3163 feudi
1519 3104 1605 3181 quod
1620 3120 1639 3166 3
1653 3104 1686 3164 10
1698 3105 1799 3173 10301,

1003 3199 1177 3274 003313003
1195 3197 1379 3274 indignum.
1410 3201 1539 3271 Quanto
1563 3201 1667 3276 igitur
1691 3201 1800 3264 studio

1004 3294 1125 3356 esttibi
1139 3295 1378 3371 providendum
1394 3313 1447 3368 ne,
1470 3297 1556 3374 quod
1570 3298 1669 3358 homo
1694 3299 1799 3359 susti-

1003 3407 1083 3453 nere
1096 3392 1202 3454 nolles
1218 3393 1258 3454 ab
1274 3393 1420 3467 homine,
1439 3394 1544 3456 facias
1558 3396 1800 3457 0031031031-

1003 3490 1095 3550 nium
1111 3492 1215 3551 Deum
1230 3491 1335 3564 tunm,
1360 3509 1379 3552 a
1407 3509 1470 3569 qno
1493 3493 1596 3554 habes
1610 3511 1676 3555 non
1692 3495 1800 3555 solum

1004 3589 1115 3649 omnia
1129 3587 1216 3649 bona
1228 3590 1297 3661 tua,
1313 3589 1370 3650 sed
1384 3591 1484 3653 etiam
1496 3592 1723 3668 1003011333031

1044 3689 1210 3761 Rogamus
1230 3687 1332 3762 igitur
1347 3688 1580 3748 excellentiam
1600 3689 1692 3749 tuam
1710 3689 1801 3750 omni

1003 3771 1187 3856 attentione
1211 3800 1275 3860 qua
1303 3800 1498 3860 333330303,
1525 3786 1558 3846 01
1586 3785 1799 3847 obsecramus

1003 3897 1062 3958 per
1090 3881 1318 3957 aspersionem
1352 3883 1525 3957 sanguiniS
1551 3885 1631 3943 Jesu
1665 3883 1799 3954 Christi,

1004 3979 1140 4057 3313οο
1169 3979 1201 4039 te
1226 3979 1323 4040 morti
1349 3979 1458 4040 000013
1480 3979 1618 4041 tradidit
1646 3981 1802 4057 semetip-

1004 4092 1087 4148 sum,
1106 4091 1145 4136 ac
1160 4075 1220 4137 tibi
1236 4076 1271 4135 13
1284 4075 1482 4137 remissione
1498 4076 1703 4153 injungimus
1718 4093 1800 4154 pec-

1003 4174 1164 4246 catorum,
1176 4175 1349 4250 quatenns,
1360 4175 1551 4250 specialiter
1562 4175 1667 4252 ipsius
1678 4176 1801 4237 1310113

1002 4275 1081 4334 Jesu
1097 4272 1231 4343 Christi,
1247 4272 1279 4332 et
1298 4274 1409 4332 Terrae
1434 4273 1469 4332 13
1495 4289 1559 4349 333
1582 4273 1715 4348 generis
1737 4273 1803 4333 hu-

1003 4371 1093 4430 mani
1108 4369 1250 4430 salutem
1265 4368 1428 4430 ineffabili
1449 4370 1572 4446 pietate
1594 4369 1702 4432 voluit
1721 4387 1803 4447 ope-

1002 4467 1083 4537 rari,
1100 4482 1174 4526 cum
1199 4466 1337 4542 praefato
1356 4465 1537 4542 Anglorum
1564 4483 1654 4542 rege,
1679 4467 1801 4528 silleri

1003 4563 1120 4640 potest,
1135 4563 1229 4625 ineas
1246 4564 1374 4624 firmam
1391 4581 1518 4642 pacem,
1534 4565 1587 4630 vel
1609 4566 1727 4626 saltem
1744 4581 1802 4625 us-

1003 4661 1123 4737 33031
1143 4663 1397 4738 quadriennium
1416 4664 1551 4738 treugas
1570 4678 1729 4739 proroges
1744 4662 1802 4722 in-

1003 4760 1100 4821 terte
1115 4775 1154 4819 30
1169 4760 1279 4836 ipsum
1300 4761 1460 4822 hactenus
1476 4761 1680 4832 observatas,
1702 4775 1754 4833 ne,
1773 4757 1802 4819 si

1004 4856 1102 4918 aliter
1113 4856 1244 4930 feceris,
1261 4858 1367 4934 ipsius
1378 4861 1490 4920 Terrae
1507 4861 1637 4920 Sanctae
1657 4874 1799 4919 succur-

1004 4970 1088 5026 sum,
1127 4954 1274 5030 quinon
1303 4956 1421 5031 magis,
1457 4955 1558 5016 immo
1586 4957 1825 5017 3001331303·

1004 5052 1179 5114 consuevit
1191 5067 1251 5128 per
1263 5053 1395 5129 aliquos
1412 5052 1611 5130 3110333333
1627 5069 1687 5130 per
1704 5069 1802 5129 reges

1004 5150 1038 5211 et
1049 5165 1188 5225 regnum
1199 5151 1350 5211 Francius
1361 5151 1561 5227 promoveri,
1574 5152 1689 5212 contra
1702 5151 1804 5228 impe-

1005 5246 1076 5307 dire
1094 5246 1195 5326 (quod
1219 5246 1349 5308 avertat
1371 5245 1566 5326 Dominus!)
1588 5248 1745 5320 videaris
1763 5263 1802 5308 30

1004 5345 1231 5421 prosecutioni
1272 5360 1382 5405 033330
1418 5345 1562 5421 30030130
1597 5345 1800 5414 1331310310,

1005 5444 1228 5514 contemnere,
1242 5442 1343 5503 immo
1362 5442 1564 5504 confundere
1584 5445 1802 5504 0303303113-

1005 5540 1087 5600 mini
1100 5540 1159 5600 Dei
1172 5540 1222 5600 tui
1238 5539 1388 5602 01131103
1401 5541 1515 5616 303311
1532 5539 1718 5601 christiani.
1735 5541 1801 5600 Ta·

1005 5638 1084 5698 liter
1108 5652 1187 5712 ergo
1210 5637 1371 5700 exaudias
1403 5652 1518 5714 preces
1546 5639 1687 5708 nostras,
1715 5637 1801 5714 quod
