4244 6374
167 295 227 358 533

166 453 334 523 mundum,
349 451 422 526 ipse
434 451 546 510 autem
557 448 831 525 archiepiscopus
842 463 961 525 reprae-

165 551 330 610 sentatum
346 547 418 607 sine
451 546 623 623 dispendio
648 561 688 606 ac
702 546 862 607 dilatione
882 561 961 622 pre-

166 647 233 706 cise
256 644 439 716 confirmet,
463 644 528 704 nisi
550 643 663 705 lorsan
693 643 881 710 haereticus,
907 642 960 704 vel

166 744 251 804 alias
266 740 442 802 manifeste
454 741 561 802 malus
576 742 664 803 esset
686 740 823 802 electus
844 741 892 802 Ita
903 741 958 801 ta-

165 857 240 902 men
266 840 351 917 quod
376 840 503 899 nullum
532 838 703 899 fidelitatis
728 840 955 915 juramentum

166 937 332 1014 exigatab
346 937 471 997 eodem.
499 935 592 1006 Quod
619 937 647 996 si
667 937 807 997 vacante
823 938 958 997 Raven-

165 1032 958 1110 natensiecclesia,velejusarchiepiscopoextra

165 1150 259 1194 suam
274 1132 479 1210 provinciam
492 1131 668 1200 existente,
681 1131 857 1206 contigerit
870 1131 959 1192 elec-

163 1232 286 1292 tionem
298 1230 337 1290 de
352 1245 416 1289 uno
430 1229 500 1289 lleri
513 1229 683 1299 canonice,
700 1244 739 1289 ac
750 1228 959 1291 concorditer

162 1329 198 1389 in
220 1327 368 1389 ecclesiae
383 1326 568 1403 saepedictae
583 1326 739 1402 priorem,
748 1326 789 1397 is,
804 1325 858 1402 qui
870 1325 960 1388 elec-

162 1427 217 1488 tus
231 1424 332 1486 luerit
350 1424 387 1484 in
406 1422 656 1500 temporalibus,
670 1439 714 1484 ac
730 1423 957 1500 spiritualibus

162 1523 266 1584 libere
281 1522 492 1583 administret
503 1537 607 1599 usque
620 1521 662 1582 ad
673 1521 957 1583 confirmationem

161 1620 264 1692 illiue,
282 1621 339 1697 qui
354 1619 478 1681 electus
501 1618 601 1680 luerit
619 1619 655 1679 in
670 1618 957 1696 archiepiscopum

159 1718 212 1779 vel
225 1717 372 1779 absentis
388 1716 612 1778 reversionem
629 1716 664 1776 in
680 1716 814 1777 civitate
828 1718 958 1777 Raven-

159 1815 305 1888 natensi;
324 1828 362 1874 eo
379 1814 488 1874 autem
506 1813 711 1886 confirmato,
729 1813 781 1873 vel
792 1813 833 1873 ad
851 1813 957 1888 ipsam

160 1911 329 1973 civilatem
358 1927 513 1986 regresso
540 1909 803 1986 archiepiscopo,
833 1909 956 1970 electus

160 2009 252 2085 prior
279 2008 537 2085 repraesentetur
563 2007 680 2079 eidem,
707 2011 740 2068 et
763 2009 835 2084 ipse
861 2008 956 2068 illum

161 2102 343 2174 confirmet,
355 2106 441 2167 sicut
454 2106 606 2184 superius
618 2109 667 2166 est
678 2121 883 2181 expressum,
894 2121 956 2166 nec

159 2204 263 2265 ullum
278 2205 343 2280 ipsi
356 2205 460 2266 electo
473 2219 516 2264 ex
531 2220 569 2265 eo
586 2204 671 2280 quod
691 2204 767 2265 ante
783 2203 956 2264 confirma·

158 2301 282 2362 tionem
306 2302 591 2363 administraverit
608 2301 837 2377 praejudicium
853 2317 956 2376 gene·

158 2399 262 2460 retur.
277 2400 446 2461 CorrectIo
461 2399 571 2460 autem
584 2399 718 2474 prioris,
733 2399 789 2475 qui
806 2414 893 2459 nunc
906 2399 956 2460 est

159 2498 195 2556 in
207 2497 280 2574 ipsa
295 2497 447 2567 ecclesia,
464 2496 518 2557 vel
531 2512 591 2572 pro
608 2497 754 2573 tempore
767 2495 878 2568 hierit,
895 2511 955 2572 per

159 2594 447 2670 archiepiscopum
467 2593 535 2664 ilat,
546 2594 633 2670 juris
649 2593 858 2655 solemnitate
877 2609 954 2654 ser·

157 2692 246 2770 vata,
258 2690 329 2752 sine
340 2691 524 2768 dispendio,
538 2691 644 2769 quoad
656 2691 763 2768 ipsum
775 2691 955 2768 archiepis-

158 2803 288 2864 copum,
306 2789 456 2849 ecclesiae
468 2787 672 2848 Portuensis
691 2789 859 2850 CorrectIo
874 2803 953 2849 vero

156 2885 404 2956 canonicorum,
423 2886 455 2946 et
478 2885 619 2946 fratrum
645 2885 702 2947 liat
731 2901 791 2962 per
807 2885 953 2961 priorem

157 2983 261 3059 ipsius
277 2983 427 3043 ecclesiae
440 2982 622 3042 secundum
638 2999 707 3042 suae
718 2983 844 3058 regulae
860 2983 954 3045 insti·

157 3080 227 3141 tuta
235 3095 308 3156 quae
320 3095 421 3155 super
429 3079 491 3140 hoc
500 3079 644 3156 capitulo
654 3081 698 3140 ita
710 3079 791 3140 dicit
808 3103 814 3140 :
830 3081 954 3156 postre-

158 3193 212 3238 mo
232 3175 372 3238 fraterni
397 3176 558 3237 consortii
581 3177 815 3238 communione
832 3178 953 3254 privati

153 3275 291 3352 jejuniis
301 3275 522 3345 macerentur,
534 3275 566 3335 et
577 3273 952 3347 verberenturetmm,si

157 3374 300 3450 qualitas
310 3373 433 3450 patitur
444 3387 679 3448 personarum;
698 3372 832 3445 sivero,
850 3389 911 3433 nec
923 3373 952 3433 si

156 3471 255 3532 etiam
267 3469 496 3540 emendantur,
509 3469 726 3530 retrudantur
736 3470 771 3529 in
784 3485 952 3532 carcerem

155 3567 263 3643 longis
275 3566 413 3643 jejuniis
427 3566 625 3642 castigandi,
637 3567 690 3627 vel
702 3567 837 3642 majoris
849 3567 953 3628 eccle·

156 3667 215 3727 siae
244 3665 313 3726 sive
340 3664 487 3741 episcopi
512 3663 639 3740 judicio
668 3663 886 3725 dimittantur.
916 3665 951 3724 Si

156 3764 248 3841 prior
262 3763 319 3838 qui
337 3778 396 3839 pro
418 3763 566 3839 tempore
586 3760 687 3822 luerit
705 3761 849 3822 voluerit
865 3761 951 3823 resi·

155 3876 272 3936 gnare,
286 3860 435 3934 resignet
458 3874 571 3920 coram
595 3858 858 3935 archiepiscopo,
875 3861 908 3920 et
922 3859 951 3918 si

155 3955 425 4032 archiepiscopus
438 3955 583 4016 noluerit
595 3955 857 4030 resignationem
879 3958 951 4032 ejus

153 4054 312 4129 recipere,
327 4052 454 4114 licitum
465 4052 508 4114 sit
516 4053 579 4128 ipsi
593 4052 697 4127 priori
709 4068 821 4113 coram
836 4052 952 4114 iratri-

155 4151 216 4211 bus
227 4151 295 4210 suis
306 4151 341 4209 in
349 4149 494 4225 capitulo
506 4149 691 4224 resignare.
702 4149 751 4211 hd
759 4151 830 4210 baec
844 4150 950 4226 ipsius

156 4247 305 4309 ecclesiae
318 4247 421 4324 prior,
439 4247 472 4307 et
482 4247 603 4307 iratres
618 4261 717 4307 unam
739 4248 951 4323 procuratio-

155 4362 230 4407 nem
254 4361 313 4422 pro
330 4343 448 4419 viginti
463 4343 608 4420 quinque
632 4345 795 4418 personis,
813 4345 846 4406 et
866 4346 950 4407 toti-

153 4443 227 4504 dem
244 4443 336 4518 equis
353 4441 604 4517 archiepiscopo
619 4440 800 4504 exhibeant
814 4457 945 4503 annua-

154 4539 504 4617 tim,itaquodeaquae
515 4538 671 4614 adipsam
683 4540 948 4612 procurationem

156 4638 281 4701 luerInt
305 4635 495 4698 necessaria
524 4651 584 4712 per
605 4635 788 4706 ministros,
815 4637 848 4698 et
871 4637 949 4698 otti-

154 4736 256 4797 ciales
271 4735 377 4811 ipsIus
393 4733 543 4794 ecclesiae
559 4733 725 4805 decenter,
751 4737 785 4794 et
808 4733 948 4794 honeste

153 4831 399 4909 archiepiscopi
414 4831 539 4891 nuntiis
551 4831 766 4906 assignentur
773 4832 806 4893 et
816 4831 946 4893 dentur.

153 4931 320 4992 Praeterea
345 4929 438 5004 prior
463 4928 611 5004 ejusdem
644 4927 794 4989 ecclesiae
810 4929 863 4990 vel
891 4929 948 5005 qui

152 5029 227 5104 post
241 5043 316 5088 eum
338 5029 445 5102 major
458 5024 560 5085 suerit
576 5025 610 5084 in
627 5025 742 5086 eadem
756 5025 798 5086 ad
813 5021 948 5102 proces-

152 5127 278 5187 sionem
295 5126 327 5185 S.
342 5123 472 5194 vitalis,
490 5123 523 5182 et
544 5123 577 5182 S.
598 5122 823 5198 Appollinaris
836 5122 948 5184 veniat

152 5223 335 5294 annuatim,
345 5221 396 5282 'ita
417 5219 503 5297 quod
517 5219 545 5279 si
558 5219 599 5279 ad
616 5234 715 5280 unam
728 5221 868 5292 venerit,
881 5235 946 5281 ιιοιι

151 5321 304 5382 teneatur
324 5317 440 5378 venire
464 5315 505 5378 ad
531 5316 671 5378 alteram
698 5316 757 5377 illo
780 5332 878 5377 anno.
897 5318 945 5378 Ad

152 5417 331 5493 capitulum
357 5415 411 5476 vel
431 5412 592 5490 synodum
612 5415 876 5475 Ravennatensis
891 5431 947 5476 ec-

152 5514 274 5584 clesiae,
289 5529 363 5573 cum
385 5511 502 5572 eadem
524 5511 681 5587 praelatos
702 5510 765 5572 sibi
780 5512 945 5588 subjectos

150 5612 320 5680 convocat,
346 5609 453 5672 dictus
469 5609 561 5685 prior
581 5609 684 5670 simili
700 5610 796 5670 modo
813 5610 872 5682 ire,
891 5610 943 5672 rel

769 289 997 351 EPISTOLAE.
1021 291 1098 349 LIB.
1124 291 1209 348 VIII.
1242 337 1244 340 .
1310 369 1311 378 ἵ

1753 233 1849 346 53ι

1015 447 1147 509 mittere
1157 447 1321 518 teneatur,
1339 447 1372 508 et
1390 446 1426 506 in
1451 446 1560 508 causis
1573 445 1638 508 sub
1657 445 1811 507 examine

1014 545 1122 622 ipsius
1136 544 1380 622 archiepiscopi
1393 544 1606 620 respondere.

1054 647 1119 706 Pro
1131 641 1207 704 aliis
1221 645 1331 703 autem
1347 641 1646 718 procurationibus,
1670 639 1807 702 senten-

1015 742 1080 814 tiis,
1096 738 1321 817 petitionibus,
1339 739 1499 810 collectis,
1509 737 1740 800 exactionibus
1753 735 1808 798 vel

1015 838 1215 916 quibuslibet
1237 837 1326 909 aliis,
1343 853 1416 914 quae
1430 835 1500 898 sive
1520 835 1648 912 dejure
1668 834 1804 911 scripto,

1014 937 1085 998 sive
1105 936 1259 1013 positivo,
1285 934 1339 994 vel
1363 932 1655 995 consuetudinario
1679 931 1809 993 ratione

1012 1033 1218 1095 visitationis
1229 1028 1810 1107 alteriusprocurationisrelquus-

1014 1146 1153 1206 cumque
1170 1127 1358 1190 occasionis
1375 1128 1502 1204 abipsa
1517 1126 1686 1204 patiebant
1700 1125 1808 1186 eccle-

1015 1229 1064 1290 sia
1080 1227 1363 1304 archiepiscopus,
1380 1227 1413 1288 et
1426 1225 1606 1304 capitulum
1626 1221 1808 1300 supradicti

1013 1324 1066 1386 vel
1078 1325 1217 1402 possunt
1228 1325 1342 1402 petere
1359 1325 1394 1384 in
1410 1323 1567 1395 futurum,
1586 1324 1621 1385 ut
1634 1321 1738 1398 ipsius
1751 1335 1808 1381 ec.-

1013 1423 1123 1484 clesiae
1133 1423 1236 1499 prior,
1246 1425 1280 1482 et
1292 1420 1561 1496 iratressingulis
1573 1417 1807 1491 annisvinde·

1012 1521 1153 1580 mierum
1175 1521 1334 1596 tempore,
1349 1535 1449 1580 unam
1472 1515 1713 1594 vegetemboni
1733 1515 1804 1578 vini

1013 1613 1806 1696 sinevase,apudRavenamdarearchiepiscopo

1011 1715 1206 1787 teneantur;
1218 1716 1251 1776 et
1264 1714 1431 1791 praedictis
1449 1714 1521 1790 ipse
1536 1711 1806 1788 archiepiscopus

1012 1812 1055 1873 sil
1069 1813 1116 1873 ita
1131 1812 1316 1884 contentae,
1330 1811 1414 1887 quod
1427 1810 1512 1870 nihil
1525 1810 1612 1871 ultra
1623 1808 1734 1886 petere
1745 1822 1807 1868 va-

1011 1909 1078 1970 leat
1092 1909 1133 1970 ab
1151 1910 1211 1979 eie,
1224 1909 1276 1970 vel
1289 1909 1439 1969 ecclesiis
1453 1906 1661 1981 eorumdem;
1680 1905 1709 1965 si
1726 1918 1806 1966 vero

1012 2007 1170 2082 praedicta
1195 2006 1306 2068 omnia
1330 2006 1383 2066 vel
1403 2020 1517 2066 eorum
1543 2005 1655 2081 aliqua
1682 2000 1806 2062 luerint

1011 2104 1262 2181 archiepiscopo
1292 2104 1476 2178 denegata,
1514 2102 1600 2162 idem
1636 2098 1739 2177 possit
1766 2099 1802 2158 in

1011 2202 1275 2264 contradictores
1291 2200 1478 2276 universos,
1489 2200 1522 2261 et
1538 2199 1699 2274 singulos,
1721 2211 1804 2257 cen-

1011 2315 1122 2360 suram
1146 2299 1419 2370 ecclesiasticam,
1432 2297 1614 2368 monitione
1631 2293 1805 2373 praemIssa

1010 2398 1183 2469 canonica,
1196 2413 1365 2458 exercere.
1381 2397 1472 2458 Alias
1486 2396 1597 2456 autem
1612 2393 1804 2456 nullatenus

1009 2497 1044 2556 in
1058 2511 1115 2556 eos
1129 2495 1237 2571 possit
1247 2494 1436 2572 hujusmodi
1446 2509 1603 2562 exercere
1617 2504 1804 2557 censuram,

1009 2592 1075 2654 nisi
1090 2609 1150 2669 pro
1162 2593 1272 2654 causis
1287 2591 1426 2668 agendis
1451 2607 1563 2652 coram
1592 2591 1664 2666 ipso
1691 2586 1805 2650 archi-

1010 2690 1175 2768 episcopo,
1192 2690 1244 2751 vel
1258 2689 1491 2752 exactionibus
1513 2688 1703 2749 eorumdem
1716 2708 1723 2761 ;
1738 2698 1803 2762 quo

1008 2804 1088 2848 casu
1114 2789 1236 2849 nostroe
1258 2803 1467 2848 servaremus
1488 2785 1705 2862 providentiae
1729 2783 1803 2845 dIs-

1008 2885 1206 2962 ponendum,
1224 2901 1319 2962 quem
1333 2883 1465 2944 modum
1483 2882 1601 2944 debeat
1612 2881 1802 2957 archiepis-

1008 2999 1109 3059 copus
1136 2983 1342 3044 executionis
1376 2981 1511 3042 habere.
1536 2982 1623 3062 Haeo
1643 2979 1803 3040 nimirum

1008 3080 1201 3156 compositio
1219 3081 1334 3158 sponte
1352 3079 1414 3140 luit
1428 3078 1470 3139 ab
1485 3083 1625 3155 utraque
1635 3078 1728 3154 parte
1740 3091 1801 3137 re-

1008 3179 1112 3254 cepta,
1135 3178 1237 3239 salvis
1256 3176 1441 3255 privilegiis
1462 3177 1494 3237 et
1510 3174 1725 3251 indulgentiis
1739 3176 1802 3235 Ra·

1006 3276 1159 3337 vennatis
1169 3275 1421 3351 archiepiscopo
1430 3271 1800 3350 etpraelataePortuensi

1007 3373 1158 3434 ecclesiae
1173 3370 1417 3449 abApostolica
1427 3371 1512 3432 Sede
1525 3370 1703 3441 concessis,
1719 3368 1804 3430 etde

1007 3471 1127 3530 caetero
1141 3470 1370 3542 concedendis„
1384 3470 1449 3530 nisi
1463 3469 1626 3546 quatenus
1637 3467 1802 3544 composi-

1005 3567 1089 3627 tioni
1113 3567 1305 3644 hujusmodi
1325 3566 1535 3628 obviaverint
1560 3567 1675 3627 contra
1703 3581 1801 3641 quam

1005 3663 1134 3724 nullum
1147 3664 1255 3724 locum
1270 3663 1415 3724 habeant
1436 3664 1506 3724 sive
1530 3663 1642 3724 robur.
1657 3665 1687 3723 N
1689 3678 1726 3723 ec
1742 3677 1801 3738 per

1006 3761 1092 3821 hanc
1113 3761 1384 3838 compositionem
1408 3760 1625 3837 penstonibns
1646 3762 1679 3820 et
1701 3774 1802 3819 reno-

1005 3857 1194 3920 vationibus
1210 3874 1291 3935 quas
1308 3857 1458 3918 ecclesiae
1469 3858 1550 3933 ipsae
1566 3854 1629 3916 sihi
1640 3856 1800 3916 alterutro

1005 3956 1161 4018 tenentur
1176 3956 1267 4026 dare,
1284 3954 1456 4016 veliacere
1469 3969 1528 4030 pro
1542 3953 1651 4025 terrie,
1673 3953 1705 4012 et
1722 3951 1798 4012 aliis

1005 4053 1284 4131 possessionibus,
1302 4067 1384 4130 quas
1408 4067 1475 4111 una
1502 4051 1593 4112 tenet
1618 4049 1659 4110 ab
1679 4050 1797 4120 altera,

1006 4151 1235 4228 praejudicium
1247 4149 1381 4226 aliquod
1396 4149 1585 4225 generetur.

1023 4251 1114 4333 ,Nos
1142 4262 1223 4322 ergo
1255 4246 1527 4324 compositionem
1557 4245 1664 4321 ipsam
1687 4244 1795 4307 ratam

1005 4345 1176 4416 habentes,
1206 4345 1239 4405 et
1262 4347 1406 4420 gratam,
1439 4358 1579 4420 eamque
1602 4342 1799 4406 auctoritate

1004 4444 1193 4520 apostolica
1204 4442 1452 4512 confirmantes,
1471 4439 1798 4517 propterpraenotato

1004 4541 1215 4602 coercitionis
1242 4539 1393 4611 articulo,
1424 4539 1473 4600 sic
1497 4536 1651 4599 duximus
1679 4538 1796 4615 provi-

1004 4639 1156 4710 dendam,
1183 4640 1218 4699 ut
1250 4637 1421 4708 videlicet,
1450 4651 1548 4713 quum
1582 4637 1805 4706 portuensem,

1003 4736 1178 4796 ecclesiam
1196 4751 1307 4797 coram
1325 4733 1575 4808 archiepiscopo
1594 4732 1798 4794 Ravennatis

1003 4833 1180 4908 contigerit
1199 4831 1383 4898 conveniri,
1396 4831 1425 4890 si
1438 4829 1647 4890 contumacia
1665 4828 1799 4890 labora-

1003 4930 1098 5002 verit,
1116 4929 1232 4991 ubisic
1247 4927 1452 5004 agiturqucd
1466 4926 1557 4987 actor
1570 4925 1683 4986 induci
1693 4925 1798 5002 possit

1002 5029 1037 5088 in
1067 5028 1315 5104 possessionem
1339 5025 1388 5086 rei
1413 5026 1535 5101 petitae,
1560 5024 1614 5085 vel
1635 5023 1796 5089 bonorum

1002 5125 1108 5201 ipsius
1124 5125 1274 5186 ecclesiae
1287 5121 1469 5184 secundum
1482 5137 1672 5182 mensuram
1694 5120 1795 5182 debiti

1002 5221 1172 5291 declarati,
1210 5221 1479 5297 archiepiscopus
1508 5234 1568 5295 per
1599 5219 1795 5280 missionem

1001 5321 1123 5380 actoris
1140 5320 1176 5379 in
1185 5319 1428 5395 possessionem
1450 5317 1651 5393 hujusmodi,
1674 5319 1795 5379 contu-

1001 5431 1111 5478 maces
1134 5416 1203 5493 juri
1227 5417 1316 5476 stare
1345 5414 1532 5490 compellat,
1560 5414 1601 5475 ad
1628 5414 1797 5475 interdicti

1000 5513 1228 5591 suspensionis
1239 5512 1291 5572 vel
1300 5511 1655 5588 excommunicationis
1668 5511 1797 5572 senten·

999 5611 1079 5672 tiam
1094 5610 1283 5672 nullatenus
1302 5625 1518 5685 processurus
1541 5607 1607 5668 nisi
1628 5623 1688 5685 per
1709 5611 1795 5668 Por-
