4258 6394
315 272 375 334 aar

666 438 763 526 CLX

355 592 406 652 Ad
420 589 574 651 abbatem
588 589 622 650 ot
637 589 844 649 conventum
864 590 1069 652 monasterti

479 687 514 748 S.
536 685 682 746 Vtctorts
702 688 940 747 Mossttteosts.

614 815 647 873 ll
660 814 723 887 julii
736 815 815 873 1223.

313 932 457 996 fflahunce,
469 929 601 993 Antiquitd
611 928 641 980 da
650 929 743 994 l'tqlise
755 929 785 980 de
795 929 928 988 llarseille,
943 934 963 980 t.
974 930 1005 988 ll,
1021 945 1046 995 p.
1054 930 1107 995 80.]

379 1046 405 1103 Α
422 1043 620 1117 suspensionis
636 1043 777 1101 sententia
793 1041 828 1101 ab
843 1043 1040 1102 libredunensi

436 1132 652 1205 archiepiscopo
665 1133 774 1205 prolata
789 1145 840 1189 eos
852 1131 983 1190 absolvit.

351 1249 519 1312 Honorius
527 1247 713 1326 episcopus,
728 1247 803 1320 eto,
818 1247 1107 1312 dilectisiiliisab-

310 1346 379 1410 bati
403 1347 435 1409 et
462 1346 637 1408 conventui
674 1346 869 1408 monasterii
897 1348 930 1407 S.
960 1346 1111 1418 Victoris,

311 1441 543 1515 Massiliensis
563 1441 716 1514 salutem,
732 1442 794 1504 eto.

349 1540 479 1602 Auditis
494 1553 567 1617 quae
584 1539 677 1601 hiere
687 1539 856 1616 proposita
870 1553 981 1602 coram
996 1539 1103 1614 nohis,

309 1652 410 1716 super
429 1651 588 1714 processu
613 1635 816 1698 visitationis
832 1651 930 1712 quam
953 1638 1104 1699 auotori-

307 1736 376 1798 tate
398 1735 512 1796 nostra
530 1731 565 1794 in
589 1733 792 1795 monasterio
816 1732 937 1805 vestro,
959 1749 1104 1796 venera-

308 1831 388 1894 hilis
421 1832 527 1893 irater
556 1829 833 1914 archiepiscopus
860 1829 1105 1893 Ehredunensis

308 1927 485 2006 impendit;
501 1927 734 1999 consideratis,
747 1927 822 1994 etc..
839 1927 969 1990 utentes
987 1927 1103 2004 provi-

309 2025 420 2088 dentia
440 2024 549 2103 potius
565 2039 663 2102 quam
678 2023 803 2100 rigore,
817 2023 1010 2085 relaxamus
1025 2039 1103 2086 sus-

308 2121 479 2201 pensionis
505 2121 704 2184 sententiam
723 2121 760 2181 in
781 2121 827 2189 te,
854 2119 903 2181 iili
924 2119 1038 2194 abbas,
1062 2119 1104 2182 ab

308 2221 424 2282 eodem
459 2218 711 2296 archiepiscopo
740 2217 995 2294 promulgatam,
1026 2221 1102 2292 etc,

309 2318 358 2379 sic
373 2318 406 2378 et
418 2317 455 2379 tu
470 2331 545 2379 oum
560 2315 701 2378 oonsilio
720 2313 861 2376 fratrum
883 2315 919 2375 in
936 2316 1105 2377 monaste-

310 2415 362 2476 rio
376 2412 605 2486 residentium,
626 2412 682 2490 qui
704 2409 886 2474 secundum
900 2412 1050 2488 regulam
1064 2415 1102 2473 Β.

310 2512 481 2574 Benedicti
498 2510 621 2572 inerint
636 2507 797 2571 evocandi
816 2509 885 2571 tres
906 2509 1022 2585 eligas,
1039 2511 1101 2571 etc.

309 2610 471 2672 Volumus
492 2609 529 2670 ut
548 2608 586 2670 tu
613 2605 716 2668 abhas
744 2603 925 2668 secundum
953 2603 1104 2684 regulam

309 2708 430 2784 punias
453 2706 693 2782 delinquentes,
714 2704 777 2766 otc.
802 2705 889 2764 Sane
909 2703 1102 2764 concessio-

309 2819 387 2866 nem
411 2801 655 2880 archiepiscopi
675 2801 796 2862 tactam
820 2799 862 2860 de
885 2799 1035 2878 prioratu
1063 2800 1103 2862 de

309 2901 411 2964 Tritis
439 2899 616 2962 conventui
648 2894 956 2960 sanctimonialium
986 2897 1104 2958 domus

311 2993 1102 3071 SanctiZachariaesicvolumusobservari,quod

310 3095 460 3172 ejusdem
483 3093 611 3163 domus,
642 3089 761 3152 debitis
790 3090 978 3167 persolutis,
996 3089 1103 3152 dictus

309 3190 477 3270 prioratus
492 3189 534 3251 ad
550 3188 788 3250 monasterium
814 3189 927 3250 Sancti
945 3189 1101 3262 Victoris,

228 3297 229 3300 ’
311 3288 407 3366 prout
421 3287 494 3349 erat
508 3286 618 3356 antea,
634 3285 832 3346 revertatur.
849 3285 985 3362 Adjecto
1000 3285 1105 3346 nihil-

310 3383 547 3461 ominus,quod
556 3381 597 3442 ad
609 3380 854 3443 revocationem
863 3381 903 3443 de
915 3381 1101 3456 sexfurnis,

311 3481 352 3544 de
371 3483 471 3556 Nant,
489 3480 529 3540 de
549 3479 673 3541 Pennis
690 3479 723 3540 et
742 3479 783 3539 de
801 3479 834 3539 S.
852 3479 1043 3551 Saturnino,
1063 3480 1104 3542 de

307 3581 422 3641 castro
437 3576 565 3654 Regali,
582 3577 657 3649 etc,
673 3575 706 3636 et
721 3576 837 3637 domus
852 3575 893 3638 de
908 3576 997 3648 Sala,
1024 3576 1100 3651 etc.,

307 3675 399 3739 dabit
410 3691 506 3753 opem
518 3676 551 3737 et
562 3687 707 3750 operam.
719 3675 837 3735 Datum
851 3672 1103 3749 stauratium

308 3774 397 3853 julii,
417 3772 626 3851 pontificatus
640 3770 745 3834 nostri
760 3785 848 3832 anno
870 3771 1022 3849 septimo.

648 4082 765 4169 CLXI

452 4237 504 4296 Ad
517 4238 673 4296 consutos
686 4235 963 4296 Tarracinenses.

609 4361 643 4420 ra
655 4359 717 4434 julii
734 4361 812 4419 raas.
831 4361 834 4366 ·

460 4484 600 4550 [Cantator,
618 4481 711 4533 Hister.
730 4483 867 4543 Terracin,
886 4483 953 4550 rsa]

314 4597 372 4653 Eos
389 4598 487 4650 monet
508 4597 537 4648 et
555 4589 683 4647 hortatur
702 4595 732 4646 ut
754 4589 887 4648 comitem
902 4589 1103 4661 alemannum,

349 4695 415 4741 cum
431 4677 536 4737 iamilia
549 4684 578 4736 et
588 4675 721 4734 omnihus
729 4676 813 4734 honis
825 4678 885 4734 suis
893 4675 1017 4736 habeant
1029 4693 1105 4736 conr·

349 4765 524 4828 mandatum.

351 4891 519 4958 Honorius
529 4891 843 4970 episcopusservus
854 4893 1102 4966 servorumDei‚

313 4989 442 5055 dilectis
457 4990 536 5051 tiliis
549 4987 742 5051 consulibus
757 4989 940 5062 Terraciu,
961 4989 1105 5052 salutem

313 5084 867 5166 etApostolioambenedictionem.

353 5189 402 5248 Ex
417 5185 537 5246 litteris
551 5183 671 5244 vestris
682 5181 882 5259 accepimus,
899 5182 986 5259 quod
998 5183 1103 5244 nohi-

315 5285 357 5346 lis
380 5283 433 5345 vir
447 5295 558 5344 comes
577 5279 781 5340 Alamannus
800 5295 874 5340 oum
897 5279 1049 5352 navibus,
1073 5282 1107 5343 ct

314 5380 390 5444 aliis
400 5375 491 5442 rasis
506 5375 576 5436 suis
591 5391 697 5452 nuper
705 5375 866 5452 applicuit
875 5377 1103 5454 Terracinam3

314 5478 371 5557 qui
385 5491 460 5538 cum
470 5473 516 5536 ibi
528 5472 691 5549 proponat
698 5472 894 5551 aliquandiu
905 5473 1105 5536 commorari

315 5573 400 5652 apud
416 5585 486 5644 ros,
508 5567 676 5632 desiderat
700 5565 762 5630 suh
788 5573 902 5631 nostra
927 5571 1104 5632 securitate

932 274 1109 337 HONORII
1130 275 1176 336 111
1197 277 1345 337 optant.

1897 279 1957 342 388

1164 434 1197 495 et
1210 433 1413 510 protectione
1427 449 1574 495 manere.
1589 435 1683 497 Licet
1707 437 1819 498 autem
1842 435 1954 500 liben-

1163 531 1215 592 ter
1230 529 1455 592 abstineamus
1466 529 1507 591 ah
1518 531 1681 606 omnibns,
1697 548 1757 608 per
1769 549 1843 609 quae
1853 535 1956 613 impe-

1164 625 1257 688 rator
1276 627 1434 702 reputare
1458 643 1495 688 se
1519 630 1632 704 posset
1654 629 1777 690 offendi
1802 630 1954 706 anobis,

1164 723 1241 798 quia
1255 724 1367 786 emen
1382 723 1423 785 ab
1438 739 1527 786 anno
1543 725 1722 803 praeterito,
1739 727 1860 803 quoad
1875 743 1955 804 par·

1162 821 1213 884 tes
1228 819 1310 884 istas
1334 820 1422 882 idem
1446 836 1557 883 comes
1580 823 1721 886 accessit
1745 838 1905 900 pereum,
1921 829 1956 889 et

1163 917 1247 978 alios
1260 917 1496 990 intelleximus,
1513 919 1598 995 quod
1614 917 1656 980 ab
1676 920 1793 982 eodem
1808 921 1954 998 impera·

1162 1014 1233 1076 tore
1244 1014 1372 1076 litteras
1382 1016 1571 1078 securitatis
1581 1015 1953 1084 habehat.devotionem

1161 1112 1307 1174 vestram
1321 1127 1504 1184 monemus,
1521 1115 1554 1176 et
1570 1114 1742 1176 hortamur
1754 1116 1880 1178 attenta
1894 1130 1954 1194 per

1160 1210 1349 1285 Apostolica
1364 1210 1456 1272 vohis
1478 1211 1602 1288 scripta
1616 1212 1823 1284 mandantes,
1839 1217 1955 1290 quate·-

1161 1321 1223 1368 nus
1250 1321 1326 1369 eum
1352 1309 1509 1384 tanquam
1538 1309 1657 1370 restrae
1684 1310 1894 1387 protectioni,
1920 1313 1953 1375 et

1161 1405 1335 1467 securitati
1359 1407 1565 1481 suppositum
1584 1421 1659 1468 cum
1674 1407 1813 1480 familia,
1829 1410 1863 1470 et
1876 1427 1952 1471 om-

1160 1499 1258 1560 nihus
1284 1501 1369 1562 ‘aliis
1398 1500 1494 1564 honis
1520 1503 1590 1566 suis
1624 1503 1776 1566 habeatis
1805 1519 1954 1582 propen-

1160 1598 1230 1658 sius
1256 1599 1534 1673 commendatum‚
1562 1604 1594 1662 et
1621 1601 1760 1680 insuper
1783 1603 1952 1668 honorare

1160 1695 1302 1771 curetis3
1319 1709 1394 1758 cum
1409 1697 1442 1758 et
1455 1697 1527 1774 ipse
1544 1698 1588 1760 sit
1605 1699 1695 1772 talis,
1711 1699 1828 1777 dequo
1841 1699 1948 1774 vohis,

1160 1793 1193 1854 st
1207 1792 1335 1856 civitati
1350 1794 1469 1856 restrae
1489 1796 1597 1872 potest
1612 1795 1739 1858 utilitas
1761 1799 1948 1873 provenire.

1199 1891 1317 1952 Datum
1334 1891 1468 1967 signis,
1486 1893 1529 1956 IV
1541 1893 1617 1956 idus
1630 1893 1720 1970 julii,
1737 1893 1952 1972 pontificatus

1159 1986 1265 2048 nostri
1279 1999 1367 2049 anno
1391 1989 1542 2066 septimo.

1487 2263 1625 2351 CLXII

1268 2412 1320 2471 Ad
1340 2403 1540 2489 'eptscopum
1560 2415 1594 2477 et
1611 2417 1840 2496 praepositum

1424 2513 1688 2586 Forojuttcnscs.
1762 2513 1764 2516 ’

1441 2640 1475 2698 13
1488 2639 1550 2714 julii
1566 2642 1646 2702 titt.

1174 2760 1316 2826 [hoienses
1327 2761 1463 2829 Antiquitd
1473 2764 1505 2815 de
1516 2764 1610 2830 l'eglise
1620 2765 1789 2827 dellarseilic,
1801 2767 1833 2827 ii,
1845 2781 1871 2834 p.
1881 2767 1934 2834 th]

1158 2888 1194 2946 Ut
1208 2893 1335 2960 potestas
1348 2895 1377 2945 et
1390 2903 1544 2947 commune
1556 2890 1750 2949 Massilienses
1764 2901 1873 2951 sextam
1883 2906 1947 2967 par·

1241 2984 1300 3034 torn
1315 2977 1401 3034 curiae
1414 2977 1508 3036 abbati
1521 2979 1551 3037 S.
1566 2980 1689 3039 Victoris
1704 2981 1863 3039 restituant.

1197 3111 1377 3185 Honorius,
1390 3115 1466 3186 etc,
1476 3113 1661 3176 venerabili
1673 3113 1770 3177 tratri
1781 3116 1947 3194 episcopo,

1158 3211 1191 3270 et
1203 3209 1323 3271 dilecto
1339 3209 1408 3272 lilio
1423 3212 1602 3288 praeposito
1615 3212 1850 3291 ForoJuliensi,
1864 3213 1951 3275 salu-

1157 3305 1234 3380 tem,
1250 3306 1312 3367 etc.

1197 3403 1344 3464 Dilectus
1359 3403 1448 3464 lilius
1463 3402 1565 3466 abhas
1578 3405 1689 3466 Sancti
1702 3406 1848 3468 Victoris
1859 3407 1952 3466 Mas-

1158 3497 1303 3560 siliensis
1319 3499 1473 3576 exposuit
1485 3515 1595 3561 coram
1607 3499 1714 3572 nohis,
1732 3499 1816 3576 quod
1832 3501 1948 3578 potes-

1160 3597 1208 3658 tas
1222 3596 1254 3658 at
1268 3611 1441 3658 commune
1453 3596 1662 3658 Massiliense
1677 3599 1805 3659 sextam
1820 3598 1948 3674 partem

1159 3693 1260 3754 curiae
1271 3693 1304 3755 et
1309 3693 1552 3769 jurisdictionis
1568 3693 1715 3756 civitatis
1726 3691 1950 3754 Massiliensis

1159 3789 1200 3852 ad
1216 3805 1311 3852 suum
1327 3791 1564 3852 monasterium
1586 3791 1626 3851 de
1643 3793 1721 3869 jure
1743 3791 1948 3868 spectantem

1159 3887 1294 3960 detinet,
1323 3887 1386 3950 etc.
1417 3887 1577 3960 Quocirca
1606 3887 1801 3950 discretioni
1828 3886 1949 3950 vestrae

1159 4000 1218 4061 per
1231 3984 1423 4061 apostolica
1448 3985 1571 4061 scripta
1592 3984 1798 4073 mandamus,
1829 3984 1949 4061 quate·

1158 4097 1233 4150 nus,
1250 4082 1311 4143 eto.
1330 4082 1447 4143 Datum
1464 4081 1600 4158 Signiae,
1612 4083 1658 4142 Ill
1669 4079 1744 4143 idus
1757 4079 1847 4159 julii,
1861 4094 1949 4160 pon·

1157 4178 1303 4260 titlcatue
1318 4179 1422 4240 nostrl
1438 4193 1526 4240 anno
1542 4179 1707 4257 septimo:

1476 4469 1634 4558 chxltt

1213 4623 1266 4684 Ad
1279 4624 1561 4696 archiepiscopos,
1578 4623 1753 4696 episcopos
1767 4622 1801 4684 et
1815 4624 1901 4684 ottos

1337 4718 1500 4794 pratitas
1533 4721 1767 4780 ecclesiarum.

1450 4845 1484 4904 ll
1498 4847 1561 4921 julii
1577 4848 1656 4907 1223.

1277 4969 1355 5036 [Ball.
1368 4969 1453 5030 Rom„
1475 4971 1514 5021 ed.
1529 4971 1603 5022 Taur.
1619 4969 1661 5029 lli,
1675 4969 1730 5030 389,
1741 4985 1767 5020 n.
1778 4969 1830 5034 dt]

1159 5085 1291 5146 Mandata
1304 5085 1353 5142 dat
1365 5092 1463 5142 contra
1479 5086 1542 5144 illos
1553 5086 1601 5158 qui
1617 5084 1703 5144 lateas
1713 5084 1847 5158 reliquias
1861 5092 1889 5142 et
1902 5085 1947 5144 lit·

1194 5181 1269 5232 teras
1284 5173 1400 5230 nomine
1415 5173 1442 5232 S.
1459 5175 1574 5231 Antonii
1599 5173 1783 5248 preferentes
1798 5174 1952 5247 elcemosy-

1193 5277 1246 5319 nas
1259 5259 1294 5318 ad
1306 5276 1379 5333 opus
1391 5276 1547 5334 pauperum
1562 5269 1609 5318 aut
1621 5261 1716 5319 verius
1731 5260 1766 5319 ad
1777 5263 1872 5318 luxum
1884 5274 1949 5333 pro-

1194 5351 1286 5422 prium
1301 5363 1317 5406 a
1332 5348 1464 5408 fidelihus
1478 5357 1656 5422 extorquent.

1199 5474 1367 5536 Honorius
1396 5475 1583 5552 episcopus,
1620 5489 1739 5536 servus
1780 5489 1952 5537 serrorum

1160 5572 1229 5644 Dei,
1242 5569 1489 5632 venerabilibus
1506 5570 1662 5632 iratribus
1677 5569 1948 5647 archiepiscopis,
