4274 6388
312 287 374 352 815
936 277 1113 344 uoucuu
1134 281 1180 342 Ill
1201 281 1349 344 OPERA.
1897 281 1959 342 316

647 449 769 540 XCVI

315 611 367 674 Ad
390 608 553 669 iacobum
587 601 926 678 archipresbyterum
961 603 1106 662 Pauca-

661 715 756 762 aum.

596 830 616 888 t
635 830 733 903 aprilis
746 827 826 890 late.

448 953 599 1026 [Cornelius
618 952 737 1005 Ecclesia
749 953 862 1012 Veneta,
872 949 914 1009 Ill,
930 949 982 1015 in]

314 1071 431 1134 blandai
446 1079 477 1129 ut
490 1072 521 1127 in
534 1085 621 1127 causa
638 1069 712 1125 inter
727 1069 752 1126 i.
769 1065 922 1140 plebanum
936 1065 965 1123 S.
982 1063 1109 1123 Silvestri

350 1168 379 1218 et
397 1159 549 1233 plebanum
561 1157 737 1229 clericosque
754 1155 782 1214 S.
807 1153 979 1227 Apollinaris
993 1152 1028 1209 de
1050 1153 1107 1212 Ve-

311 1329 324 1350 .
349 1249 435 1306 netiis
448 1255 586 1316 vertente,
599 1241 721 1303 decidat.

354 1372 522 1436 Honorius
531 1371 717 1448 episcopus,
730 1365 1108 1434 servassemorumliei,

315 1469 435 1534 dilecto
460 1467 529 1530 tilio
548 1465 837 1542 archipresbytero
863 1463 1032 1536 Paduano,
1054 1479 1111 1524 sa-

314 1566 417 1632 lutem
431 1563 464 1628 et
477 1563 704 1641 Apostolicem
717 1560 994 1624 benedictionem.

354 1663 501 1728 Dilectus
525 1660 614 1722 illius
641 1661 671 1726 J.
701 1657 862 1736 plebanus
891 1657 923 1718 S.
949 1655 1110 1734 sylvestri

314 1756 415 1826 nobis
425 1757 657 1836 conquerendo
672 1754 872 1818 monstravit
886 1753 973 1832 quod
989 1751 1108 1829 pleba-

315 1873 390 1920 mus
403 1857 437 1920 et
456 1854 614 1918 clericis.
629 1851 833 1930 Apollinaris
848 1851 888 1912 de
902 1849 1063 1921 venetiis,
1078 1849 1110 1910 et

315 1945 450 2036 quidam
467 1951 526 2014 alii
545 1950 660 2012 clerici
677 1951 710 2010 et
723 1947 802 2010 laici
818 1947 1014 2010 castellanae
1026 1946 1112 2008 dice-

315 2051 402 2114 cesis
424 2063 524 2126 super
539 2045 735 2124 quibusdam
755 2044 903 2115 decimis
926 2043 1111 2120 possessio-

315 2146 414 2210 nibus
448 2146 482 2207 et
519 2144 619 2205 rebus
655 2143 731 2204 aliis
757 2141 963 2218 injuriantur
990 2139 1108 2201 eidem.

316 2244 459 2320 Ideoque
500 2240 693 2304 discretioni
727 2241 792 2302 tuae
830 2253 890 2315 per
921 2236 1110 2316 apostolica

318 2339 442 2416 scripta
457 2337 664 2408 mandamus,
684 2337 848 2412 quatenus
859 2334 1009 2412 partibus
1026 2349 1109 2394 con-

315 2436 454 2508 vocaus,
472 2435 590 2496 audias
604 2449 739 2495 causam
760 2434 793 2494 et
811 2431 1035 2508 appellatione
1050 2445 1109 2490 re·

316 2534 406 2596 mota
421 2529 531 2594 debito
551 2529 617 2592 line
639 2529 783 2600 decides,
800 2527 928 2590 iaciens
950 2527 1037 2603 quod
1052 2526 1111 2587 de-

317 2626 464 2694 creveris
488 2642 547 2704 per
569 2639 744 2687 censuram
763 2621 1025 2686 ecclesiasticam
1047 2621 1109 2682 fir-

315 2724 414 2791 miter
441 2721 622 2786 observari.
640 2721 753 2784 Testes
777 2721 889 2784 autem
913 2718 971 2796 qui
987 2717 1111 2781 tuerint

315 2819 534 2894 nominatisi
552 2835 588 2880 se
602 2817 722 2895 gratia,
739 2815 814 2879 odio
828 2816 883 2879 rel
895 2815 1013 2878 tiurore
1031 2813 1112 2876 sub-

258 2950 261 2958 ·
314 2918 491 2991 traxerint,
514 2933 573 2994 per
597 2912 947 2984 censurameamdem,
961 2911 1112 2990 appella-

314 3015 407 3079 tione
430 3011 592 3085 cessante,
613 3009 793 3088 compellas
812 3009 945 3074 veritati
959 3009 1111 3071 testimo-

216 3134 219 3143 ·
303 3105 410 3174 'nium
435 3109 621 3188 perbibere.
652 3109 770 3170 Datum
802 3105 978 3177 Laterani,
1011 3105 1110 3167 nonis

318 3207 446 3286 aprilis,
461 3204 674 3284 pontificatus
689 3202 793 3268 nostri
811 3219 900 3266 anno
918 3202 1069 3280 septime.

642 3531 786 3619 xcvii

317 3687 370 3750 Ad
390 3685 685 3760 arentepisoopnm
698 3683 950 3751 Treotrensem,
970 3679 1004 3742 ct
1018 3680 1111 3752 epis-

356 3797 457 3860 copos
479 3781 681 3852 Mctcusern,
712 3780 962 3842 Vtrduneasem
981 3777 1015 3838 ct
1035 3779 1113 3839 rut-

357 3887 498 3944 tensam.

600 3955 616 4012 7
633 3953 730 4027 aprilis
750 3952 829 4012 1223.

425 4077 583 4148 [llonthoim
595 4075 708 4128 Historia
719 4071 885 4134 vairensis,
902 4073 922 4136 l,
936 4073 1003 4140 bib]

318 4205 462 4268 Honorius
482 4203 584 4270 sancit,
600 4209 632 4258 ut
650 4200 746 4260 nullus
767 4198 921 4271 provinciae
937 4199 1113 4256 Trevirensis

353 4300 485 4354 tenentur
505 4288 688 4366 respondere,
709 4287 756 4344 ubi
779 4301 836 4344 non
858 4293 902 4344 est
924 4287 1008 4358 copia
1024 4286 1110 4360 juris·

352 4382 517 4456 paritorum.

250 4541 265 4562 ·
357 4502 716 4581 Honoriusepiscopns‚
729 4515 845 4562 servus
857 4501 1110 4572 servoranei,

317 4600 562 4668 venerabilibus
591 4598 750 4662 iratribus
772 4597 965 4660 trevirensi
993 4597 1111 4660 arciri-

1163 441 1237 518 plns
1264 437 1396 518 placere
1422 439 1590 502 nobilibus
1623 439 1829 520 quibusdam,
1857 455 1957 516 quarn

1163 537 1293 599 deterre
1309 537 1450 615 institiae
1474 539 1655 615 cupientes,
1681 539 1758 600 dnm
1781 552 1900 598 causas
1915 537 1959 599 ab

1163 635 1352 711 apostolica
1380 635 1465 696 Sede
1496 634 1561 696 sibi
1588 635 1783 697 commissas
1811 635 1846 694 in
1874 634 1958 695 loeis

1163 733 1307 794 tractant
1330 731 1464 804 vilibus,
1493 731 1667 809 inquibus
1687 731 1958 809 jurisperitorum

1164 829 1259 905 copia
1280 843 1347 890 non
1376 827 1528 900 babetur,
1551 829 1585 889 in
1613 843 1673 890 suo
1708 829 1775 891 sint
1801 843 1960 905 processu

1164 923 1362 1002 praecipites,
1378 941 1444 987 non
1457 927 1598 988 rationis
1607 925 1781 1003 judicium.
1798 925 1856 986 sed
1871 940 1960 1002 prae-

1164 1021 1327 1084 dictorum
1356 1023 1530 1099 sequentes
1563 1021 1726 1084 nobilium
1753 1021 1956 1097 voluntatem

1164 1121 1299 1196 propter
1314 1117 1398 1196 quod
1410 1118 1645 1197 frequenterin
1657 1119 1771 1180 eadem
1787 1120 1959 1196 provincia

1164 1215 1320 1277 scandala
1332 1216 1494 1278 oriuntur.
1508 1219 1616 1288 Quare
1627 1213 1885 1293 adhiberisnper
1894 1216 1959 1277 hoc

1163 1312 1362 1388 apostoliea
1373 1313 1682 1390 circumspectionis
1697 1313 1873 1374 consilinm
1885 1329 1959 1390 sup

1164 1407 1324 1485 plicastis.
1343 1411 1412 1470 Nos
1427 1425 1506 1486 ergo
1519 1411 1642 1472 vestris
1658 1409 1957 1487 supplicationibus

1166 1505 1334 1579 inclinati,
1379 1508 1592 1584 presentium
1627 1507 1722 1569 volus
1762 1506 1959 1569 auctoritate

1164 1601 1387 1676 concedimus,
1401 1607 1436 1665 nt
1447 1619 1506 1681 per
1513 1605 1764 1666 commissiones
1775 1606 1889 1666 contra
1899 1617 1958 1666 vos

1164 1699 1205 1760 ad
1220 1698 1304 1762 tales
1320 1700 1470 1763 obtentas
1486 1717 1552 1764 non
1567 1702 1635 1764 nisi
1648 1702 1683 1762 in
1699 1700 1899 1773 civitatibus
1922 1701 1958 1760 in

1164 1793 1282 1873 quibus
1304 1813 1378 1859 esse
1394 1797 1668 1876 jurIsparitorum
1694 1799 1789 1876 copia
1813 1813 1958 1860 consue-

1164 1893 1223 1966 vit,
1247 1909 1289 1955 ne
1311 1895 1388 1970 quid
1404 1895 1601 1970 ignorantiae
1618 1896 1768 1957 caecitate
1788 1893 1959 1970 contingat

1164 1990 1200 2050 in
1219 1991 1307 2066 juris
1330 1991 1559 2068 praejudicinm
1582 1992 1749 2063 attentari,
1772 2007 1884 2055 coram
1909 1991 1958 2052 eis

1164 2087 1345 2148 teneamini
1370 2087 1582 2164 respondere.
1605 2089 1698 2149 Nulli
1719 2103 1798 2164 ergo
1822 2087 1959 2150 omnino

1164 2182 1335 2243 hominum
1350 2183 1450 2244 liceat
1463 2183 1550 2244 banc
1563 2183 1718 2260 paginam
1733 2177 1958 2246 nostree'con-

1165 2279 1326 2340 cessionis
1343 2279 1538 2356 intringere,
1562 2281 1614 2341 vel
1629 2280 1660 2341 ei
1676 2295 1760 2340 ausu
1780 2281 1959 2342 temerario

1165 2375 1342 2437 contraire.
1361 2377 1396 2438 Si
1413 2377 1487 2454 quis
1500 2376 1610 2438 autern
1625 2377 1688 2438 hoc
1703 2377 1867 2438 attentare
1878 2393 1960 2454 prae-

1165 2473 1353 2550 sumpserit,
1408 2473 1670 2549 indignationem
1724 2475 1959 2551 omnipotentis

1165 2570 1224 2631 liei
1239 2572 1272 2632 et
1285 2570 1436 2631 divorum
1454 2571 1546 2632 Petri
1568 2573 1601 2632 et
1618 2571 1713 2632 Pauli
1733 2571 1959 2648 apostolorum

1165 2682 1202 2727 se
1222 2667 1352 2729 noverit
1377 2667 1601 2728 incursurum.
1632 2670 1751 2730 Datum
1784 2669 1957 2742 Laterani,

1165 2766 1225 2825 Vll
1249 2764 1324 2824 idus
1350 2765 1477 2841 aprilis,
1506 2765 1717 2842 pontificatus
1741 2767 1847 2832 nostri
1870 2778 1958 2827 anno

1165 2860 1323 2937 septimos

1474 3179 1639 3270 XCVIII

1205 3350 1258 3409 Art
1272 3349 1509 3411 Christianum
1529 3353 1727 3424 episcopum
1746 3355 1876 3414 Prusst
1909 3395 1916 3412 .

1450 3479 1580 3554 repens
1601 3479 1679 3538 rans.
1742 3461 1746 3474 '

1251 3601 1346 3666 [Volgi.
1359 3601 1421 3654 God.
1434 3597 1544 3666 diplom'.
1559 3602 1712 3663 Prusaiae,1,
1730 3603 1769 3664 lb,
1783 3619 1810 3656 n.
1828 3604 1879 3670 it]

1167 3724 1302 3785 Aunnurn
1326 3725 1429 3798 viginti
1452 3739 1614 3784 memorum
1636 3725 1777 3784 redditu·
1795 3727 1959 3786 abtlberto

1202 3810 1368 3870 marchione
1385 3811 1635 3887 brandeburgensi
1649 3827 1818 3875 concmmm
1830 3823 1860 3874 et
1871 3817 1957 3876 libcr-

1201 3906 1284 3969 nter,
1309 3900 1504 3960 immunitates
1523 3916 1558 3960 ec
1579 3903 1776 3976 exemptiones
1795 3903 1831 3962 ab
1856 3903 1958 3964 eodem

1202 3986 1290 4045 nobili
1306 3987 1440 4059 indultas,
1456 3990 1483 4047 ei
1497 3989 1657 4050 continuat.

1205 4113 1373 4174 Honorius
1388 4113 1698 4191 episcopusservus
1705 4131 1877 4178 servorum
1885 4117 1956 4190 liei,

1167 4208 1288 4270 dilecto
1313 4209 1382 4271 tilio
1411 4210 1599 4272 Christiano
1624 4213 1779 4290 episcopo
1799 4213 1956 4286 Pressius,

1167 4307 1308 4368 salutem
1324 4307 1357 4369 et
1367 4308 1591 4384 apostolicam
1605 4307 1879 4372 benedictionem.

1207 4405 1425 4466 eacmsanota
1460 4407 1610 4467 Romana
1642 4407 1801 4480 Ecclesia,
1839 4409 1891 4470 etc
1895 4451 1957 4482 .....

1166 4515 1273 4575 tecue
1294 4501 1481 4564 contovere.
1497 4504 1689 4580 Eapropter,
1706 4503 1909 4567 venerabilis
1924 4504 1959 4566 in

1167 4597 1297 4660 tibrieto
1312 4597 1426 4670 trater,
1441 4599 1507 4661 tuis
1519 4600 1620 4675 justis
1630 4600 1784 4677 precibus
1795 4601 1957 4674 inclinati,

318 4702 484 4780 episcopo,
507 4697 660 4768 Metensi,
685 4695 888 4758 virdunensi
911 4697 945 4756 et
964 4693 1110 4756 Tullenei
1167 4709 1314 4756 annuum
1336 4694 1455 4770 viginti
1471 4711 1659 4758 marcarum
1682 4697 1881 4760 redditnma
1903 4697 1958 4760 di·

318 4794 814 4876 episcopissutiraganeisejus,
829 4792 988 4875 eteorum
1003 4789 1114 4852 subdi·
1166 4791 1251 4854 lecto
1277 4791 1312 4852 in
1338 4791 1469 4854 cbristo
1495 4791 1564 4854 tilio
1592 4793 1697 4854 nobili
1724 4795 1797 4857 niro
1824 4795 1960 4858 Albertc

318 4895 373 4969 tis,
390 4893 531 4956 salutem
545 4891 811 4967 etApostolicam
835 4887 1110 4950 benedictionem.
1166 4888 1361 4950 marchione
1386 4887 1676 4966 Brandeburgensi
1698 4891 1758 4952 tibi
1787 4893 1822 4954 et
1845 4907 1906 4970 per
1927 4895 1961 4956 te

359 4993 465 5064 Quum
487 5006 508 5052 a
529 4987 625 5050 nobis
639 4987 764 5064 petitur
777 4985 999 5064 quodjustum
1015 4985 1065 5048 est
1080 4987 1112 5046 et
1167 4984 1316 5048 ecclesiae
1334 4985 1401 5046 tuae
1422 4986 1455 5048 et
1474 4987 1724 5049 successoribus
1745 4989 1813 5051 tuis
1826 4989 1961 5066 pietatis

318 5088 506 5155 honestum,
522 5087 590 5148 tam
602 5085 698 5160 vigor
716 5081 896 5160 requietis,
914 5095 1013 5159 qnam
1030 5081 1112 5145 ordo
1167 5081 1300 5144 obtentu
1313 5095 1522 5156 concessum,
1542 5097 1604 5145 nec
1624 5099 1690 5146 non
1705 5085 1886 5158 libertates,
1897 5087 1963 5147 inr-

318 5184 425 5260 exigit
451 5181 646 5254 communis,
666 5183 705 5245 ut
723 5179 757 5242 id
775 5195 835 5258 per
853 5178 1111 5242 sollicitudinem
1166 5177 1345 5242 munitates
1369 5180 1403 5242 et
1421 5180 1650 5257 exemptiones
1670 5181 1711 5242 ab
1726 5182 1842 5244 eodem
1857 5183 1962 5246 nobili

319 5281 421 5346 erucii
443 5278 550 5342 nostri
571 5279 618 5342 ad'
632 5277 778 5342 debitum
795 5274 1111 5354 perduceturetiec·
1165 5274 1227 5338 tibi
1248 5275 1282 5338 et
1307 5273 1497 5338 bominibus
1526 5277 1594 5338 tuis
1617 5277 1786 5352 indultas,
1808 5279 1895 5342 sicut
1921 5293 1962 5342 ea

318 5381 400 5442 tum.
425 5380 475 5439 Ex
497 5377 611 5438 restra
634 5391 715 5436 sane
738 5375 832 5452 parte
847 5371 910 5434 run
923 5372 1111 5448 popositum
1165 5369 1276 5435 omnia
1287 5373 1388 5448 juste,
1406 5373 1576 5435 canonice¹
1589 5375 1623 5436 et
1631 5375 1771 5450 pacifice
1784 5375 1916 5438 obtines
1929 5377 1964 5440 et

319 5491 432 5538 coram
459 5473 572 5547 nobis,
604 5473 687 5551 quod
719 5469 871 5532 nonnulli
903 5468 1111 5530 Trevirensis
1165 5469 1200 5530 in
1224 5469 1329 5546 ipsius
1352 5469 1556 5530 marchionis
1585 5470 1708 5534 litteris
1735 5472 1866 5549 plenius
1885 5489 1964 5550 per·-

319 5573 499 5647 provinoiaa
527 5587 594 5632 non
615 5569 774 5631 habentes
797 5566 1051 5644 jurisperitiam,
1080 5567 1112 5628 et
1166 5567 1335 5644 speximus
1351 5566 1527 5638 contineri,
1545 5566 1604 5628 tibi
1620 5569 1653 5630 et
1662 5583 1721 5644 per
1732 5570 1765 5630 te
1781 5569 1845 5646 ipsi
1854 5571 1964 5632 eccle-
