4244 6374
112 252 176 312 549

725 237 952 318 aristeum.
976 255 1054 314 nie.
1077 254 1165 314 vin.

1695 256 1756 318 550

111 410 240 471 terram
252 407 484 471 nobilisviri...
495 409 749 482 ducisAustriae,
760 427 795 472 se
807 413 911 472 trans·
1005 411 1130 472 Vestrae
1146 411 1331 472 devotionis
1347 412 1505 473 hahemus
1520 399 1648 476 litteras
1673 429 1764 500 con-x

111 504 214 578 terre,
232 505 474 568 traternitatein
496 509 587 567 tuam
609 520 765 582 rogamus
781 508 909 568 ethor-
963 508 1119 579 tinentes
1143 508 1228 585 quod
1253 507 1454 568 venerahilis
1476 509 1579 570 irater
1602 511 1751 577 noster...

110 601 226 662 tamm
248 603 388 674 attente,
412 607 575 678 quatenus
601 603 694 664 tuum
715 603 825 664 adhuc
847 603 932 664 sibi
964 605 1754 682 Norvicensisepiscopus,tuncelectusetcame-
1832 656 1834 665 ,

112 699 292 760 consilium
313 701 345 760 et
361 699 525 760 auxilium
543 700 744 776 tanquamin
757 700 909 760 adversi·
964 701 1074 762 rarius
1094 703 1217 780 noster,
1235 702 1348 777 quinta
1364 701 1447 764 teria
1465 705 1539 788 post
1558 704 1677 764 testum
1693 707 1755 766 Re·

111 793 182 855 tate
193 794 381 871 hujnsmodi
394 795 620 856 necessarium
633 795 816 857 liberaliter
826 796 859 857 et
873 796 910 856 li·
963 798 1367 860 surrectionisDominicae
1383 799 1581 875 quingentas
1594 801 1712 876 viginti
1722 801 1755 861 et

111 890 230 951 beuter
257 891 468 967 impendens,
484 892 531 952 ita
551 892 635 969 quod
652 893 716 968 ipsi
731 892 861 953 consilii
877 895 909 954 et
964 908 1063 952 unam
1073 909 1219 954 marcam
1241 895 1364 970 septem
1379 895 1513 966 salidos,
1527 897 1559 956 et
1571 896 1682 956 decem
1696 895 1755 956 de-

112 987 234 1047 auxilii
255 988 305 1048 tui
329 1003 390 1064 opo
415 987 561 1060 suffulto,
585 989 659 1064 post
681 989 908 1064 tempestatem
963 990 1076 1050 narios
1102 991 1337 1066 sterlingorum
1361 1007 1522 1052 novorum
1550 992 1585 1051 in
1610 993 1754 1069 quinque

111 1077 331 1160 tranquillum
350 1085 383 1145 et
402 1083 556 1148 serenum
572 1085 646 1170 post
659 1085 809 1145 nubilum
823 1086 909 1148 tam-

112 1178 188 1240 dem
204 1180 294 1242 liant.
312 1182 430 1244 Datum
445 1179 613 1252 Laterani,
631 1183 707 1242 Vlll
724 1180 799 1242 Kal.
819 1197 909 1242 mar-

112 1276 165 1348 tii,
180 1277 391 1354 pontificatus
405 1279 512 1340 nostri
526 1294 615 1340 anno
630 1278 757 1340 octavo,

408 1551 620 1640 dxxxvss

273 1693 326 1764 ald
344 1705 540 1777 episcopum
560 1705 740 1778 Reginum.

405 1831 440 1890 23
460 1831 515 1890 leh.
537 1831 615 1890 itti.

208 1953 338 2018 [Theinen
356 1953 417 2005 Cod.
431 1954 493 2019 dipl.
509 1954 617 2004 dominii
630 1958 719 2018 temp,
732 1954 751 2009 l,
761 1952 814 2017 ta]

113 2077 148 2134 El
162 2077 294 2136 concedit
308 2077 527 2226 wimadi
544 2077 680 2177 Loncillis
697 2083 726 2134 et
739 2075 908 2136 Boudenum

433 2179 449 2221 e
494 2181 507 2221 r
529 2179 606 2228 uino.

153 2282 233 2341 Gum
243 2281 438 2342 Bundenum
449 2282 490 2344 de
498 2281 907 2343 BuncillisetBundenum

112 2377 154 2437 de
168 2377 328 2446 Arduino,
357 2395 430 2455 quae
456 2393 499 2439 ex
527 2377 705 2452 donatione
729 2378 907 2438 comitissas

112 2475 287 2536 Mathildis
299 2475 341 2536 ad
362 2478 546 2536 itomanam
561 2475 710 2551 spectant
724 2473 907 2536 Ecclesiam

111 2571 149 2632 in
166 2572 221 2634 tua
233 2572 300 2634 sint
314 2572 450 2634 dioecesi
462 2573 662 2648 constituta;
678 2587 739 2632 nos
755 2572 795 2632 de
810 2586 905 2632 oom-

111 2667 204 2730 muui
230 2668 369 2730 fratrum
393 2671 583 2730 nostrorum
600 2683 753 2739 assensu,
770 2681 810 2728 ea
832 2683 907 2729 cum
937 2717 938 2720 η

111 2765 321 2841 pertinentiis
333 2766 405 2838 tihi,
419 2766 452 2828 et
462 2763 712 2826 successoribus
723 2765 791 2826 tuis
802 2779 907 2840 usque

112 2861 152 2920 ad
169 2861 307 2937 triginta
322 2877 428 2924 annos
443 2861 586 2923 tenenda
602 2861 825 2931 concedimur,
845 2860 907 2921 sub

111 2958 248 3033 triginta
264 2957 426 3020 librarum
441 2958 711 3036 proveniensium
726 2973 829 3018 censu
844 2960 906 3020 Ro·

110 3070 209 3116 mano
225 3055 390 3125 Pontifici,
404 3055 461 3131 qni
476 3071 536 3130 pro
546 3055 694 3130 tempore
709 3053 820 3126 inerit,
834 3069 906 3130 per·

111 3151 269 3213 solvendo
284 3167 344 3228 pro
356 3152 555 3214 investitura
567 3151 715 3210 locorum
729 3151 905 3226 ipsoruma

111 3251 144 3310 te
159 3248 265 3320 nohis
282 3249 316 3310 et
330 3247 454 3309 eisdem
465 3247 623 3308 tratribus
636 3247 758 3308 nostris
772 3245 906 3308 trecen-

110 3346 154 3406 tis
163 3346 258 3405 libris
266 3343 741 3422 proveniensihuspersolutis.
750 3345 903 3405 Termino

111 3443 221 3503 autem
234 3442 390 3504 veniente
405 3441 562 3518 praedicto
577 3440 663 3518 quod
675 3440 762 3502 inter
777 3443 902 3502 Roma·
935 3473 937 3480 ι

110 3554 187 3599 nam
200 3539 383 3600 Ecclesiam
395 3551 494 3615 super
506 3537 579 3610 ltoc,
595 3538 628 3598 et
637 3539 668 3603 te
684 3537 717 3600 et
730 3553 905 3600 successo-

111 3651 166 3696 res
182 3637 255 3697 tuos
268 3636 472 3705 convenerit,
488 3633 681 3697 observetur
699 3634 786 3712 quod
801 3636 830 3695 si
845 3635 901 3695 ni·

111 3733 158 3793 hil
172 3733 376 3804 convenerit,
397 3733 471 3794 loca
499 3731 626 3804 eadem,
652 3732 770 3793 solutis
797 3732 904 3808 primo

111 3829 261 3891 ecclesie
270 3828 789 3906 Baginensisexpensisutilihus‚
801 3829 903 3890 atne-

111 3927 276 3999 cessariis,
293 3927 396 3987 libere
411 3926 452 3988 ad
469 3926 585 3987 Sedem
602 3927 824 4003 apostolicam
841 3941 901 3988 re-

109 4025 292 4086 vertantur.
316 4024 408 4086 Nulli
422 4038 512 4098 ergo,
530 4025 592 4084 eto.
606 4025 725 4085 Datum
745 4023 902 4084 Laterani

110 4120 248 4196 septimo
263 4119 424 4181 kalendas
439 4119 550 4180 martii
569 4119 779 4196 pontificatus
794 4120 901 4182 nostri

110 4231 198 4278 anno
211 4218 339 4279 octavo.

390 4492 623 4579 GXXXVHI

108 4644 159 4702 Aa
175 4644 333 4716 priorem
348 4642 382 4701 et
403 4643 608 4703 conventum
622 4643 656 4703 S.
673 4645 840 4703 Joltartnis
861 4645 899 4702 tn

330 4739 445 4800 monte
458 4742 677 4800 Bononiensi.

363 4856 398 4924 at
419 4865 551 4924 februarii
567 4868 645 4925 ital.

120 4990 290 5056 [Regest.,lib.
302 4991 368 5048 vill,
377 4989 451 5054 epist.
464 4988 519 5040 ma.
536 4991 594 5042 Mas.
610 4991 730 5044 LaPorte
741 4991 775 5043 du
788 4991 881 5054 risit]

108 5114 222 5172 llandat
239 5121 271 5172 ut
283 5113 436 5186 quamdam
452 5115 579 5186 pecunia
594 5129 745 5183 summam,
764 5116 806 5172 eis
820 5130 896 5172 conr-

153 5203 282 5272 missam,
299 5202 464 5260 marchione
476 5201 676 5261 Montislerroti
688 5203 847 5276 assignent.

963 1087 1105 1147 sacculis
1134 1089 1267 1148 nomine
1305 1090 1418 1149 nostro
1450 1089 1607 1149 custodiae
1634 1092 1753 1150 vestrae

963 1182 1136 1248 commisit.
1165 1185 1325 1256 Quocirca
1340 1185 1533 1246 discretioni
1557 1185 1675 1246 vestrae
1695 1187 1754 1262 per

961 1280 1152 1355 Apostolica
1193 1282 1315 1358 scripta
1351 1281 1557 1354 mandamus
1590 1283 1753 1360 quatenus

962 1390 1023 1452 per
1037 1391 1154 1438 manus
1169 1377 1369 1440 venerahilis
1383 1379 1495 1440 fratris
1515 1379 1657 1440 nostris..
1674 1381 1754 1439 Mu-

963 1472 1076 1532 nensis
1092 1474 1238 1550 episcopi
1251 1474 1442 1550 praedictam
1458 1475 1605 1551 pecuniae
1622 1477 1756 1552 quanti*

962 1568 1063 1629 tatem
1078 1569 1182 1630 nobili
1196 1572 1308 1632 viro...
1322 1571 1506 1632 marchioni
1514 1571 1756 1633 Montislerrati

963 1665 1135 1741 assignare
1155 1664 1291 1728 minime
1317 1667 1490 1731 differatis.
1512 1669 1629 1729 Datum
1652 1670 1753 1730 Late-

963 1762 1049 1833 rani,
1066 1765 1160 1824 sexto
1179 1764 1340 1826 kalendas
1366 1765 1488 1836 martii,
1513 1780 1601 1829 anno
1625 1767 1751 1827 octavo.

1126 2215 1178 2275 Ad
1189 2215 1346 2276 ablatem
1357 2217 1399 2276 de
1414 2211 1583 2277 Columbo.

1222 2343 1258 2400 at
1272 2342 1406 2402 februarii
1420 2343 1498 2402 tttt.

978 2447 1096 2528 [aegest.
1109 2463 1154 2516 tn.
1170 2466 1235 2522 vni.
1252 2466 1327 2530 epist.
1340 2464 1395 2516 roo.
1407 2467 1464 2516 nse.
1478 2467 1515 2518 ta
1524 2468 1599 2517 rorte
1611 2459 1645 2517 au
1659 2467 1739 2517 ruat

996 2589 1075 2648 ldem
1089 2598 1289 2664 argumentum
1305 2605 1391 2664 quarn
1406 2592 1561 2664 superioris
1580 2592 1717 2664 epistolae.

999 2722 1179 2796 Honorius
1204 2727 1280 2797 etc,
1297 2725 1418 2787 dilecto
1441 2724 1549 2786 tilio...
1581 2725 1692 2787 abbati
1715 2726 1755 2788 de

961 2822 1129 2894 Columba,
1149 2823 1337 2885 salutemet
1357 2823 1580 2899 apostoticam
1593 2823 1753 2885 benedic*

937 2963 939 2970 ,
960 2919 1097 2980 tionem.

999 3018 1077 3076 Tuae
1101 3015 1286 3078 devotionis
1305 3015 1465 3077 hahemus
1489 3015 1618 3078 litteras
1642 3017 1754 3080 conti-¹

959 3113 1088 3182 nentes,
1105 3113 1190 3189 quod
1205 3113 1371 3175 solutione
1394 3115 1491 3190 plene
1518 3113 1605 3174 lacta
1627 3115 1754 3178 nuntiis
1867 3117 1869 3120 ’

959 3208 1079 3270 nobilis
1094 3209 1196 3270 viri...
1212 3211 1416 3271 marchionis
1427 3210 1677 3282 Montislerrati,
1694 3227 1752 3272 se-

959 3305 1102 3368 cundum
1117 3308 1396 3384 computationem
1410 3308 1569 3384 ipsorum,
1584 3308 1753 3384 octoginta

958 3405 1079 3465 mandas
1101 3403 1176 3465 ariri
1203 3405 1243 3466 de
1267 3405 1409 3466 Palliola
1438 3401 1470 3466 et
1495 3405 1632 3466 'dimidia
1651 3421 1753 3482 penes

957 3502 1748 3578 monasteriumtuumindepositoremanserunt.

958 3599 1118 3669 Quocirca
1134 3601 1347 3675 praesentium
1359 3599 1420 3660 tibi
1435 3599 1633 3661 auctoritate
1650 3615 1750 3689 man7

957 3693 1084 3766 damus,
1100 3696 1262 3772 quatenus
1284 3697 1459 3772 praedictas
1473 3695 1639 3771 octoginta
1655 3709 1749 3757 mar—

957 3807 1013 3853 cas
1028 3795 1088 3869 pe'r
1102 3809 1221 3854 manns
1236 3791 1437 3854 venerahilis
1452 3793 1565 3854 fratris
1589 3793 1746 3854 nostri...

957 3888 1154 3950 Mutinensis
1174 3889 1322 3965 episcopi
1337 3888 1657 3953 eidem'marchione
1682 3905 1748 3950 uon

934 3997 935 4000 ’
956 3984 1092 4047 differas
1106 3985 1290 4061 assignare.
1306 3986 1425 4047 Datum
1441 3985 1607 4072 Laterani,
1622 3988 1664 4048 Vl
1681 3985 1747 4046 lta*

956 4081 1072 4142 landas
1087 4081 1209 4156 martii,
1226 4096 1315 4142 anno
1329 4082 1457 4144 octavo.

973 4534 1192 4596 anebontem
1217 4535 1250 4594 et
1265 4535 1470 4595 conventum
1494 4537 1535 4596 de
1549 4537 1723 4596 Leucadios
1740 4577 1742 4582 -

1213 4663 1248 4722 tt
1260 4663 1392 4724 telmon
1407 4664 1486 4722 liii:

969 4787 1145 4853 [negatum.
1165 4769 1729 4852 trinepotem.ussnaronanurmn]
1784 4817 1790 4824 .

986 4910 1067 4971 Idem
1082 4919 1282 4986 argumentum
1300 4925 1384 4984 quam
1404 4911 1559 4983 superioris
1571 4911 1708 4984 epistolae.

992 5047 1170 5112 Honorius.
1194 5047 1269 5116 etc,
1296 5045 1426 5106 dilectis
1448 5044 1563 5112 tiliis...
1585 5043 1696 5106 abbati
1713 5048 1746 5106 et

953 5144 1130 5206 conventui
1145 5143 1185 5204 de
1200 5141 1375 5213 Leucadio,
1393 5141 1544 5212 salutem,
1561 5143 1623 5204 etc.

992 5242 1118 5304 Vestrae
1142 5239 1327 5302 devotionis
1340 5237 1499 5300 hahemus
1514 5237 1644 5302 litteras
1658 5256 1742 5301 con·

145 5337 323 5408 Honorius
351 5340 426 5409 etc„
448 5337 578 5400 dilectis
595 5337 709 5400 liliis...
736 5338 840 5414 priori
866 5337 899 5400 et
930 5339 1107 5405 'tinentes
1123 5337 1208 5415 quod
1231 5351 1290 5396 vos
1316 5351 1337 5396 a
1363 5335 1483 5397 dilecto
1512 5336 1582 5398 lilio
1607 5337 1744 5412 AEgidio

108 5437 282 5498 conventui
296 5435 408 5498 Sancti
422 5435 585 5499 iohannis
603 5421 642 5498 in
657 5436 768 5496 monte
784 5438 897 5498 Bono-

107 5531 225 5602 niensi,
243 5531 394 5600 salutem,
411 5534 474 5594 etc.

929 5484 932 5526 :
953 5435 1154 5497 subdiacono
1167 5435 1200 5494 et
1214 5433 1386 5509 capellano
1410 5435 1523 5494 nostro
1550 5433 1611 5494 suh
1632 5435 1743 5495 vestra

929 5569 931 5620 7
953 5534 985 5594 et
997 5531 1147 5593 ecclesiae
1168 5531 1288 5590 vestrae
1304 5530 1453 5590 custodia
1468 5530 1640 5605 recepistis
1656 5545 1742 5606 qua-
