4274 6388
290 216 350 312 aar

291 410 412 473 nonico
442 411 554 474 Sancti
576 408 749 474 Benedicti
775 406 956 483 Pausian,
987 407 1082 471 salu·

291 507 370 582 tem,
385 509 447 570 etc.

332 607 424 668 Licet
437 606 532 668 vobis
556 605 778 667 direxerimus
804 605 929 681 scripta
956 602 1081 675 nostra,

293 704 330 765 ut
344 703 463 766 dilecto
479 704 548 766 tilio
565 703 724 779 magistro
738 706 816 774 lim,
833 701 1005 762 Ebroicen.
1022 716 1083 760 ar-

292 800 499 872 chidiacono,
524 801 560 862 in
588 815 684 862 sacra
701 799 823 876 pagina
846 799 999 875 cupiente
1013 797 1086 858 stu-

293 897 383 968 dere,
400 897 581 973 proventus
596 912 674 958 suos
694 895 936 958 ecclesiasticos
952 893 1083 954 iacere-

292 993 336 1054 tis
357 993 486 1069 integre
506 993 701 1065 ministrari,
719 1007 785 1053 non
803 993 916 1054 tamen
932 990 1084 1052 volumus

293 1090 370 1166 quia
386 1106 447 1153 nec
468 1093 589 1154 restrae
603 1091 797 1153 intentionis
815 1090 935 1162 extitit,
956 1089 992 1151 ut
1006 1103 1084 1165 quo·

292 1187 436 1250 tidianas
462 1188 538 1249 illas
567 1187 827 1260 distributiones,
858 1202 931 1265 quae
957 1186 1085 1248 tantum

294 1284 515 1346 residentibus
526 1286 676 1346 ecclesiis
690 1285 723 1346 et
737 1285 790 1344 his
806 1285 860 1360 qui
876 1284 968 1344 horis
981 1284 1087 1344 inter-

295 1381 371 1442 sunt
383 1381 553 1443 canonicis
566 1382 776 1454 exhibentur,
784 1381 816 1442 ei
828 1380 930 1441 tribui
942 1380 1083 1442 laciniis.

293 1477 413 1540 Datum
432 1479 599 1553 Laterani,
625 1481 685 1542 Vll
706 1478 869 1541 kalendas
890 1477 1083 1549 decembris,

253 1596 255 1606 ·
294 1589 384 1636 anno
397 1576 547 1652 septimo.

615 1923 763 2010 XXVII

433 2095 485 2154 Ad
505 2094 702 2154 Loudoocm
725 2089 945 2154 servientem.

559 2242 578 2298 8
596 2238 725 2298 decemb.
742 2239 821 2297 2222.

340 2381 469 2443 [Theinen
479 2381 541 2434 God.
551 2381 614 2445 dipl.
626 2379 734 2431 dominii
745 2385 834 2445 temp,
848 2379 867 2439 l,
881 2379 920 2439 73,
935 2393 961 2428 n.
974 2379 1041 2444 222]

297 2523 426 2584 Landoni
445 2524 580 2582 servienti
606 2522 732 2597 pontifex
752 2521 903 2580 couilrmat
916 2521 1088 2580 locationem

332 2613 423 2670 vinee
438 2613 467 2670 in
486 2613 626 2671 territorio
647 2612 768 2686 Signino
790 2627 805 2668 a
824 2609 963 2668 cardinali
978 2611 1089 2668 sancte

330 2700 491 2760 anastasie
504 2708 614 2759 rectore
628 2700 791 2772 campanie
801 2697 856 2756 sibi
865 2697 980 2757 iactam.

336 2845 504 2905 Honorius
514 2844 825 2920 episcopusservus
836 2841 1086 2913 servorumDei,

296 2938 417 3001 dilecto
431 2941 501 3002 illio
517 2940 666 3001 Landoni
682 2939 841 3000 servienti
856 2940 981 3010 nostro,
996 2939 1090 3000 salu-

296 3037 362 3098 tem
377 3037 410 3097 et
420 3036 643 3113 apostolicam
653 3035 927 3096 benedictionem.

336 3133 477 3208 Dignum
503 3134 563 3205 est,
589 3133 626 3194 ut
647 3133 704 3208 qui
728 3131 906 3208 pergrata
930 3129 1089 3208 obsequia

296 3230 414 3306 gratiae
438 3245 475 3291 se
496 3230 662 3306 coaptant,
679 3228 833 3304 gratuitae
859 3227 1089 3289 retributionis

296 3326 483 3404 percipiant
508 3327 760 3387 incrementum.
789 3328 895 3399 Quum
908 3326 1020 3402 itaque
1035 3325 1088 3386 di·

266 3429 269 3434 “
296 3424 401 3485 lectus
426 3421 515 3484 filius
538 3424 652 3485 noster
665 3425 713 3494 (2.,
730 3421 818 3484 tituli
835 3423 964 3484 Sanctae
979 3426 1089 3484 Anas-

296 3520 392 3582 tasiae
407 3520 579 3597 presbyter
598 3519 790 3592 cardinalia,
811 3521 921 3581 rector
944 3519 1088 3582 civitatis

297 3617 456 3694 signinae,
479 3617 655 3695 quamdam
679 3617 823 3688 vineam,
857 3616 898 3676 ad
933 3617 1089 3679 Ecclesiae

216 3703 220 3712 ’
297 3715 455 3776 Romanae
477 3715 666 3776 demanium
686 3713 919 3790 pertinentem,
941 3714 1089 3776 interri-

295 3811 383 3874 torio
408 3811 604 3889 positamad
631 3811 817 3882 Fossatum,
845 3810 994 3886 tempore
1012 3811 1088 3874 vitae

297 3908 436 3972 suaetibi
449 3907 654 3970 concesserit
675 3929 682 3968 ι
705 3923 765 3968 uos
780 3906 1088 3984 ipsiusgratiaeali-

297 4006 375 4083 quid
396 4005 547 4067 volentes
569 4005 726 4082 adjicere,
745 4005 878 4066 vineam
901 4005 1007 4082 ipsam
1029 4005 1089 4068 tibi

295 4103 428 4181 tuisque
463 4101 711 4164 successoribus
747 4101 808 4162 sub
847 4117 958 4164 annuo
987 4118 1089 4164 censu

296 4201 396 4262 unius
424 4200 554 4262 denarii
578 4200 618 4260 de
644 4199 762 4260 senatu
791 4199 947 4276 duxImus
967 4215 1089 4263 conce·

297 4298 450 4371 deudam,
474 4313 614 4374 eamque
641 4296 702 4359 tibi
726 4297 924 4360 auctoritate
949 4299 1092 4374 Aposto-

297 4395 361 4458 lica
386 4394 620 4457 confirmamus
638 4396 671 4454 et
696 4395 867 4471 praesentis
891 4395 1006 4473 scripti
1030 4410 1092 4472 pa-

296 4493 439 4556 trocinio
464 4491 716 4554 communimus.
745 4492 838 4554 Nulli
860 4507 939 4568 ergo
956 4493 1091 4553 omnino

297 4590 468 4682 bominum
484 4590 585 4651 liceat
597 4587 684 4650 hanc
706 4589 863 4665 paginam
874 4590 998 4650 nostre
1011 4605 1099 4670 conr

297 4688 458 4751 cessionis
487 4687 519 4750 et
547 4685 809 4748 confirmationis
833 4685 1030 4762 intringere.
1056 4688 1092 4748 Si
1191 4716 1196 4726 ·

295 4787 370 4862 quis
394 4785 506 4848 autem
529 4785 593 4846 hoc
621 4785 786 4846 attentare
813 4783 1088 4860 praesumpserit,

296 4882 559 4959 indignationem
583 4880 818 4957 omnipotentis
837 4881 896 4941 Dei
920 4880 953 4942 et
978 4879 1094 4942 beato-

297 4995 372 5041 rum
387 4980 477 5042 Petri
493 4981 525 5042 et
540 4979 636 5040 Pauli
658 4978 882 5055 apostolorum
898 4979 970 5054 eius
981 4994 1017 5040 se
1032 4993 1094 5038 no-

298 5075 385 5140 verit
398 5076 622 5137 incursurum.
638 5077 757 5137 Datum
775 5075 943 5148 Laterani,
960 5077 1005 5138 vl
1020 5075 1092 5136 idus

299 5171 499 5250 decembris,
531 5173 741 5250 pontificatus
768 5172 874 5236 nostri
902 5189 989 5234 anno
1017 5189 1094 5250 sep-

299 5269 390 5332 iimo.

905 249 1081 313 HONORII
1103 251 1153 310 III
1170 247 1331 318 OPERA.

1451 433 1620 522 XXVIII

1138 587 1191 648 Ad
1213 586 1414 648 abbatemet
1441 586 1648 648 concentum
1661 585 1866 646 monasterti
1890 587 1933 646 de

1177 685 1463 756 Mulenbrunnen,
1492 683 1730 744 Cisicrcieusts
1746 683 1891 744 ordinis

1400 814 1434 870 22
1446 810 1575 870 decemb.
1597 813 1675 870 2222.

1155 936 1417 1002 [Wiricmbergisehes
1430 935 1646 994 Urlrundenbuch‚
1657 937 1733 1001 Ill,p.
1746 935 1800 995 llo,
1809 951 1834 985 n.
1848 935 1917 1000 oui]

1140 1063 1287 1120 Decimam
1313 1063 1386 1119 villae
1407 1061 1443 1119 de
1457 1060 1594 1120 Werbere
1616 1059 1826 1135 [wurmherg],
1846 1075 1934 1133 quam

1174 1149 1217 1207 eis
1242 1149 1412 1224 Cionradus)
1426 1150 1569 1223 Spirensis
1590 1151 1744 1222 episcopus
1762 1150 1932 1220 contulerat,

1175 1239 1218 1296 eis
1231 1238 1390 1297 confirmat.

1180 1364 1540 1441 Honoriusepiscopus,
1548 1379 1665 1426 servus
1675 1379 1847 1426 servorum
1860 1363 1931 1436 Dei,

1141 1459 1272 1522 dilectis
1285 1461 1413 1522 liliis...
1430 1458 1542 1523 abbati
1557 1463 1590 1522 et
1608 1461 1786 1523 conventui
1800 1475 1935 1522 monas-

1141 1557 1218 1619 terii
1230 1557 1271 1618 de
1281 1557 1547 1619 Mulenbrunnen
1556 1558 1784 1619 cisterciensis
1793 1558 1931 1630 ordinis,

1141 1655 1281 1718 salutem
1295 1657 1327 1718 et
1338 1655 1562 1732 Apostolicam
1576 1654 1855 1717 benedictionem.-

1183 1753 1401 1814 Sacrosancta
1418 1755 1567 1814 Romana
1586 1752 1734 1812 Ecclesia
1752 1752 1886 1813 devotos
1901 1752 1935 1815 et

1142 1848 1284 1911 humiles
1311 1849 1408 1923 illios,
1434 1865 1477 1911 ex
1492 1850 1634 1911 assuetae
1651 1849 1784 1926 pietatis
1811 1849 1933 1923 olllcio,

1142 1947 1339 2024 propensius
1352 1947 1494 2022 diligere
1509 1947 1682 2008 consuevit
1694 1947 1737 2014 et,
1754 1963 1796 2007 ne
1814 1962 1936 2023 pravo-

1142 2059 1216 2104 rum
1227 2043 1398 2104 hominum
1411 2044 1574 2105 molestiis
1588 2044 1768 2120 agitentur,
1785 2059 1842 2106 eos
1855 2045 1936 2106 tam·

1143 2155 1240 2217 quam
1256 2141 1310 2218 pia
1325 2141 1432 2202 mater
1445 2157 1513 2201 suae
1525 2141 1738 2217 protectionis
1754 2141 1936 2203 munimine

1143 2236 1329 2299 contovere.
1354 2241 1460 2311 Quum
1484 2238 1606 2316 itaque,
1630 2237 1716 2300 sicut
1738 2237 1833 2300 vobis
1847 2238 1937 2301 rele-

1143 2335 1291 2397 rentibus
1316 2335 1560 2406 intelleximus
1599 2335 1801 2398 venerabilis
1833 2335 1936 2399 irater

1142 2434 1256 2494 noster
1266 2435 1300 2494 C.
1311 2433 1477 2509 Spirensis
1486 2433 1662 2510 episcopus
1673 2433 1935 2496 decimamvillao

1144 2529 1183 2590 de
1195 2529 1355 2591 Werbere
1368 2530 1473 2601 vobis,
1491 2530 1531 2590 de
1551 2530 1604 2592 sui
1623 2545 1763 2591 assensu
1785 2531 1934 2608 capituli,

1142 2626 1276 2702 pietatis
1291 2628 1415 2688 intuitu
1434 2628 1639 2700 contulisset,
1657 2643 1718 2689 nos
1735 2629 1856 2690 vestrIs
1871 2627 1936 2706 piis

1143 2724 1438 2801 supplicatIonibus
1464 2726 1628 2798 inclinati,
1652 2726 1739 2803 quod
1764 2727 1805 2787 ab
1821 2727 1936 2787 eodem

1143 2822 1297 2898 episcopo
1310 2837 1410 2898 super
1424 2821 1486 2884 boc
1501 2823 1565 2900 pie,
1576 2822 1713 2899 provide
1725 2839 1765 2884 ac
1775 2823 1937 2885 canonica

1143 2917 1266 2980 lactum
1281 2919 1341 2992 est,
1359 2919 1445 2980 sicut
1456 2920 1493 2980 in
1512 2923 1584 2996 ejus
1599 2920 1720 2981 litteris
1735 2921 1933 2993 continetur,

1144 3017 1342 3079 auctoritate
1354 3017 1543 3092 Apostolica
1554 3017 1800 3092 confirmamus,
1812 3019 1845 3080 et
1855 3035 1937 3095 prae-

1144 3115 1247 3175 sentis
1263 3114 1377 3191 scripti
1386 3115 1570 3190 patrocinio
1579 3115 1830 3176 communimus.
1844 3113 1937 3177 Nulli

1145 3227 1224 3287 ergo
1236 3211 1371 3273 omnino
1386 3211 1557 3272 hominum
1573 3212 1769 3274 liceathanc
1781 3213 1936 3289 paginam

1144 3311 1266 3370 nostrae
1277 3308 1538 3370 confirmationis
1548 3308 1801 3385 infringerevel
1811 3310 1937 3371 elausu

1144 3407 1321 3468 temerario
1342 3406 1520 3467 contraire.
1543 3406 1578 3466 Si
1593 3406 1667 3483 quis
1681 3407 1791 3468 autem
1807 3407 1870 3468 hoc
1885 3407 1938 3469 at-

1144 3504 1273 3566 tentare
1285 3503 1544 3581 presumpserit,
1555 3502 1815 3580 indignationem
1828 3505 1939 3564 omni-

1144 3603 1287 3678 potentis
1320 3600 1380 3662 Dei
1401 3602 1435 3663 et
1457 3599 1630 3662 beatorum
1659 3601 1750 3662 Petri
1779 3601 1811 3662 et
1839 3601 1936 3662 Pauli

1145 3699 1371 3776 apostolorum
1399 3701 1472 3774 ejus
1501 3713 1537 3758 se
1558 3698 1689 3759 noverit
1711 3699 1935 3760 incursurum.

1144 3797 1262 3858 Datum
1276 3795 1445 3866 Laterani,
1463 3797 1493 3855 ll
1513 3793 1586 3856 idus
1602 3795 1796 3869 decembris,
1822 3795 1937 3873 ponti-

1144 3894 1261 3956 ficatus
1277 3893 1382 3955 nostri
1395 3907 1483 3955 anno
1499 3893 1650 3970 septimo.

1479 4223 1606 4311 XXIX

1145 4375 1198 4434 Ad
1210 4375 1506 4449 crcbteptscopcm
1521 4375 1838 4448 Gotitpostellcncm‚
1852 4373 1940 4447 epts·

1166 4485 1288 4546 copcm
1299 4475 1507 4534 ,auriensem
1516 4472 1551 4534 et
1564 4471 1719 4533 aetatem
1729 4474 1769 4533 dc
1781 4473 1917 4533 Ossera.

1415 4613 1448 4670 23
1461 4610 1590 4670 decemb.
1606 4611 1674 4670 2222

1277 4737 1427 4803 [licumque.
1440 4735 1550 4788 donnes
1561 4736 1674 4794 illatam,
1687 4734 1730 4794 IV,
1743 4733 1810 4798 228]

1147 4861 1263 4920 Mandat
1277 4869 1308 4920 ut
1321 4876 1370 4918 rex
1384 4861 1556 4932 portugalie
1569 4858 1723 4932 quamdam
1738 4872 1891 4927 summam,
1905 4857 1941 4915 ab

1182 4950 1345 5024 ejusuxore
1368 4947 1503 5006 Ecclesia
1519 4949 1655 5006 Romane
1680 4961 1857 5016 concessam,
1883 4947 1940 5004 sol·

1151 5077 1156 5084 -
1183 5053 1251 5096 vere
1265 5045 1395 5110 cogatur.

1190 5163 1418 5239 Significatum
1441 5163 1492 5224 esi
1516 5160 1623 5233 nobis,
1641 5159 1726 5238 qood
1749 5161 1942 5222 carissimus

1148 5260 1184 5320 in
1200 5259 1330 5322 Christo
1345 5259 1436 5320 illius
1452 5261 1565 5320 noster
1588 5261 1639 5330 2.,
1666 5257 1869 5333 Portugaliae
1883 5273 1944 5318 rex

1148 5357 1301 5429 illustrls,
1327 5353 1462 5435 inclytae
1486 5354 1729 5416 recordationis
1743 5357 1795 5426 V,
1816 5355 1944 5429 reginae

1149 5453 1254 5531 ipsius
1274 5453 1382 5525 uxori,
1400 5454 1531 5530 plenam
1554 5451 1719 5512 concessit
1733 5451 1866 5526 legendi
1884 5465 1944 5526 pro

1150 5551 1262 5614 anima
1287 5567 1357 5623 sua,
1377 5549 1417 5612 de
1435 5549 1530 5611 bonis
1548 5549 1644 5624 regni
1665 5547 1825 5628 ejusdem,
1841 5563 1944 5624 usquc
