4222 6374
382 1116 450 1205 DE
485 1116 640 1207 SEXTO
676 1119 898 1210 HONORII
935 1123 998 1212 III
1035 1123 1403 1218 PONTIFICATUS
1437 1131 1593 1220 ANNO.

198 2131 956 2201 instituentidesextolionoriilflPontiilcatusanno
1011 2135 1810 2218 gratialargiatur.Serenitatemigiturregiamrogamus

161 2226 957 2304 quaedambreviterreferre.ethuicEpistolarumlibro
1013 2232 1120 2283 attente
1144 2233 1173 2284 et
1191 2241 1352 2298 monemus,
1375 2235 1404 2286 et
1422 2227 1606 2289 exhortamur
1629 2232 1659 2290 in
1674 2235 1808 2306 Domino,

160 2326 246 2375 sexto
267 2327 351 2376 antea
378 2333 485 2392 ponere
508 2333 594 2391 quam
618 2318 680 2390 ipse
703 2317 846 2375 studiosus
869 2315 957 2372 lector
1011 2321 1152 2386 quamnus
1168 2314 1205 2372 de
1219 2317 1320 2390 gratim
1334 2323 1438 2374 nostrae
1453 2316 1551 2376 levore
1565 2335 1693 2391 securus,
1709 2329 1808 2396 utpote

159 2407 287 2480 paginas
308 2408 431 2476 evolvat,
452 2405 523 2464 milri
546 2406 575 2463 in
599 2411 725 2463 mentem
747 2405 826 2464 venit
847 2403 957 2461 dierum
1011 2401 1058 2475 qui
1073 2401 1108 2460 ad
1122 2402 1340 2462 subventionem
1354 2408 1449 2464 Terra
1463 2405 1553 2480 ipsius
1567 2415 1624 2466 tota
1635 2409 1810 2470 intendimus

160 2494 275 2552 illorum
290 2494 459 2564 recordatio,
475 2495 504 2553 in
520 2494 622 2568 quibus
637 2493 817 2552 fredericum
832 2495 858 2552 il
873 2507 955 2550 coro·
1011 2489 1167 2564 voluntate,
1182 2492 1350 2551 conforteris
1364 2495 1394 2552 in
1418 2496 1550 2565 Domino,
1580 2502 1609 2554 et
1632 2497 1661 2555 in
1680 2501 1808 2571 potentia

158 2582 243 2639 navit
257 2582 395 2640 Pontifex.
419 2585 539 2642 Romam
559 2583 708 2656 ingressus
726 2588 769 2639 est
788 2583 956 2654 Imperator,
1011 2581 1122 2638 virtutis
1136 2582 1236 2653 ipsius,
1248 2581 1283 2640 ad
1292 2586 1540 2643 conservationem
1548 2587 1642 2644 Terre
1657 2588 1809 2648 intendens

159 2684 218 2727 non
240 2677 350 2727 tantum
370 2677 402 2728 ut
423 2685 522 2745 regern
538 2670 656 2728 decebat
674 2669 824 2742 pacificum
843 2676 872 2727 et
889 2682 957 2726 vere
1010 2668 1129 2726 viriliter
1143 2677 1172 2727 et
1186 2670 1349 2744 prudenter,
1364 2673 1551 2744 praeliaturos
1562 2676 1806 2748 procuremini,

157 2757 366 2828 christianum,
394 2759 446 2816 sed
469 2759 545 2816 hanc
569 2757 692 2832 jurando
720 2757 956 2818 constitutionem
1011 2772 1099 2828 quum
1121 2765 1233 2832 tempus
1259 2758 1406 2818 advenerit
1427 2768 1629 2834 opportunum,
1644 2770 1673 2821 et
1694 2765 1731 2822 ob
1752 2763 1808 2824 hoc

157 2860 249 2917 quam
264 2847 293 2903 in
305 2846 470 2920 Appendice
485 2846 521 2904 ad
537 2847 650 2904 tertium
664 2849 799 2905 volumen
813 2845 955 2904 dedimus.
1011 2853 1178 2918 recepturus
1190 2846 1226 2905 ab
1237 2861 1273 2904 eo
1285 2849 1445 2921 gratiamin
1460 2851 1594 2922 presenti
1604 2859 1633 2909 et
1642 2851 1765 2924 gloriam
1778 2855 1807 2911 iu

158 2935 230 2993 Cum
249 2935 328 2991 omni
342 2935 487 2994 docilitate
506 2949 538 2993 se
553 2935 672 3008 gerebat
686 2934 862 2994 fredericus.
881 2936 957 2991 inter
1011 2931 1105 2991 futuro
1124 2954 1149 2988 ».

156 3021 308 3080 dominum
324 3037 427 3096 popam
444 3030 472 3080 et
494 3023 695 3096 imperatorem
714 3023 791 3080 nulla
807 3021 957 3080 videbatur
1047 3022 1132 3091 Sana,
1149 3028 1265 3095 accepta
1278 3021 1368 3080 cladis
1378 3023 1487 3094 notitia,
1499 3023 1535 3083 ad
1547 3041 1663 3085 eversas
1673 3043 1719 3086 res
1730 3028 1806 3088 exci-

157 3110 314 3180 dissensio,
330 3119 359 3169 et
383 3111 496 3184 legibus
521 3110 653 3170 civilibus
672 3112 850 3168 sanctionem
865 3111 956 3168 amice
1011 3106 1113 3166 tendas
1126 3109 1298 3182 colloquium
1313 3126 1378 3169 cum
1392 3110 1542 3172 frederico
1556 3109 1680 3187 p'rirnum
1700 3115 1806 3176 habere

157 3201 290 3257 Romana
305 3198 394 3258 Sedes
408 3199 502 3257 dabat.
520 3200 718 3258 innocentium
732 3199 844 3256 tertium
858 3201 954 3256 liono-
1010 3195 1145 3265 decrevit,
1157 3197 1313 3271 posteaque
1321 3199 1434 3257 comitia
1446 3202 1574 3258 omnium
1586 3201 1806 3264 christianorum

157 3287 217 3346 rius
230 3287 395 3361 superabat,
412 3294 443 3344 ut
460 3289 497 3345 ita
510 3287 614 3357 dicam,
632 3286 830 3360 magnitudine
844 3286 956 3344 consilii
1010 3286 1172 3359 principum
1195 3287 1371 3359 amplissima
1393 3286 1502 3346 indixit.
1528 3288 1583 3347 sed
1605 3305 1670 3349 cum
1695 3291 1805 3353 fallacia

158 3383 186 3434 et
202 3390 302 3433 rerum
317 3391 462 3434 successu.
477 3377 533 3434 Sed
546 3375 637 3442 brevi,
655 3377 783 3433 Damiata
808 3383 902 3448 capta,
926 3375 956 3432 in
1010 3375 1154 3446 magisne
1178 3375 1282 3448 magis,
1306 3375 1335 3432 in
1363 3375 1424 3433 dies
1446 3376 1550 3450 agebat
1565 3379 1741 3450 modericus,
1757 3383 1807 3455 qui

157 3463 351 3522 Orientalibus
378 3463 505 3536 partibus
526 3463 749 3523 Christianorum
778 3461 888 3521 fortuna
904 3461 954 3521 de·
1010 3460 1275 3520 desideriumsuum
1288 3461 1323 3520 de
1337 3465 1431 3522 l'errae
1451 3466 1561 3523 Sanctae
1575 3469 1693 3541 negotio
1713 3471 1803 3528 conb-

157 3554 254 3624 periit,
279 3551 347 3609 dum
370 3552 399 3609 in
422 3551 572 3610 occidente
596 3553 717 3625 ipsemet
746 3551 899 3624 imperator
924 3565 956 3608 sc
1009 3548 1111 3607 ciendo
1136 3551 1277 3608 interdurn
1301 3552 1483 3610 manifestum
1510 3551 1641 3624 iaciebat,
1670 3564 1700 3616 et
1726 3573 1804 3632 saepe

157 3642 317 3699 novitatum
335 3640 421 3697 nimis
442 3647 598 3699 amatorem
610 3640 743 3698 ostendit
763 3641 833 3698 lime
856 3639 956 3714 paucis
1008 3639 1114 3711 sepius
1127 3637 1327 3696 transfretandi
1340 3641 1491 3700 terminum
1506 3641 1664 3701 differebat.

157 3729 255 3788 verbis
273 3736 340 3786 sunt
358 3728 407 3785 tibi
419 3727 567 3798 tradenda,
581 3729 671 3786 lector
688 3727 838 3786 benevole.
921 3745 927 3757 ·
1044 3725 1086 3785 Dc
1098 3725 1361 3798 fredericoautem
1375 3726 1443 3785 illud
1459 3743 1517 3786 non
1528 3729 1725 3790 omittendum.
1737 3734 1802 3806 Qui,

191 3816 277 3890 Apud
292 3818 462 3888 Damiatam,
476 3825 615 3876 terrarum
631 3815 778 3875 inundatio
788 3815 955 3876 sarracenis
1009 3827 1085 3872 anno
1110 3814 1222 3871 Domini
1238 3815 1317 3884 ilai,
1331 3829 1418 3887 quum
1439 3813 1557 3874 feliciter
1578 3832 1595 3874 e
1616 3819 1709 3876 Sicilia
1736 3822 1802 3879 Sar·

156 3905 186 3962 in
201 3906 339 3962 auxilium
352 3905 413 3975 fuit,
427 3905 495 3964 dum
510 3904 624 3964 aliunde
636 3904 849 3966 christifideles
863 3903 955 3962 fames
1008 3915 1128 3959 racenos
1141 3902 1296 3975 expulisset
1310 3899 1439 3972 feliciter,
1455 3903 1515 3975 jam
1531 3918 1610 3962 arma
1623 3915 1804 3967 converterat

157 3991 290 4066 urgebat.
305 3993 355 4050 llis
367 3991 577 4052 conditionibus
589 3993 658 4052 urbs
680 3993 806 4051 redditur
825 4009 834 4052 ε
854 3993 951 4050 Sarra·
1008 3989 1037 4046 in
1050 3987 1189 4047 Thomam
1211 3996 1239 4047 et
1257 3989 1433 4059 liatthoeum,
1448 3991 1607 4050 innocentii
1624 3995 1664 4051 lll
1679 3993 1814 4054 defuncti·

158 4082 223 4138 ceni
247 4088 356 4154 partem
383 4096 460 4138 verm
479 4081 576 4141 Crucis
602 4096 618 4140 a
633 4081 767 4140 saladino
788 4087 902 4154 captam
925 4084 954 4137 et
1008 4076 1124 4148 fratres;
1139 4075 1169 4133 hi
1184 4077 1261 4136 enim
1273 4085 1367 4136 castra
1380 4077 1517 4137 tenebant
1530 4079 1559 4136 in
1576 4080 1687 4153 Apulia.
1704 4085 1737 4141 ln
1750 4099 1801 4158 op·

159 4175 332 4242 asportatam
356 4168 485 4240 tradunt3
509 4169 615 4242 captivi
635 4184 736 4228 omnes
750 4169 879 4227 libertate
899 4166 950 4224 do·
1007 4164 1152 4238 probrium
1172 4165 1283 4223 Sanctae
1300 4165 1381 4224 Sedis
1399 4165 1547 4224 ridebatur
1563 4166 1619 4226 hoc
1637 4168 1742 4228 bellum
1760 4171 1801 4230 fe-

158 4264 280 4328 nantur3
301 4256 430 4315 inducias
441 4265 505 4315 octo
522 4271 662 4315 annorum
678 4257 868 4330 paciscantur.
884 4256 952 4325 Qum
1006 4253 1090 4311 cisse.
1105 4253 1231 4322 Quorum
1243 4269 1332 4312 unum
1343 4255 1372 4312 in
1384 4253 1532 4313 obsidione
1543 4263 1669 4329 captum,
1684 4258 1804 4320 detrusit

158 4344 273 4416 quidem
289 4359 344 4402 non
358 4343 491 4403 indecora
507 4344 667 4404 Christiano
677 4345 786 4403 nomini
797 4343 885 4413 fuere,
900 4341 952 4401 sed
1007 4343 1036 4400 in
1053 4356 1208 4413 carcerem,
1230 4341 1304 4415 apud
1318 4343 1428 4401 Siculos
1453 4343 1623 4418 relegatum,
1639 4353 1668 4404 et
1682 4349 1802 4408 alterum

157 4434 225 4490 uani
240 4435 413 4492 erantnisus
428 4440 457 4491 et
477 4440 597 4491 conatus
611 4433 688 4492 orbis
702 4433 863 4502 Christiani,
876 4445 950 4490 vana
1006 4429 1126 4504 fugavit,
1144 4431 1193 4504 qui
1218 4430 1294 4503 apud
1322 4432 1479 4489 lionorium
1502 4440 1638 4506 exceptus
1659 4444 1712 4494 est.
1742 4439 1803 4496 Nec

158 4521 267 4578 Summi
278 4521 423 4580 Pontifreis
432 4536 509 4594 spes,
520 4535 627 4578 vanarn
641 4528 670 4579 et
681 4520 953 4581 decretumConcilii
1008 4520 1078 4576 satis
1093 4519 1132 4576 illi
1158 4518 1211 4576 fult
1238 4519 1304 4576 talia
1323 4519 1427 4576 moliri.
1451 4521 1526 4579 liam
1553 4535 1641 4594 quum
1665 4525 1802 4599 allegaret

157 4609 302 4681 generalis
313 4609 365 4668 sub
373 4610 540 4668 innocentio
554 4609 636 4667 tertio
646 4608 746 4679 habiti,
755 4608 823 4667 illud
835 4609 952 4682 inquam
1009 4607 1103 4680 plures
1118 4608 1269 4680 episcopos
1284 4605 1424 4670 ambobus
1448 4606 1581 4667 fratribus
1606 4607 1722 4682 fovisse,
1739 4614 1803 4671 illos

157 4697 300 4756 decretum
315 4697 351 4755 de
370 4714 436 4770 quo,
459 4699 488 4755 in
503 4699 593 4771 prima
608 4712 659 4756 sua
678 4696 808 4770 epistola,
831 4703 899 4754 tom.
914 4698 952 4766 li,
1008 4694 1103 4752 esede
1117 4694 1233 4767 depulit,
1247 4700 1276 4751 et
1295 4694 1366 4751 alios
1381 4709 1432 4767 per
1446 4695 1633 4755 intrusionem
1648 4702 1799 4772 promovit.

157 4784 204 4843 lib.
217 4788 243 4854 l,
256 4787 352 4845 statim
368 4801 402 4844 ac
414 4787 590 4845 renuntiatus
605 4785 697 4844 fuerat
711 4786 841 4844 Pontifex
854 4787 949 4843 liono-
1007 4785 1048 4841 De
1063 4781 1165 4856 quibus
1179 4781 1242 4840 baec
1263 4781 1299 4839 ad
1320 4781 1454 4839 eumdem
1471 4785 1614 4843 Honorius
1637 4787 1798 4846 scribebat:

158 4873 226 4944 rius,
242 4874 285 4932 sic
299 4873 334 4930 ad
355 4888 455 4948 regern
471 4875 760 4948 Hierosolymitanum
786 4871 949 4930 scribebat:
1009 4871 1129 4940 «Quium
1155 4885 1270 4942 semper
1292 4868 1328 4928 ad
1349 4885 1501 4944 personam
1525 4880 1605 4930 tuam
1626 4875 1687 4931 veri
1712 4878 1801 4948 patris

160 4963 252 5019 «lion
273 4976 344 5034 ergo
361 4970 476 5035 propter
495 4962 603 5019 obitum
624 4961 844 5034 predecessoris
863 4959 951 5017 nostri
1007 4959 1139 5016 aflectum
1161 4959 1338 5032 gesserimus
1362 4965 1391 5017 et
1414 4974 1560 5032 geramus,
1585 4960 1799 5033 imperatoriam

157 5057 354 5107 consternatur
363 5064 412 5106 cor
421 5057 510 5118 tuum,
522 5063 615 5122 neque
627 5047 856 5120 formidet,quasi
865 5063 949 5122 prop·
1006 5047 1186 5120 majestatem
1210 5061 1362 5104 monemus
1384 5054 1413 5104 et
1440 5060 1587 5119 rogamus,
1614 5055 1721 5108 attenta
1749 5067 1801 5124 per

157 5143 199 5192 ter
210 5137 265 5194 hoc
276 5139 370 5195 Terrae
385 5138 496 5194 Sancta
514 5136 684 5209 impediatur
702 5151 864 5206 succursus,
878 5151 948 5208 quo·
1005 5135 1158 5193 Dominum
1170 5134 1363 5203 obsecrantes,
1379 5141 1519 5206 quatenus
1527 5135 1609 5194 nobis
1621 5144 1650 5194 et
1659 5138 1708 5196 tibi
1716 5155 1797 5213 pros·
1839 5129 1846 5143 ’

157 5225 232 5282 niam
242 5231 271 5283 et
279 5225 302 5282 si
311 5225 385 5282 illius
393 5223 571 5282 sufficientia
579 5231 676 5283 nostra
685 5223 815 5282 videatur
823 5221 948 5294 inferior,
1004 5223 1122 5296 piciens,
1139 5224 1212 5282 inter
1224 5231 1251 5281 te
1266 5231 1295 5281 et
1309 5222 1468 5281 Ecclesiam
1488 5225 1567 5282 nasci
1591 5232 1699 5284 mnium
1712 5243 1796 5287 sean-

157 5312 192 5370 ad
207 5313 403 5370 liberationem
415 5313 622 5386 tamenipsius,
637 5312 777 5370 votlsnon
792 5311 950 5370 minoribus
1004 5311 1099 5369 delum
1123 5326 1181 5369 non
1200 5311 1349 5384 permittas
1364 5333 1388 5369 ».
1414 5312 1483 5368 ilaec
1507 5319 1573 5371 sunt
1592 5313 1798 5374 discordiarum

157 5402 330 5472 aspiramus;
351 5400 453 5474 quibus
473 5402 533 5474 ipse
548 5401 687 5459 Dominus
699 5401 908 5473 quisperantes
920 5400 949 5456 in
1004 5400 1094 5468 initia,
1108 5414 1172 5472 qum
1185 5407 1281 5456 tarnen
1308 5413 1366 5455 non
1381 5399 1437 5456 nisi
1452 5399 1504 5457 sub
1520 5402 1657 5474 Gregorio
1670 5405 1710 5461 lx
1732 5420 1795 5463 cru-

157 5502 187 5544 se
200 5487 623 5558 nullatanusdeserit,ellectum
632 5488 770 5546 tribuatet
779 5485 948 5560 profectum,
1004 5495 1114 5560 parant,
1126 5493 1277 5543 cumtanta
1286 5486 1419 5544 violentia
1432 5494 1461 5545 et
1470 5488 1611 5546 interdum
1621 5489 1796 5552 crudelitate.

156 5583 186 5632 ut
204 5576 276 5649 quod
293 5575 464 5650 possibilitas
479 5583 574 5635 nostra
587 5590 644 5634 non
656 5575 774 5646 obtinet,
790 5575 852 5648 eius
867 5575 949 5634 uobis
1003 5577 1045 5633 Ex
1060 5573 1115 5633 hoc
1138 5581 1276 5646 tempore,
1306 5575 1392 5648 coepit
1420 5576 1548 5650 cogitare
1576 5576 1741 5636 fredericus
1762 5579 1797 5638 de
