<?xml version="1.0" encoding="UTF-8"?>
<!DOCTYPE html PUBLIC "-//W3C//DTD XHTML 1.0 Transitional//EN"
    "http://www.w3.org/TR/xhtml1/DTD/xhtml1-transitional.dtd">
<html xmlns="http://www.w3.org/1999/xhtml" xml:lang="en" lang="en">
 <head>
  <title>
</title>
<meta http-equiv="Content-Type" content="text/html;charset=utf-8" />
  <meta name='ocr-system' content='tesseract 3.04.00' />
  <meta name='ocr-capabilities' content='ocr_page ocr_carea ocr_par ocr_line ocrx_word'/>
</head>
<body>
  <div class='ocr_page' id='page_1' title='image "./mediiaevibiblio00unkngoog_0526.png"; bbox 0 0 4226 6372; ppageno 0'>
   <div class='ocr_carea' id='block_1_1' title="bbox 358 186 2026 260">
    <p class='ocr_par' dir='ltr' id='par_1_1' title="bbox 358 186 2026 260">
     <span class='ocr_line' id='line_1_1' title="bbox 358 186 2026 260; baseline -0.013 0"><span class='ocrx_word' id='word_1_1' title='bbox 358 198 418 260; x_wconf 80' lang='lat' dir='ltr'>ear</span> <span class='ocrx_word' id='word_1_2' title='bbox 976 187 1152 250; x_wconf 82' lang='lat' dir='ltr'>aenean</span> <span class='ocrx_word' id='word_1_3' title='bbox 1175 186 1220 248; x_wconf 87' lang='lat'>111</span> <span class='ocrx_word' id='word_1_4' title='bbox 1241 189 1388 258; x_wconf 81' lang='lat' dir='ltr'>oram.</span> <span class='ocrx_word' id='word_1_5' title='bbox 1969 195 2026 253; x_wconf 64' lang='lat'>923</span> 
     </span>
    </p>
   </div>
   <div class='ocr_carea' id='block_1_2' title="bbox 355 343 2025 1596">
    <p class='ocr_par' dir='ltr' id='par_1_2' title="bbox 355 343 2025 1596">
     <span class='ocr_line' id='line_1_2' title="bbox 357 343 2025 430; baseline -0.003 -12"><span class='ocrx_word' id='word_1_6' title='bbox 357 353 475 418; x_wconf 89' lang='lat' dir='ltr'>lationi</span> <span class='ocrx_word' id='word_1_7' title='bbox 505 354 598 430; x_wconf 88' lang='lat' dir='ltr'>cujus</span> <span class='ocrx_word' id='word_1_8' title='bbox 630 349 754 414; x_wconf 89' lang='lat' dir='ltr'>dicitur</span> <span class='ocrx_word' id='word_1_9' title='bbox 787 347 957 410; x_wconf 87' lang='lat' dir='ltr'>detulisse.</span> <span class='ocrx_word' id='word_1_10' title='bbox 994 347 1153 410; x_wconf 90' lang='lat' dir='ltr'>Nolentes</span> <span class='ocrx_word' id='word_1_11' title='bbox 1198 353 1292 420; x_wconf 81' lang='lat' dir='ltr'>sum,</span> <span class='ocrx_word' id='word_1_12' title='bbox 1306 350 1360 411; x_wconf 82' lang='lat' dir='ltr'>nel</span> <span class='ocrx_word' id='word_1_13' title='bbox 1374 349 1491 410; x_wconf 90' lang='lat' dir='ltr'>saltem</span> <span class='ocrx_word' id='word_1_14' title='bbox 1505 366 1606 411; x_wconf 91' lang='lat' dir='ltr'>unum</span> <span class='ocrx_word' id='word_1_15' title='bbox 1622 343 1663 412; x_wconf 88' lang='lat' dir='ltr'>de</span> <span class='ocrx_word' id='word_1_16' title='bbox 1678 352 1844 412; x_wconf 84' lang='lat' dir='ltr'>tratribus</span> <span class='ocrx_word' id='word_1_17' title='bbox 1861 352 1945 412; x_wconf 87' lang='lat' dir='ltr'>suis</span> <span class='ocrx_word' id='word_1_18' title='bbox 1963 355 2025 413; x_wconf 89' lang='lat' dir='ltr'>sta·</span> 
     </span>
     <span class='ocr_line' id='line_1_3' title="bbox 357 445 2025 529; baseline -0.002 -14"><span class='ocrx_word' id='word_1_19' title='bbox 357 454 471 529; x_wconf 82' lang='lat' dir='ltr'>igitur,</span> <span class='ocrx_word' id='word_1_20' title='bbox 489 453 525 512; x_wconf 89' lang='lat' dir='ltr'>ut</span> <span class='ocrx_word' id='word_1_21' title='bbox 544 449 741 527; x_wconf 86' lang='lat' dir='ltr'>saepedictus</span> <span class='ocrx_word' id='word_1_22' title='bbox 756 447 899 508; x_wconf 90' lang='lat' dir='ltr'>clericus</span> <span class='ocrx_word' id='word_1_23' title='bbox 915 446 964 507; x_wconf 89' lang='lat' dir='ltr'>sic</span> <span class='ocrx_word' id='word_1_24' title='bbox 977 446 1154 506; x_wconf 82' lang='lat' dir='ltr'>frustratus</span> <span class='ocrx_word' id='word_1_25' title='bbox 1208 445 1256 506; x_wconf 91' lang='lat' dir='ltr'>tui</span> <span class='ocrx_word' id='word_1_26' title='bbox 1294 449 1441 524; x_wconf 90' lang='lat' dir='ltr'>ejusdem</span> <span class='ocrx_word' id='word_1_27' title='bbox 1470 448 1644 524; x_wconf 88' lang='lat' dir='ltr'>hospitalis</span> <span class='ocrx_word' id='word_1_28' title='bbox 1671 451 1855 526; x_wconf 84' lang='lat' dir='ltr'><strong>syndicum</strong></span> <span class='ocrx_word' id='word_1_29' title='bbox 1885 451 2025 512; x_wconf 90' lang='lat' dir='ltr'>nomine</span> 
     </span>
     <span class='ocr_line' id='line_1_4' title="bbox 357 541 2023 624; baseline -0.004 -12"><span class='ocrx_word' id='word_1_30' title='bbox 357 567 379 612; x_wconf 90' lang='lat' dir='ltr'>a</span> <span class='ocrx_word' id='word_1_31' title='bbox 398 550 493 612; x_wconf 83' lang='lat' dir='ltr'>vobis</span> <span class='ocrx_word' id='word_1_32' title='bbox 510 549 697 610; x_wconf 90' lang='lat' dir='ltr'>litterarum</span> <span class='ocrx_word' id='word_1_33' title='bbox 710 546 899 606; x_wconf 90' lang='lat' dir='ltr'>nostrarum</span> <span class='ocrx_word' id='word_1_34' title='bbox 916 544 1085 604; x_wconf 89' lang='lat' dir='ltr'>commodo</span> <span class='ocrx_word' id='word_1_35' title='bbox 1102 541 1155 602; x_wconf 90' lang='lat' dir='ltr'>ul·</span> <span class='ocrx_word' id='word_1_36' title='bbox 1210 545 1367 604; x_wconf 86' lang='lat' dir='ltr'>Romanae</span> <span class='ocrx_word' id='word_1_37' title='bbox 1389 543 1556 616; x_wconf 77' lang='lat' dir='ltr'>Ecclesiae,</span> <span class='ocrx_word' id='word_1_38' title='bbox 1579 546 1732 624; x_wconf 87' lang='lat' dir='ltr'>adquam</span> <span class='ocrx_word' id='word_1_39' title='bbox 1747 548 1903 624; x_wconf 87' lang='lat' dir='ltr'>spectat,</span> <span class='ocrx_word' id='word_1_40' title='bbox 1922 549 1958 608; x_wconf 90' lang='lat' dir='ltr'>et</span> <span class='ocrx_word' id='word_1_41' title='bbox 1973 549 2023 607; x_wconf 89' lang='lat' dir='ltr'>cui</span> 
     </span>
     <span class='ocr_line' id='line_1_5' title="bbox 357 639 2023 722; baseline -0.004 -12"><span class='ocrx_word' id='word_1_42' title='bbox 357 648 461 710; x_wconf 87' lang='lat' dir='ltr'>terius</span> <span class='ocrx_word' id='word_1_43' title='bbox 499 645 730 722; x_wconf 89' lang='lat' dir='ltr'>suspendatur,</span> <span class='ocrx_word' id='word_1_44' title='bbox 757 643 851 704; x_wconf 87' lang='lat' dir='ltr'>vobis</span> <span class='ocrx_word' id='word_1_45' title='bbox 879 642 1018 702; x_wconf 86' lang='lat' dir='ltr'>tirmiter</span> <span class='ocrx_word' id='word_1_46' title='bbox 1041 639 1155 717; x_wconf 84' lang='lat' dir='ltr'>praeci.</span> <span class='ocrx_word' id='word_1_47' title='bbox 1209 641 1310 700; x_wconf 90' lang='lat' dir='ltr'>estin</span> <span class='ocrx_word' id='word_1_48' title='bbox 1325 657 1391 701; x_wconf 89' lang='lat' dir='ltr'>una</span> <span class='ocrx_word' id='word_1_49' title='bbox 1412 658 1524 702; x_wconf 87' lang='lat' dir='ltr'>marca</span> <span class='ocrx_word' id='word_1_50' title='bbox 1546 645 1620 703; x_wconf 91' lang='lat' dir='ltr'>auri</span> <span class='ocrx_word' id='word_1_51' title='bbox 1638 646 1735 704; x_wconf 90' lang='lat' dir='ltr'>aunis</span> <span class='ocrx_word' id='word_1_52' title='bbox 1757 644 1918 720; x_wconf 84' lang='lat' dir='ltr'>singulis</span> <span class='ocrx_word' id='word_1_53' title='bbox 1948 660 2023 704; x_wconf 91' lang='lat' dir='ltr'>cen·</span> 
     </span>
     <span class='ocr_line' id='line_1_6' title="bbox 359 737 2022 823; baseline -0.002 -17"><span class='ocrx_word' id='word_1_54' title='bbox 359 745 479 823; x_wconf 89' lang='lat' dir='ltr'>piendo</span> <span class='ocrx_word' id='word_1_55' title='bbox 495 743 702 812; x_wconf 81' lang='lat' dir='ltr'><strong>mandamus,</strong></span> <span class='ocrx_word' id='word_1_56' title='bbox 723 741 884 816; x_wconf 89' lang='lat' dir='ltr'>quatenus</span> <span class='ocrx_word' id='word_1_57' title='bbox 903 739 1078 799; x_wconf 86' lang='lat' dir='ltr'>occasione</span> <span class='ocrx_word' id='word_1_58' title='bbox 1091 737 1156 797; x_wconf 92' lang='lat' dir='ltr'>bu·</span> <span class='ocrx_word' id='word_1_59' title='bbox 1210 737 1313 798; x_wconf 88' lang='lat' dir='ltr'>suala.</span> <span class='ocrx_word' id='word_1_60' title='bbox 1338 740 1499 800; x_wconf 84' lang='lat' dir='ltr'>Praelatus</span> <span class='ocrx_word' id='word_1_61' title='bbox 1515 756 1594 802; x_wconf 89' lang='lat' dir='ltr'>vero</span> <span class='ocrx_word' id='word_1_62' title='bbox 1616 742 1791 818; x_wconf 89' lang='lat' dir='ltr'>episcopus</span> <span class='ocrx_word' id='word_1_63' title='bbox 1806 742 2022 816; x_wconf 85' lang='lat' dir='ltr'>excipiendo</span> 
     </span>
     <span class='ocr_line' id='line_1_7' title="bbox 355 835 2022 921; baseline -0.004 -16"><span class='ocrx_word' id='word_1_64' title='bbox 355 841 525 921; x_wconf 87' lang='lat' dir='ltr'><strong>jusmodi,</strong></span> <span class='ocrx_word' id='word_1_65' title='bbox 551 855 650 916; x_wconf 87' lang='lat' dir='ltr'>quam</span> <span class='ocrx_word' id='word_1_66' title='bbox 676 839 868 914; x_wconf 88' lang='lat' dir='ltr'>reputamus</span> <span class='ocrx_word' id='word_1_67' title='bbox 895 836 1060 906; x_wconf 83' lang='lat' dir='ltr'>frivolam,</span> <span class='ocrx_word' id='word_1_68' title='bbox 1089 850 1155 894; x_wconf 91' lang='lat' dir='ltr'>non</span> <span class='ocrx_word' id='word_1_69' title='bbox 1209 835 1399 910; x_wconf 76' lang='lat' dir='ltr'>respondit,</span> <span class='ocrx_word' id='word_1_70' title='bbox 1437 837 1522 914; x_wconf 89' lang='lat' dir='ltr'>quod</span> <span class='ocrx_word' id='word_1_71' title='bbox 1563 854 1664 914; x_wconf 89' lang='lat' dir='ltr'>super</span> <span class='ocrx_word' id='word_1_72' title='bbox 1711 838 1764 898; x_wconf 90' lang='lat' dir='ltr'>bis</span> <span class='ocrx_word' id='word_1_73' title='bbox 1803 838 2022 914; x_wconf 89' lang='lat' dir='ltr'>respondere</span> 
     </span>
     <span class='ocr_line' id='line_1_8' title="bbox 359 933 2021 1013; baseline -0.004 -11"><span class='ocrx_word' id='word_1_74' title='bbox 359 940 522 1008; x_wconf 89' lang='lat' dir='ltr'>obstante,</span> <span class='ocrx_word' id='word_1_75' title='bbox 553 936 743 998; x_wconf 89' lang='lat' dir='ltr'>mandatnm</span> <span class='ocrx_word' id='word_1_76' title='bbox 766 937 917 995; x_wconf 91' lang='lat' dir='ltr'>nostrum</span> <span class='ocrx_word' id='word_1_77' title='bbox 947 933 1069 993; x_wconf 86' lang='lat' dir='ltr'>advos</span> <span class='ocrx_word' id='word_1_78' title='bbox 1096 947 1154 1008; x_wconf 89' lang='lat' dir='ltr'>pro</span> <span class='ocrx_word' id='word_1_79' title='bbox 1210 948 1276 992; x_wconf 92' lang='lat' dir='ltr'>non</span> <span class='ocrx_word' id='word_1_80' title='bbox 1304 933 1478 995; x_wconf 89' lang='lat' dir='ltr'>tenebatur</span> <span class='ocrx_word' id='word_1_81' title='bbox 1492 937 1703 1010; x_wconf 81' lang='lat' dir='ltr'>procuratori</span> <span class='ocrx_word' id='word_1_82' title='bbox 1723 937 1908 1013; x_wconf 88' lang='lat' dir='ltr'>praedicto,</span> <span class='ocrx_word' id='word_1_83' title='bbox 1937 937 2021 1012; x_wconf 88' lang='lat' dir='ltr'>quod</span> 
     </span>
     <span class='ocr_line' id='line_1_9' title="bbox 358 1029 2022 1115; baseline -0.004 -16"><span class='ocrx_word' id='word_1_84' title='bbox 358 1040 431 1115; x_wconf 89' lang='lat' dir='ltr'>ipso</span> <span class='ocrx_word' id='word_1_85' title='bbox 448 1036 609 1097; x_wconf 90' lang='lat' dir='ltr'>directum</span> <span class='ocrx_word' id='word_1_86' title='bbox 620 1034 732 1095; x_wconf 88' lang='lat' dir='ltr'>taliter</span> <span class='ocrx_word' id='word_1_87' title='bbox 751 1031 823 1092; x_wconf 90' lang='lat' dir='ltr'>sine</span> <span class='ocrx_word' id='word_1_88' title='bbox 837 1031 1032 1093; x_wconf 86' lang='lat' dir='ltr'>dillicultate</span> <span class='ocrx_word' id='word_1_89' title='bbox 1047 1029 1156 1107; x_wconf 89' lang='lat' dir='ltr'>quali·</span> <span class='ocrx_word' id='word_1_90' title='bbox 1211 1045 1285 1089; x_wconf 90' lang='lat' dir='ltr'>cum</span> <span class='ocrx_word' id='word_1_91' title='bbox 1310 1047 1405 1106; x_wconf 81' lang='lat' dir='ltr'>per...</span> <span class='ocrx_word' id='word_1_92' title='bbox 1434 1032 1474 1092; x_wconf 92' lang='lat' dir='ltr'>de</span> <span class='ocrx_word' id='word_1_93' title='bbox 1498 1033 1624 1094; x_wconf 91' lang='lat' dir='ltr'>Ticbon</span> <span class='ocrx_word' id='word_1_94' title='bbox 1648 1035 1717 1094; x_wconf 91' lang='lat' dir='ltr'>et...</span> <span class='ocrx_word' id='word_1_95' title='bbox 1740 1034 1781 1093; x_wconf 91' lang='lat' dir='ltr'>de</span> <span class='ocrx_word' id='word_1_96' title='bbox 1795 1033 1948 1094; x_wconf 86' lang='lat' dir='ltr'>Bochan</span> <span class='ocrx_word' id='word_1_97' title='bbox 1966 1033 2022 1093; x_wconf 91' lang='lat' dir='ltr'>ab·</span> 
     </span>
     <span class='ocr_line' id='line_1_10' title="bbox 359 1125 2021 1210; baseline -0.004 -14"><span class='ocrx_word' id='word_1_98' title='bbox 359 1135 415 1198; x_wconf 90' lang='lat' dir='ltr'>bet</span> <span class='ocrx_word' id='word_1_99' title='bbox 429 1132 661 1210; x_wconf 78' lang='lat' dir='ltr'>exsequimini,</span> <span class='ocrx_word' id='word_1_100' title='bbox 681 1131 767 1207; x_wconf 89' lang='lat' dir='ltr'>quod</span> <span class='ocrx_word' id='word_1_101' title='bbox 791 1132 823 1191; x_wconf 91' lang='lat' dir='ltr'>et</span> <span class='ocrx_word' id='word_1_102' title='bbox 844 1129 915 1205; x_wconf 91' lang='lat' dir='ltr'>ipse</span> <span class='ocrx_word' id='word_1_103' title='bbox 940 1128 1074 1204; x_wconf 91' lang='lat' dir='ltr'>propter</span> <span class='ocrx_word' id='word_1_104' title='bbox 1093 1127 1156 1187; x_wconf 89' lang='lat' dir='ltr'>hoc</span> <span class='ocrx_word' id='word_1_105' title='bbox 1210 1125 1314 1199; x_wconf 90' lang='lat' dir='ltr'>bates,</span> <span class='ocrx_word' id='word_1_106' title='bbox 1337 1133 1418 1204; x_wconf 83' lang='lat' dir='ltr'>quos</span> <span class='ocrx_word' id='word_1_107' title='bbox 1438 1129 1510 1206; x_wconf 89' lang='lat' dir='ltr'>ipse</span> <span class='ocrx_word' id='word_1_108' title='bbox 1532 1131 1758 1206; x_wconf 86' lang='lat' dir='ltr'>praedecessor</span> <span class='ocrx_word' id='word_1_109' title='bbox 1773 1133 1901 1192; x_wconf 88' lang='lat' dir='ltr'>noster</span> <span class='ocrx_word' id='word_1_110' title='bbox 1918 1131 2021 1206; x_wconf 89' lang='lat' dir='ltr'>depu-</span> 
     </span>
     <span class='ocr_line' id='line_1_11' title="bbox 360 1225 2020 1304; baseline -0.003 -11"><span class='ocrx_word' id='word_1_111' title='bbox 360 1233 402 1294; x_wconf 92' lang='lat' dir='ltr'>ad</span> <span class='ocrx_word' id='word_1_112' title='bbox 419 1248 478 1293; x_wconf 88' lang='lat' dir='ltr'>nos</span> <span class='ocrx_word' id='word_1_113' title='bbox 503 1230 644 1290; x_wconf 89' lang='lat' dir='ltr'>ulterius</span> <span class='ocrx_word' id='word_1_114' title='bbox 660 1244 726 1288; x_wconf 90' lang='lat' dir='ltr'>non</span> <span class='ocrx_word' id='word_1_115' title='bbox 747 1229 910 1297; x_wconf 87' lang='lat' dir='ltr'>recurrat,</span> <span class='ocrx_word' id='word_1_116' title='bbox 931 1241 992 1286; x_wconf 91' lang='lat' dir='ltr'>nec</span> <span class='ocrx_word' id='word_1_117' title='bbox 1006 1240 1065 1285; x_wconf 81' lang='lat' dir='ltr'>ros</span> <span class='ocrx_word' id='word_1_118' title='bbox 1079 1239 1157 1300; x_wconf 91' lang='lat' dir='ltr'>pos·</span> <span class='ocrx_word' id='word_1_119' title='bbox 1212 1225 1496 1286; x_wconf 83' lang='lat' dir='ltr'>tavitexecutores</span> <span class='ocrx_word' id='word_1_120' title='bbox 1507 1227 1679 1289; x_wconf 88' lang='lat' dir='ltr'>sententiae</span> <span class='ocrx_word' id='word_1_121' title='bbox 1697 1228 1926 1304; x_wconf 88' lang='lat' dir='ltr'>supradictae,</span> <span class='ocrx_word' id='word_1_122' title='bbox 1940 1228 2020 1288; x_wconf 86' lang='lat' dir='ltr'>iuis-</span> 
     </span>
     <span class='ocr_line' id='line_1_12' title="bbox 362 1320 2019 1401; baseline -0.004 -9"><span class='ocrx_word' id='word_1_123' title='bbox 362 1331 436 1392; x_wconf 91' lang='lat' dir='ltr'>sitis</span> <span class='ocrx_word' id='word_1_124' title='bbox 451 1330 492 1389; x_wconf 89' lang='lat' dir='ltr'>da</span> <span class='ocrx_word' id='word_1_125' title='bbox 502 1325 726 1388; x_wconf 89' lang='lat' dir='ltr'>inobedientia</span> <span class='ocrx_word' id='word_1_126' title='bbox 740 1323 950 1400; x_wconf 85' lang='lat' dir='ltr'>reprehendi,</span> <span class='ocrx_word' id='word_1_127' title='bbox 963 1338 1036 1400; x_wconf 88' lang='lat' dir='ltr'>quae</span> <span class='ocrx_word' id='word_1_128' title='bbox 1049 1320 1158 1382; x_wconf 92' lang='lat' dir='ltr'>idolo-</span> <span class='ocrx_word' id='word_1_129' title='bbox 1211 1324 1261 1383; x_wconf 91' lang='lat' dir='ltr'>set</span> <span class='ocrx_word' id='word_1_130' title='bbox 1284 1323 1319 1382; x_wconf 93' lang='lat' dir='ltr'>in</span> <span class='ocrx_word' id='word_1_131' title='bbox 1344 1324 1577 1399; x_wconf 86' lang='lat' dir='ltr'>praedictarum</span> <span class='ocrx_word' id='word_1_132' title='bbox 1593 1325 1796 1385; x_wconf 90' lang='lat' dir='ltr'>decimarum</span> <span class='ocrx_word' id='word_1_133' title='bbox 1820 1327 2019 1401; x_wconf 88' lang='lat' dir='ltr'>possessio-</span> 
     </span>
     <span class='ocr_line' id='line_1_13' title="bbox 360 1419 2016 1506; baseline -0.002 -20"><span class='ocrx_word' id='word_1_134' title='bbox 360 1427 467 1489; x_wconf 87' lang='lat' dir='ltr'>latriae</span> <span class='ocrx_word' id='word_1_135' title='bbox 481 1425 701 1506; x_wconf 86' lang='lat' dir='ltr'>comparatur.</span> <span class='ocrx_word' id='word_1_136' title='bbox 719 1422 810 1492; x_wconf 88' lang='lat' dir='ltr'>Quod</span> <span class='ocrx_word' id='word_1_137' title='bbox 824 1422 929 1482; x_wconf 89' lang='lat' dir='ltr'>sinon</span> <span class='ocrx_word' id='word_1_138' title='bbox 950 1435 1075 1491; x_wconf 89' lang='lat' dir='ltr'>omnes,</span> <span class='ocrx_word' id='word_1_139' title='bbox 1093 1419 1154 1479; x_wconf 90' lang='lat' dir='ltr'>etc.</span> <span class='ocrx_word' id='word_1_140' title='bbox 1212 1433 1286 1480; x_wconf 92' lang='lat' dir='ltr'>nem</span> <span class='ocrx_word' id='word_1_141' title='bbox 1309 1421 1472 1492; x_wconf 88' lang='lat' dir='ltr'>inductus,</span> <span class='ocrx_word' id='word_1_142' title='bbox 1500 1421 1618 1482; x_wconf 87' lang='lat' dir='ltr'>iratres</span> <span class='ocrx_word' id='word_1_143' title='bbox 1638 1421 1717 1483; x_wconf 84' lang='lat' dir='ltr'>dtctt</span> <span class='ocrx_word' id='word_1_144' title='bbox 1737 1422 1927 1498; x_wconf 88' lang='lat' dir='ltr'>hospitalis</span> <span class='ocrx_word' id='word_1_145' title='bbox 1944 1423 2016 1483; x_wconf 89' lang='lat' dir='ltr'>licet</span> 
     </span>
     <span class='ocr_line' id='line_1_14' title="bbox 360 1509 2017 1596; baseline -0.004 -11"><span class='ocrx_word' id='word_1_146' title='bbox 360 1526 481 1586; x_wconf 91' lang='lat' dir='ltr'>Datum</span> <span class='ocrx_word' id='word_1_147' title='bbox 506 1523 619 1593; x_wconf 87' lang='lat' dir='ltr'>Reate,</span> <span class='ocrx_word' id='word_1_148' title='bbox 644 1519 753 1581; x_wconf 90' lang='lat' dir='ltr'>idibus</span> <span class='ocrx_word' id='word_1_149' title='bbox 771 1519 978 1595; x_wconf 88' lang='lat' dir='ltr'>septembris,</span> <span class='ocrx_word' id='word_1_150' title='bbox 1002 1533 1089 1578; x_wconf 90' lang='lat' dir='ltr'>anno</span> <span class='ocrx_word' id='word_1_151' title='bbox 1104 1516 1157 1576; x_wconf 93' lang='lat' dir='ltr'>de·</span> <span class='ocrx_word' id='word_1_152' title='bbox 1212 1517 1252 1576; x_wconf 90' lang='lat' dir='ltr'>ad</span> <span class='ocrx_word' id='word_1_153' title='bbox 1273 1523 1402 1593; x_wconf 88' lang='lat' dir='ltr'>tempus</span> <span class='ocrx_word' id='word_1_154' title='bbox 1422 1519 1485 1594; x_wconf 91' lang='lat' dir='ltr'>ipsi</span> <span class='ocrx_word' id='word_1_155' title='bbox 1502 1519 1675 1579; x_wconf 71' lang='lat' dir='ltr'>sententiaa</span> <span class='ocrx_word' id='word_1_156' title='bbox 1691 1509 1905 1596; x_wconf 75' lang='lat' dir='ltr'>paruissent,</span> <span class='ocrx_word' id='word_1_157' title='bbox 1930 1523 2017 1595; x_wconf 89' lang='lat' dir='ltr'>post-</span> 
     </span>
    </p>
   </div>
   <div class='ocr_carea' id='block_1_3' title="bbox 361 1622 843 1812">
    <p class='ocr_par' dir='ltr' id='par_1_3' title="bbox 361 1622 843 1812">
     <span class='ocr_line' id='line_1_15' title="bbox 361 1622 457 1682; baseline -0.01 0"><span class='ocrx_word' id='word_1_158' title='bbox 361 1622 457 1682; x_wconf 77' lang='lat' dir='ltr'>camo.</span> 
     </span>
     <span class='ocr_line' id='line_1_16' title="bbox 676 1726 843 1812; baseline -0.012 0"><span class='ocrx_word' id='word_1_159' title='bbox 676 1726 843 1812; x_wconf 85' lang='lat' dir='ltr'>XXXIII</span> 
     </span>
    </p>
   </div>
   <div class='ocr_carea' id='block_1_4' title="bbox 312 1855 1158 2214">
    <p class='ocr_par' dir='ltr' id='par_1_4' title="bbox 360 1855 1158 2129">
     <span class='ocr_line' id='line_1_17' title="bbox 360 1855 1158 1930; baseline -0.011 -8"><span class='ocrx_word' id='word_1_160' title='bbox 360 1861 412 1922; x_wconf 85' lang='lat' dir='ltr'>Ad</span> <span class='ocrx_word' id='word_1_161' title='bbox 424 1861 578 1923; x_wconf 83' lang='lat' dir='ltr'>abbatem</span> <span class='ocrx_word' id='word_1_162' title='bbox 589 1861 709 1922; x_wconf 81' lang='lat' dir='ltr'>Sancti</span> <span class='ocrx_word' id='word_1_163' title='bbox 726 1861 913 1920; x_wconf 80' lang='lat' dir='ltr'>Godordi...</span> <span class='ocrx_word' id='word_1_164' title='bbox 927 1855 1158 1930; x_wconf 74' lang='lat' dir='ltr'>praepositum</span> 
     </span>
     <span class='ocr_line' id='line_1_18' title="bbox 400 1954 1158 2029; baseline -0.013 -9"><span class='ocrx_word' id='word_1_165' title='bbox 400 1962 590 2029; x_wconf 68' lang='lat' dir='ltr'>Alliensem,</span> <span class='ocrx_word' id='word_1_166' title='bbox 604 1960 805 2018; x_wconf 71' lang='lat' dir='ltr'>Gerlrtcnsts</span> <span class='ocrx_word' id='word_1_167' title='bbox 829 1955 862 2016; x_wconf 85' lang='lat' dir='ltr'>ct</span> <span class='ocrx_word' id='word_1_168' title='bbox 892 1954 1158 2027; x_wconf 80' lang='lat' dir='ltr'>Vesprtmtcnsts</span> 
     </span>
     <span class='ocr_line' id='line_1_19' title="bbox 400 2051 1158 2129; baseline -0.009 -15"><span class='ocrx_word' id='word_1_169' title='bbox 400 2057 582 2116; x_wconf 83' lang='lat' dir='ltr'>dtoeccsnm</span> <span class='ocrx_word' id='word_1_170' title='bbox 598 2054 631 2115; x_wconf 87' lang='lat' dir='ltr'>ct</span> <span class='ocrx_word' id='word_1_171' title='bbox 645 2055 855 2129; x_wconf 80' lang='lat' dir='ltr'>mootstrom</span> <span class='ocrx_word' id='word_1_172' title='bbox 866 2055 971 2122; x_wconf 82' lang='lat' dir='ltr'>Enoc,</span> <span class='ocrx_word' id='word_1_173' title='bbox 982 2051 1158 2110; x_wconf 79' lang='lat' dir='ltr'>orchidia-</span> 
     </span>
    </p>

    <p class='ocr_par' dir='ltr' id='par_1_5' title="bbox 312 2141 766 2214">
     <span class='ocr_line' id='line_1_20' title="bbox 312 2141 766 2214; baseline -0.009 -1"><span class='ocrx_word' id='word_1_174' title='bbox 312 2141 315 2146; x_wconf 78' lang='grc'><strong>’</strong></span> <span class='ocrx_word' id='word_1_175' title='bbox 400 2167 525 2212; x_wconf 72' lang='lat' dir='ltr'>cottum</span> <span class='ocrx_word' id='word_1_176' title='bbox 538 2151 766 2214; x_wconf 81' lang='lat' dir='ltr'>Nitrtenscm.</span> 
     </span>
    </p>
   </div>
   <div class='ocr_carea' id='block_1_5' title="bbox 495 2269 1011 2451">
    <p class='ocr_par' dir='ltr' id='par_1_6' title="bbox 495 2269 1011 2451">
     <span class='ocr_line' id='line_1_21' title="bbox 611 2269 904 2344; baseline -0.007 -16"><span class='ocrx_word' id='word_1_177' title='bbox 611 2273 644 2328; x_wconf 86' lang='lat' dir='ltr'>lb</span> <span class='ocrx_word' id='word_1_178' title='bbox 665 2271 805 2344; x_wconf 82' lang='lat' dir='ltr'>septemb.</span> <span class='ocrx_word' id='word_1_179' title='bbox 825 2269 904 2328; x_wconf 73' lang='lat' dir='ltr'>litt.</span> 
     </span>
     <span class='ocr_line' id='line_1_22' title="bbox 495 2383 1011 2451; baseline -0.014 -13"><span class='ocrx_word' id='word_1_180' title='bbox 495 2385 623 2451; x_wconf 75' lang='lat' dir='ltr'>[Theincn</span> <span class='ocrx_word' id='word_1_181' title='bbox 640 2385 706 2435; x_wconf 84' lang='lat' dir='ltr'>bion.</span> <span class='ocrx_word' id='word_1_182' title='bbox 720 2383 812 2448; x_wconf 67' lang='lat' dir='ltr'>flung„</span> <span class='ocrx_word' id='word_1_183' title='bbox 824 2385 843 2442; x_wconf 89' lang='lat' dir='ltr'>l,</span> <span class='ocrx_word' id='word_1_184' title='bbox 855 2383 894 2442; x_wconf 82' lang='lat' dir='ltr'>bl,</span> <span class='ocrx_word' id='word_1_185' title='bbox 906 2398 932 2432; x_wconf 85' lang='lat' dir='ltr'>n.</span> <span class='ocrx_word' id='word_1_186' title='bbox 945 2383 1011 2448; x_wconf 72' lang='lat' dir='ltr'>lab]</span> 
     </span>
    </p>
   </div>
   <div class='ocr_carea' id='block_1_6' title="bbox 361 2487 1160 2957">
    <p class='ocr_par' dir='ltr' id='par_1_7' title="bbox 361 2487 1158 2759">
     <span class='ocr_line' id='line_1_23' title="bbox 361 2487 1157 2561; baseline -0.01 -7"><span class='ocrx_word' id='word_1_187' title='bbox 361 2494 508 2554; x_wconf 80' lang='lat' dir='ltr'>iudicibus</span> <span class='ocrx_word' id='word_1_188' title='bbox 528 2491 690 2560; x_wconf 86' lang='lat' dir='ltr'>mandatur,</span> <span class='ocrx_word' id='word_1_189' title='bbox 715 2498 746 2548; x_wconf 88' lang='lat' dir='ltr'>ut</span> <span class='ocrx_word' id='word_1_190' title='bbox 768 2489 804 2547; x_wconf 93' lang='lat' dir='ltr'>de</span> <span class='ocrx_word' id='word_1_191' title='bbox 832 2491 881 2547; x_wconf 89' lang='lat' dir='ltr'>lite</span> <span class='ocrx_word' id='word_1_192' title='bbox 896 2491 968 2546; x_wconf 90' lang='lat' dir='ltr'>inter</span> <span class='ocrx_word' id='word_1_193' title='bbox 993 2487 1157 2561; x_wconf 88' lang='lat' dir='ltr'>episcopum</span> 
     </span>
     <span class='ocr_line' id='line_1_24' title="bbox 396 2568 1121 2645; baseline -0.014 -11"><span class='ocrx_word' id='word_1_194' title='bbox 396 2573 638 2645; x_wconf 77' lang='lat' dir='ltr'>vesprimiensem</span> <span class='ocrx_word' id='word_1_195' title='bbox 652 2578 681 2628; x_wconf 84' lang='lat' dir='ltr'>ct</span> <span class='ocrx_word' id='word_1_196' title='bbox 694 2568 793 2626; x_wconf 85' lang='lat' dir='ltr'>iratres</span> <span class='ocrx_word' id='word_1_197' title='bbox 804 2569 958 2642; x_wconf 82' lang='lat' dir='ltr'>Hospitalis</span> <span class='ocrx_word' id='word_1_198' title='bbox 968 2570 1121 2640; x_wconf 82' lang='lat' dir='ltr'>inquirant.</span> 
     </span>
     <span class='ocr_line' id='line_1_25' title="bbox 401 2683 1158 2759; baseline -0.009 -8"><span class='ocrx_word' id='word_1_199' title='bbox 401 2689 580 2755; x_wconf 87' lang='lat' dir='ltr'>Honorius,</span> <span class='ocrx_word' id='word_1_200' title='bbox 609 2687 710 2759; x_wconf 89' lang='lat' dir='ltr'>etc...,</span> <span class='ocrx_word' id='word_1_201' title='bbox 737 2685 866 2746; x_wconf 90' lang='lat' dir='ltr'>dilectis</span> <span class='ocrx_word' id='word_1_202' title='bbox 888 2686 1018 2745; x_wconf 79' lang='lat' dir='ltr'>filiis...</span> <span class='ocrx_word' id='word_1_203' title='bbox 1048 2683 1158 2746; x_wconf 91' lang='lat' dir='ltr'>abbati</span> 
     </span>
    </p>

    <p class='ocr_par' dir='ltr' id='par_1_8' title="bbox 364 2781 1159 2860">
     <span class='ocr_line' id='line_1_26' title="bbox 364 2781 1159 2860; baseline -0.009 -11"><span class='ocrx_word' id='word_1_204' title='bbox 364 2785 476 2850; x_wconf 84' lang='lat' dir='ltr'>Sancti</span> <span class='ocrx_word' id='word_1_205' title='bbox 499 2784 681 2854; x_wconf 83' lang='lat' dir='ltr'>Godardi..,</span> <span class='ocrx_word' id='word_1_206' title='bbox 703 2781 881 2860; x_wconf 68' lang='lat' dir='ltr'>praeposito</span> <span class='ocrx_word' id='word_1_207' title='bbox 907 2781 1054 2854; x_wconf 86' lang='lat' dir='ltr'>Albensi,</span> <span class='ocrx_word' id='word_1_208' title='bbox 1077 2785 1159 2843; x_wconf 87' lang='lat' dir='ltr'>Geu-</span> 
     </span>
    </p>

    <p class='ocr_par' dir='ltr' id='par_1_9' title="bbox 365 2879 1160 2957">
     <span class='ocr_line' id='line_1_27' title="bbox 365 2879 1160 2957; baseline -0.006 -12"><span class='ocrx_word' id='word_1_209' title='bbox 365 2884 489 2946; x_wconf 88' lang='lat' dir='ltr'>riensis</span> <span class='ocrx_word' id='word_1_210' title='bbox 515 2879 820 2957; x_wconf 82' lang='lat' dir='ltr'>et-vesprimiensls</span> <span class='ocrx_word' id='word_1_211' title='bbox 836 2880 1025 2950; x_wconf 68' lang='lat' dir='ltr'>dioecesum,</span> <span class='ocrx_word' id='word_1_212' title='bbox 1047 2882 1078 2940; x_wconf 92' lang='lat' dir='ltr'>et</span> <span class='ocrx_word' id='word_1_213' title='bbox 1093 2895 1160 2940; x_wconf 88' lang='lat' dir='ltr'>ma.</span> 
     </span>
    </p>
   </div>
   <div class='ocr_carea' id='block_1_7' title="bbox 1213 1614 2017 1887">
    <p class='ocr_par' dir='ltr' id='par_1_10' title="bbox 1213 1614 2017 1887">
     <span class='ocr_line' id='line_1_28' title="bbox 1213 1614 2017 1692; baseline 0.002 -19"><span class='ocrx_word' id='word_1_214' title='bbox 1213 1614 1344 1674; x_wconf 92' lang='lat' dir='ltr'>modum</span> <span class='ocrx_word' id='word_1_215' title='bbox 1360 1618 1471 1675; x_wconf 86' lang='lat' dir='ltr'>tamen</span> <span class='ocrx_word' id='word_1_216' title='bbox 1498 1617 1605 1692; x_wconf 88' lang='lat' dir='ltr'>ipsum</span> <span class='ocrx_word' id='word_1_217' title='bbox 1629 1616 1862 1692; x_wconf 81' lang='lat' dir='ltr'>spoliaverant</span> <span class='ocrx_word' id='word_1_218' title='bbox 1880 1615 2017 1676; x_wconf 89' lang='lat' dir='ltr'>decimis</span> 
     </span>
     <span class='ocr_line' id='line_1_29' title="bbox 1213 1712 2015 1790; baseline 0.001 -19"><span class='ocrx_word' id='word_1_219' title='bbox 1213 1712 1408 1773; x_wconf 87' lang='lat' dir='ltr'>antedictis:</span> <span class='ocrx_word' id='word_1_220' title='bbox 1423 1728 1525 1788; x_wconf 88' lang='lat' dir='ltr'>quare</span> <span class='ocrx_word' id='word_1_221' title='bbox 1556 1713 1696 1784; x_wconf 88' lang='lat' dir='ltr'>dicebat,</span> <span class='ocrx_word' id='word_1_222' title='bbox 1718 1715 1804 1790; x_wconf 88' lang='lat' dir='ltr'>quod</span> <span class='ocrx_word' id='word_1_223' title='bbox 1826 1715 1929 1774; x_wconf 87' lang='lat' dir='ltr'>stare</span> <span class='ocrx_word' id='word_1_224' title='bbox 1954 1729 2015 1772; x_wconf 92' lang='lat' dir='ltr'>non</span> 
     </span>
     <span class='ocr_line' id='line_1_30' title="bbox 1213 1807 2016 1887; baseline 0 -18"><span class='ocrx_word' id='word_1_225' title='bbox 1213 1807 1352 1870; x_wconf 89' lang='lat' dir='ltr'>debebat</span> <span class='ocrx_word' id='word_1_226' title='bbox 1369 1811 1403 1869; x_wconf 95' lang='lat' dir='ltr'>in</span> <span class='ocrx_word' id='word_1_227' title='bbox 1422 1810 1549 1886; x_wconf 89' lang='lat' dir='ltr'>judicio</span> <span class='ocrx_word' id='word_1_228' title='bbox 1571 1811 1742 1887; x_wconf 88' lang='lat' dir='ltr'>spoliatus.</span> <span class='ocrx_word' id='word_1_229' title='bbox 1759 1811 1818 1871; x_wconf 89' lang='lat' dir='ltr'>His</span> <span class='ocrx_word' id='word_1_230' title='bbox 1832 1812 1949 1887; x_wconf 81' lang='lat' dir='ltr'>igitur</span> <span class='ocrx_word' id='word_1_231' title='bbox 1961 1825 2016 1886; x_wconf 88' lang='lat' dir='ltr'>per</span> 
     </span>
    </p>
   </div>
   <div class='ocr_carea' id='block_1_8' title="bbox 1212 1907 2014 1986">
    <p class='ocr_par' dir='ltr' id='par_1_11' title="bbox 1212 1907 2014 1986">
     <span class='ocr_line' id='line_1_31' title="bbox 1212 1907 2014 1986; baseline 0.002 -20"><span class='ocrx_word' id='word_1_232' title='bbox 1212 1907 1408 1968; x_wconf 88' lang='lat' dir='ltr'>relationem</span> <span class='ocrx_word' id='word_1_233' title='bbox 1421 1907 1526 1984; x_wconf 88' lang='lat' dir='ltr'>ipsius</span> <span class='ocrx_word' id='word_1_234' title='bbox 1544 1908 1705 1969; x_wconf 89' lang='lat' dir='ltr'>auditoris</span> <span class='ocrx_word' id='word_1_235' title='bbox 1717 1909 1851 1986; x_wconf 89' lang='lat' dir='ltr'>plenius</span> <span class='ocrx_word' id='word_1_236' title='bbox 1867 1908 2014 1969; x_wconf 91' lang='lat' dir='ltr'>intellec-</span> 
     </span>
    </p>
   </div>
   <div class='ocr_carea' id='block_1_9' title="bbox 1212 2102 2010 2956">
    <p class='ocr_par' dir='ltr' id='par_1_12' title="bbox 1212 2102 2010 2956">
     <span class='ocr_line' id='line_1_32' title="bbox 1212 2102 2010 2180; baseline 0.001 -18"><span class='ocrx_word' id='word_1_237' title='bbox 1212 2103 1285 2178; x_wconf 88' lang='lat' dir='ltr'>ipso</span> <span class='ocrx_word' id='word_1_238' title='bbox 1309 2102 1460 2164; x_wconf 90' lang='lat' dir='ltr'>auditore</span> <span class='ocrx_word' id='word_1_239' title='bbox 1475 2103 1657 2180; x_wconf 91' lang='lat' dir='ltr'>proposuit,</span> <span class='ocrx_word' id='word_1_240' title='bbox 1682 2103 1789 2179; x_wconf 89' lang='lat' dir='ltr'>potuit</span> <span class='ocrx_word' id='word_1_241' title='bbox 1803 2103 1924 2164; x_wconf 83' lang='lat' dir='ltr'>lacere</span> <span class='ocrx_word' id='word_1_242' title='bbox 1943 2105 2010 2179; x_wconf 93' lang='lat' dir='ltr'>ple·</span> 
     </span>
     <span class='ocr_line' id='line_1_33' title="bbox 1213 2199 2010 2272; baseline 0 -14"><span class='ocrx_word' id='word_1_243' title='bbox 1213 2215 1289 2259; x_wconf 91' lang='lat' dir='ltr'>nam</span> <span class='ocrx_word' id='word_1_244' title='bbox 1309 2199 1417 2272; x_wconf 88' lang='lat' dir='ltr'>tidem,</span> <span class='ocrx_word' id='word_1_245' title='bbox 1441 2200 1482 2259; x_wconf 91' lang='lat' dir='ltr'>de</span> <span class='ocrx_word' id='word_1_246' title='bbox 1495 2199 1633 2261; x_wconf 82' lang='lat' dir='ltr'>fratrum</span> <span class='ocrx_word' id='word_1_247' title='bbox 1652 2203 1845 2261; x_wconf 91' lang='lat' dir='ltr'>nostrornm</span> <span class='ocrx_word' id='word_1_248' title='bbox 1872 2200 2010 2261; x_wconf 86' lang='lat' dir='ltr'>consilio</span> 
     </span>
     <span class='ocr_line' id='line_1_34' title="bbox 1213 2295 2008 2372; baseline 0 -18"><span class='ocrx_word' id='word_1_249' title='bbox 1213 2295 1405 2356; x_wconf 89' lang='lat' dir='ltr'>discretioni</span> <span class='ocrx_word' id='word_1_250' title='bbox 1427 2295 1546 2356; x_wconf 83' lang='lat' dir='ltr'>vestrae</span> <span class='ocrx_word' id='word_1_251' title='bbox 1562 2295 1602 2356; x_wconf 90' lang='lat' dir='ltr'>de</span> <span class='ocrx_word' id='word_1_252' title='bbox 1626 2297 1799 2372; x_wconf 78' lang='lat' dir='ltr'>uniusque</span> <span class='ocrx_word' id='word_1_253' title='bbox 1823 2298 1937 2372; x_wconf 88' lang='lat' dir='ltr'>partis</span> <span class='ocrx_word' id='word_1_254' title='bbox 1956 2311 2008 2355; x_wconf 86' lang='lat' dir='ltr'>as-</span> 
     </span>
     <span class='ocr_line' id='line_1_35' title="bbox 1214 2393 2006 2470; baseline -0.001 -19"><span class='ocrx_word' id='word_1_255' title='bbox 1214 2407 1313 2454; x_wconf 87' lang='lat' dir='ltr'>sensu</span> <span class='ocrx_word' id='word_1_256' title='bbox 1341 2409 1401 2468; x_wconf 89' lang='lat' dir='ltr'>per</span> <span class='ocrx_word' id='word_1_257' title='bbox 1424 2393 1613 2468; x_wconf 86' lang='lat' dir='ltr'>Apostolica</span> <span class='ocrx_word' id='word_1_258' title='bbox 1639 2395 1762 2470; x_wconf 91' lang='lat' dir='ltr'>scripta</span> <span class='ocrx_word' id='word_1_259' title='bbox 1798 2395 2006 2462; x_wconf 72' lang='lat' dir='ltr'>mandamus</span> 
     </span>
     <span class='ocr_line' id='line_1_36' title="bbox 1214 2491 2009 2568; baseline -0.001 -18"><span class='ocrx_word' id='word_1_260' title='bbox 1214 2491 1377 2566; x_wconf 85' lang='lat' dir='ltr'>quatenus</span> <span class='ocrx_word' id='word_1_261' title='bbox 1397 2491 1484 2552; x_wconf 90' lang='lat' dir='ltr'>dicto</span> <span class='ocrx_word' id='word_1_262' title='bbox 1501 2492 1655 2568; x_wconf 90' lang='lat' dir='ltr'>episcopo</span> <span class='ocrx_word' id='word_1_263' title='bbox 1677 2491 1770 2568; x_wconf 89' lang='lat' dir='ltr'>prius</span> <span class='ocrx_word' id='word_1_264' title='bbox 1791 2494 1929 2567; x_wconf 83' lang='lat' dir='ltr'>integre</span> <span class='ocrx_word' id='word_1_265' title='bbox 1941 2507 2009 2550; x_wconf 85' lang='lat' dir='ltr'>res-</span> 
     </span>
     <span class='ocr_line' id='line_1_37' title="bbox 1213 2589 2008 2666; baseline -0.001 -18"><span class='ocrx_word' id='word_1_266' title='bbox 1213 2589 1320 2660; x_wconf 79' lang='lat' dir='ltr'>lituro,</span> <span class='ocrx_word' id='word_1_267' title='bbox 1339 2589 1367 2649; x_wconf 87' lang='lat' dir='ltr'>si</span> <span class='ocrx_word' id='word_1_268' title='bbox 1378 2605 1413 2650; x_wconf 89' lang='lat' dir='ltr'>se</span> <span class='ocrx_word' id='word_1_269' title='bbox 1424 2589 1614 2665; x_wconf 84' lang='lat' dir='ltr'>probaverit</span> <span class='ocrx_word' id='word_1_270' title='bbox 1629 2590 1816 2666; x_wconf 89' lang='lat' dir='ltr'>spoliatum,</span> <span class='ocrx_word' id='word_1_271' title='bbox 1836 2593 1871 2651; x_wconf 93' lang='lat' dir='ltr'>et</span> <span class='ocrx_word' id='word_1_272' title='bbox 1887 2604 2008 2666; x_wconf 79' lang='lat' dir='ltr'>posses</span> 
     </span>
     <span class='ocr_line' id='line_1_38' title="bbox 1214 2686 2005 2762; baseline -0.003 -17"><span class='ocrx_word' id='word_1_273' title='bbox 1214 2686 1340 2746; x_wconf 91' lang='lat' dir='ltr'>sionem</span> <span class='ocrx_word' id='word_1_274' title='bbox 1356 2686 1528 2762; x_wconf 82' lang='lat' dir='ltr'>pacificam</span> <span class='ocrx_word' id='word_1_275' title='bbox 1543 2689 1707 2760; x_wconf 90' lang='lat' dir='ltr'>assecut0,</span> <span class='ocrx_word' id='word_1_276' title='bbox 1725 2687 1874 2748; x_wconf 88' lang='lat' dir='ltr'>audiatis</span> <span class='ocrx_word' id='word_1_277' title='bbox 1888 2702 1927 2747; x_wconf 88' lang='lat' dir='ltr'>ea</span> <span class='ocrx_word' id='word_1_278' title='bbox 1940 2701 2005 2761; x_wconf 87' lang='lat' dir='ltr'>quae</span> 
     </span>
     <span class='ocr_line' id='line_1_39' title="bbox 1214 2783 2006 2861; baseline -0.003 -19"><span class='ocrx_word' id='word_1_279' title='bbox 1214 2799 1289 2858; x_wconf 86' lang='lat' dir='ltr'>pars</span> <span class='ocrx_word' id='word_1_280' title='bbox 1318 2783 1493 2860; x_wconf 86' lang='lat' dir='ltr'>hospitalis</span> <span class='ocrx_word' id='word_1_281' title='bbox 1516 2801 1616 2861; x_wconf 90' lang='lat' dir='ltr'>super</span> <span class='ocrx_word' id='word_1_282' title='bbox 1639 2784 1723 2845; x_wconf 83' lang='lat' dir='ltr'>falso</span> <span class='ocrx_word' id='word_1_283' title='bbox 1745 2787 1964 2861; x_wconf 89' lang='lat' dir='ltr'>procuratore</span> <span class='ocrx_word' id='word_1_284' title='bbox 1978 2783 2006 2840; x_wconf 91' lang='lat' dir='ltr'>el</span> 
     </span>
     <span class='ocr_line' id='line_1_40' title="bbox 1214 2877 2005 2956; baseline -0.004 -17"><span class='ocrx_word' id='word_1_285' title='bbox 1214 2879 1463 2956; x_wconf 85' lang='lat' dir='ltr'>probationibus</span> <span class='ocrx_word' id='word_1_286' title='bbox 1477 2879 1619 2952; x_wconf 89' lang='lat' dir='ltr'>omissis,</span> <span class='ocrx_word' id='word_1_287' title='bbox 1645 2895 1773 2941; x_wconf 88' lang='lat' dir='ltr'>necnon</span> <span class='ocrx_word' id='word_1_288' title='bbox 1788 2895 1828 2940; x_wconf 93' lang='lat' dir='ltr'>ea</span> <span class='ocrx_word' id='word_1_289' title='bbox 1850 2895 1926 2956; x_wconf 83' lang='lat' dir='ltr'>qnae</span> <span class='ocrx_word' id='word_1_290' title='bbox 1941 2877 2005 2937; x_wconf 91' lang='lat' dir='ltr'>dic-</span> 
     </span>
    </p>
   </div>
   <div class='ocr_carea' id='block_1_10' title="bbox 1213 2971 2082 3150">
    <p class='ocr_par' dir='ltr' id='par_1_13' title="bbox 1213 2971 2082 3150">
     <span class='ocr_line' id='line_1_41' title="bbox 1213 2971 2000 3054; baseline -0.006 -17"><span class='ocrx_word' id='word_1_291' title='bbox 1213 2977 1266 3037; x_wconf 89' lang='lat' dir='ltr'>tus</span> <span class='ocrx_word' id='word_1_292' title='bbox 1292 2976 1467 3053; x_wconf 88' lang='lat' dir='ltr'>episcopus</span> <span class='ocrx_word' id='word_1_293' title='bbox 1491 2993 1551 3053; x_wconf 91' lang='lat' dir='ltr'>pro</span> <span class='ocrx_word' id='word_1_294' title='bbox 1575 2993 1611 3038; x_wconf 89' lang='lat' dir='ltr'>se</span> <span class='ocrx_word' id='word_1_295' title='bbox 1633 2971 1766 3038; x_wconf 85' lang='lat' dir='ltr'>duxerit</span> <span class='ocrx_word' id='word_1_296' title='bbox 1780 2974 2000 3054; x_wconf 87' lang='lat' dir='ltr'>proponenda,</span> 
     </span>
     <span class='ocr_line' id='line_1_42' title="bbox 1214 3070 2082 3150; baseline -0.008 -16"><span class='ocrx_word' id='word_1_297' title='bbox 1214 3089 1413 3149; x_wconf 88' lang='lat' dir='ltr'>causamque</span> <span class='ocrx_word' id='word_1_298' title='bbox 1434 3089 1535 3150; x_wconf 89' lang='lat' dir='ltr'>super</span> <span class='ocrx_word' id='word_1_299' title='bbox 1556 3073 1748 3150; x_wconf 86' lang='lat' dir='ltr'>praenotatis</span> <span class='ocrx_word' id='word_1_300' title='bbox 1771 3074 1925 3135; x_wconf 88' lang='lat' dir='ltr'>articulis</span> <span class='ocrx_word' id='word_1_301' title='bbox 1940 3070 2003 3131; x_wconf 86' lang='lat' dir='ltr'>sul·</span> <span class='ocrx_word' id='word_1_302' title='bbox 2081 3089 2082 3094; x_wconf 42' lang='lat'>¹</span> 
     </span>
    </p>
   </div>
   <div class='ocr_carea' id='block_1_11' title="bbox 362 2975 1159 3146">
    <p class='ocr_par' dir='ltr' id='par_1_14' title="bbox 362 2975 1159 3146">
     <span class='ocr_line' id='line_1_43' title="bbox 362 2975 1159 3057; baseline -0.005 -17"><span class='ocrx_word' id='word_1_303' title='bbox 362 2982 466 3057; x_wconf 82' lang='lat' dir='ltr'>gistro</span> <span class='ocrx_word' id='word_1_304' title='bbox 496 2981 585 3040; x_wconf 84' lang='lat' dir='ltr'>Enoc</span> <span class='ocrx_word' id='word_1_305' title='bbox 613 2977 849 3042; x_wconf 87' lang='lat' dir='ltr'>archidiacono</span> <span class='ocrx_word' id='word_1_306' title='bbox 878 2976 1051 3048; x_wconf 87' lang='lat' dir='ltr'>Nitriensi,</span> <span class='ocrx_word' id='word_1_307' title='bbox 1072 2975 1159 3037; x_wconf 87' lang='lat' dir='ltr'>salu-</span> 
     </span>
     <span class='ocr_line' id='line_1_44' title="bbox 364 3079 521 3146; baseline -0.025 -6"><span class='ocrx_word' id='word_1_308' title='bbox 364 3079 444 3146; x_wconf 89' lang='lat' dir='ltr'>tem,</span> <span class='ocrx_word' id='word_1_309' title='bbox 457 3079 521 3138; x_wconf 89' lang='lat' dir='ltr'>etc.</span> 
     </span>
    </p>
   </div>
   <div class='ocr_carea' id='block_1_12' title="bbox 1212 2004 2082 3154">
    <p class='ocr_par' dir='ltr' id='par_1_15' title="bbox 1212 2004 2082 3154">
     <span class='ocr_line' id='line_1_45' title="bbox 1212 2004 2010 2082; baseline 0 -17"><span class='ocrx_word' id='word_1_310' title='bbox 1212 2004 1266 2076; x_wconf 90' lang='lat' dir='ltr'>tis,</span> <span class='ocrx_word' id='word_1_311' title='bbox 1295 2005 1381 2081; x_wconf 85' lang='lat' dir='ltr'>qnod</span> <span class='ocrx_word' id='word_1_312' title='bbox 1406 2006 1523 2066; x_wconf 90' lang='lat' dir='ltr'>neutra</span> <span class='ocrx_word' id='word_1_313' title='bbox 1551 2020 1628 2082; x_wconf 87' lang='lat' dir='ltr'>pars</span> <span class='ocrx_word' id='word_1_314' title='bbox 1655 2021 1782 2078; x_wconf 90' lang='lat' dir='ltr'>eorum,</span> <span class='ocrx_word' id='word_1_315' title='bbox 1802 2021 1884 2082; x_wconf 88' lang='lat' dir='ltr'>quae</span> <span class='ocrx_word' id='word_1_316' title='bbox 1902 2021 2010 2066; x_wconf 87' lang='lat' dir='ltr'>coram</span> 
     </span>
     <span class='ocr_line' id='line_1_46' title="bbox 2081 3109 2082 3154; baseline 0 0"><span class='ocrx_word' id='word_1_317' title='bbox 2081 3109 2082 3154; x_wconf 90' lang='lat' dir='ltr'>l</span> 
     </span>
    </p>
   </div>
   <div class='ocr_carea' id='block_1_13' title="bbox 363 3159 2082 4310">
    <p class='ocr_par' dir='ltr' id='par_1_16' title="bbox 363 3159 2082 4310">
     <span class='ocr_line' id='line_1_47' title="bbox 402 3159 2082 3246; baseline -0.007 -10"><span class='ocrx_word' id='word_1_318' title='bbox 402 3171 595 3236; x_wconf 89' lang='lat' dir='ltr'>venerabili</span> <span class='ocrx_word' id='word_1_319' title='bbox 621 3171 718 3233; x_wconf 81' lang='lat' dir='ltr'>tratri</span> <span class='ocrx_word' id='word_1_320' title='bbox 743 3172 893 3242; x_wconf 79' lang='lat' dir='ltr'>nostro,</span> <span class='ocrx_word' id='word_1_321' title='bbox 919 3169 1158 3246; x_wconf 78' lang='lat' dir='ltr'>vesprimiensi</span> <span class='ocrx_word' id='word_1_322' title='bbox 1214 3169 1363 3231; x_wconf 87' lang='lat' dir='ltr'>ticienter</span> <span class='ocrx_word' id='word_1_323' title='bbox 1378 3170 1573 3231; x_wconf 88' lang='lat' dir='ltr'>instructam</span> <span class='ocrx_word' id='word_1_324' title='bbox 1596 3171 1635 3231; x_wconf 93' lang='lat' dir='ltr'>ad</span> <span class='ocrx_word' id='word_1_325' title='bbox 1659 3171 1807 3231; x_wconf 90' lang='lat' dir='ltr'>nostrum</span> <span class='ocrx_word' id='word_1_326' title='bbox 1832 3167 2001 3231; x_wconf 85' lang='lat' dir='ltr'>remittatis</span> <span class='ocrx_word' id='word_1_327' title='bbox 2081 3159 2082 3206; x_wconf 75' lang='lat' dir='ltr'>t</span> 
     </span>
     <span class='ocr_line' id='line_1_48' title="bbox 363 3266 2000 3348; baseline -0.008 -14"><span class='ocrx_word' id='word_1_328' title='bbox 363 3271 538 3348; x_wconf 91' lang='lat' dir='ltr'>episcopo,</span> <span class='ocrx_word' id='word_1_329' title='bbox 573 3269 606 3330; x_wconf 90' lang='lat' dir='ltr'>et</span> <span class='ocrx_word' id='word_1_330' title='bbox 635 3269 753 3329; x_wconf 89' lang='lat' dir='ltr'>dilecto</span> <span class='ocrx_word' id='word_1_331' title='bbox 781 3267 850 3328; x_wconf 87' lang='lat' dir='ltr'>tilio</span> <span class='ocrx_word' id='word_1_332' title='bbox 877 3269 915 3328; x_wconf 88' lang='lat' dir='ltr'>R.</span> <span class='ocrx_word' id='word_1_333' title='bbox 949 3266 1158 3343; x_wconf 90' lang='lat' dir='ltr'>procuratori</span> <span class='ocrx_word' id='word_1_334' title='bbox 1214 3282 1373 3340; x_wconf 83' lang='lat' dir='ltr'>examen,</span> <span class='ocrx_word' id='word_1_335' title='bbox 1405 3267 1613 3344; x_wconf 83' lang='lat' dir='ltr'>praefigentes</span> <span class='ocrx_word' id='word_1_336' title='bbox 1646 3267 1796 3344; x_wconf 88' lang='lat' dir='ltr'>partibus</span> <span class='ocrx_word' id='word_1_337' title='bbox 1829 3267 2000 3329; x_wconf 89' lang='lat' dir='ltr'>terminum</span> 
     </span>
     <span class='ocr_line' id='line_1_49' title="bbox 365 3363 1998 3444; baseline -0.006 -16"><span class='ocrx_word' id='word_1_338' title='bbox 365 3366 541 3444; x_wconf 89' lang='lat' dir='ltr'>hospitalis</span> <span class='ocrx_word' id='word_1_339' title='bbox 575 3365 870 3441; x_wconf 89' lang='lat' dir='ltr'>Hierosolymitani</span> <span class='ocrx_word' id='word_1_340' title='bbox 909 3363 943 3422; x_wconf 93' lang='lat' dir='ltr'>in</span> <span class='ocrx_word' id='word_1_341' title='bbox 974 3364 1156 3440; x_wconf 85' lang='lat' dir='ltr'>Hungaria,</span> <span class='ocrx_word' id='word_1_342' title='bbox 1214 3367 1463 3442; x_wconf 87' lang='lat' dir='ltr'>competentem,</span> <span class='ocrx_word' id='word_1_343' title='bbox 1481 3379 1544 3442; x_wconf 88' lang='lat' dir='ltr'>quo</span> <span class='ocrx_word' id='word_1_344' title='bbox 1559 3365 1674 3426; x_wconf 91' lang='lat' dir='ltr'>nostro</span> <span class='ocrx_word' id='word_1_345' title='bbox 1689 3381 1725 3424; x_wconf 92' lang='lat' dir='ltr'>se</span> <span class='ocrx_word' id='word_1_346' title='bbox 1741 3363 1934 3442; x_wconf 88' lang='lat' dir='ltr'>conspectui</span> <span class='ocrx_word' id='word_1_347' title='bbox 1948 3375 1998 3420; x_wconf 91' lang='lat' dir='ltr'>re-</span> 
     </span>
     <span class='ocr_line' id='line_1_50' title="bbox 363 3460 2082 3540; baseline -0.006 -16"><span class='ocrx_word' id='word_1_348' title='bbox 363 3465 399 3524; x_wconf 92' lang='lat' dir='ltr'>in</span> <span class='ocrx_word' id='word_1_349' title='bbox 423 3464 537 3524; x_wconf 89' lang='lat' dir='ltr'>nostra</span> <span class='ocrx_word' id='word_1_350' title='bbox 563 3462 742 3538; x_wconf 88' lang='lat' dir='ltr'>praesentia</span> <span class='ocrx_word' id='word_1_351' title='bbox 764 3461 961 3532; x_wconf 88' lang='lat' dir='ltr'>constitutis,</span> <span class='ocrx_word' id='word_1_352' title='bbox 988 3460 1160 3522; x_wconf 84' lang='lat' dir='ltr'>venerabi·</span> <span class='ocrx_word' id='word_1_353' title='bbox 1214 3463 1425 3540; x_wconf 86' lang='lat' dir='ltr'>praesenteut,</span> <span class='ocrx_word' id='word_1_354' title='bbox 1441 3461 1526 3538; x_wconf 88' lang='lat' dir='ltr'>quod</span> <span class='ocrx_word' id='word_1_355' title='bbox 1542 3462 1668 3538; x_wconf 89' lang='lat' dir='ltr'>justum</span> <span class='ocrx_word' id='word_1_356' title='bbox 1685 3460 1794 3532; x_wconf 88' lang='lat' dir='ltr'>luerit,</span> <span class='ocrx_word' id='word_1_357' title='bbox 1812 3461 1996 3536; x_wconf 81' lang='lat' dir='ltr'>receptura.</span> <span class='ocrx_word' id='word_1_358' title='bbox 2081 3505 2082 3514; x_wconf 73' lang='grc'>,</span> 
     </span>
     <span class='ocr_line' id='line_1_51' title="bbox 366 3553 2082 3633; baseline -0.004 -13"><span class='ocrx_word' id='word_1_359' title='bbox 366 3557 585 3620; x_wconf 84' lang='lat' dir='ltr'>lamfratrem</span> <span class='ocrx_word' id='word_1_360' title='bbox 606 3561 755 3621; x_wconf 89' lang='lat' dir='ltr'>nostrum</span> <span class='ocrx_word' id='word_1_361' title='bbox 775 3561 811 3618; x_wconf 90' lang='lat' dir='ltr'>P.</span> <span class='ocrx_word' id='word_1_362' title='bbox 838 3556 1059 3618; x_wconf 72' lang='lat' dir='ltr'>albanensem</span> <span class='ocrx_word' id='word_1_363' title='bbox 1075 3558 1160 3633; x_wconf 90' lang='lat' dir='ltr'>epis·</span> <span class='ocrx_word' id='word_1_364' title='bbox 1215 3560 1305 3632; x_wconf 89' lang='lat' dir='ltr'>Quod</span> <span class='ocrx_word' id='word_1_365' title='bbox 1321 3560 1350 3619; x_wconf 89' lang='lat' dir='ltr'>si</span> <span class='ocrx_word' id='word_1_366' title='bbox 1365 3575 1431 3620; x_wconf 93' lang='lat' dir='ltr'>non</span> <span class='ocrx_word' id='word_1_367' title='bbox 1446 3574 1570 3631; x_wconf 79' lang='lat' dir='ltr'>aranee,</span> <span class='ocrx_word' id='word_1_368' title='bbox 1585 3560 1647 3620; x_wconf 91' lang='lat' dir='ltr'>etc.</span> <span class='ocrx_word' id='word_1_369' title='bbox 1671 3561 1788 3620; x_wconf 86' lang='lat' dir='ltr'>Datum</span> <span class='ocrx_word' id='word_1_370' title='bbox 1804 3559 1919 3629; x_wconf 87' lang='lat' dir='ltr'>Reate,</span> <span class='ocrx_word' id='word_1_371' title='bbox 1935 3553 1999 3614; x_wconf 84' lang='lat' dir='ltr'>XVI</span> <span class='ocrx_word' id='word_1_372' title='bbox 2081 3553 2082 3580; x_wconf 74' lang='lat'>³</span> 
     </span>
     <span class='ocr_line' id='line_1_52' title="bbox 365 3655 1807 3734; baseline -0.001 -16"><span class='ocrx_word' id='word_1_373' title='bbox 365 3673 484 3734; x_wconf 86' lang='lat' dir='ltr'>copam</span> <span class='ocrx_word' id='word_1_374' title='bbox 509 3656 659 3716; x_wconf 89' lang='lat' dir='ltr'>dedimus</span> <span class='ocrx_word' id='word_1_375' title='bbox 675 3656 871 3724; x_wconf 87' lang='lat' dir='ltr'>auditorem,</span> <span class='ocrx_word' id='word_1_376' title='bbox 889 3671 1000 3716; x_wconf 92' lang='lat' dir='ltr'>coram</span> <span class='ocrx_word' id='word_1_377' title='bbox 1013 3671 1077 3732; x_wconf 87' lang='lat' dir='ltr'>quo</span> <span class='ocrx_word' id='word_1_378' title='bbox 1094 3655 1161 3716; x_wconf 92' lang='lat' dir='ltr'>dic·</span> <span class='ocrx_word' id='word_1_379' title='bbox 1214 3656 1374 3718; x_wconf 88' lang='lat' dir='ltr'>kalendas</span> <span class='ocrx_word' id='word_1_380' title='bbox 1389 3655 1544 3728; x_wconf 91' lang='lat' dir='ltr'>octobris,</span> <span class='ocrx_word' id='word_1_381' title='bbox 1562 3671 1649 3716; x_wconf 90' lang='lat' dir='ltr'>auno</span> <span class='ocrx_word' id='word_1_382' title='bbox 1668 3655 1807 3716; x_wconf 91' lang='lat' dir='ltr'>decimo.</span> 
     </span>
     <span class='ocr_line' id='line_1_53' title="bbox 363 3750 1157 3828; baseline -0.004 -15"><span class='ocrx_word' id='word_1_383' title='bbox 363 3751 417 3814; x_wconf 87' lang='lat' dir='ltr'>tus</span> <span class='ocrx_word' id='word_1_384' title='bbox 441 3750 537 3828; x_wconf 91' lang='lat' dir='ltr'>petiit</span> <span class='ocrx_word' id='word_1_385' title='bbox 555 3751 750 3827; x_wconf 89' lang='lat' dir='ltr'>procurator</span> <span class='ocrx_word' id='word_1_386' title='bbox 769 3750 933 3828; x_wconf 88' lang='lat' dir='ltr'>quandam</span> <span class='ocrx_word' id='word_1_387' title='bbox 949 3750 1157 3821; x_wconf 88' lang='lat' dir='ltr'>sententiam,</span> 
     </span>
     <span class='ocr_line' id='line_1_54' title="bbox 364 3846 1158 3922; baseline -0.004 -12"><span class='ocrx_word' id='word_1_388' title='bbox 364 3848 507 3910; x_wconf 82' lang='lat' dir='ltr'>alelicis</span> <span class='ocrx_word' id='word_1_389' title='bbox 524 3849 692 3908; x_wconf 85' lang='lat' dir='ltr'>memorlae</span> <span class='ocrx_word' id='word_1_390' title='bbox 704 3846 898 3909; x_wconf 89' lang='lat' dir='ltr'>Innocentio</span> <span class='ocrx_word' id='word_1_391' title='bbox 914 3862 1010 3922; x_wconf 89' lang='lat' dir='ltr'>papa,</span> <span class='ocrx_word' id='word_1_392' title='bbox 1026 3846 1158 3922; x_wconf 84' lang='lat' dir='ltr'>praede-</span> 
     </span>
     <span class='ocr_line' id='line_1_55' title="bbox 365 3944 1159 4020; baseline -0.004 -14"><span class='ocrx_word' id='word_1_393' title='bbox 365 3959 500 4006; x_wconf 87' lang='lat' dir='ltr'>cessore</span> <span class='ocrx_word' id='word_1_394' title='bbox 529 3944 642 4005; x_wconf 89' lang='lat' dir='ltr'>nostro</span> <span class='ocrx_word' id='word_1_395' title='bbox 671 3960 731 4020; x_wconf 94' lang='lat' dir='ltr'>pro</span> <span class='ocrx_word' id='word_1_396' title='bbox 757 3945 829 4020; x_wconf 89' lang='lat' dir='ltr'>ipso</span> <span class='ocrx_word' id='word_1_397' title='bbox 859 3944 1013 4020; x_wconf 88' lang='lat' dir='ltr'>episcopo</span> <span class='ocrx_word' id='word_1_398' title='bbox 1043 3944 1159 4004; x_wconf 91' lang='lat' dir='ltr'>contra</span> 
     </span>
     <span class='ocr_line' id='line_1_56' title="bbox 368 4040 1159 4118; baseline -0.004 -16"><span class='ocrx_word' id='word_1_399' title='bbox 368 4041 490 4103; x_wconf 84' lang='lat' dir='ltr'>iratres</span> <span class='ocrx_word' id='word_1_400' title='bbox 514 4041 809 4116; x_wconf 88' lang='lat' dir='ltr'>Hierosolymitani</span> <span class='ocrx_word' id='word_1_401' title='bbox 834 4040 1016 4118; x_wconf 85' lang='lat' dir='ltr'>Hospitalis</span> <span class='ocrx_word' id='word_1_402' title='bbox 1046 4041 1159 4101; x_wconf 86' lang='lat' dir='ltr'>Sancti</span> 
     </span>
     <span class='ocr_line' id='line_1_57' title="bbox 367 4137 1159 4216; baseline -0.003 -16"><span class='ocrx_word' id='word_1_403' title='bbox 367 4137 525 4216; x_wconf 88' lang='lat' dir='ltr'>Stephani</span> <span class='ocrx_word' id='word_1_404' title='bbox 549 4137 712 4208; x_wconf 72' lang='lat' dir='ltr'>athensis,</span> <span class='ocrx_word' id='word_1_405' title='bbox 737 4137 993 4213; x_wconf 81' lang='lat' dir='ltr'>vesprimiensis</span> <span class='ocrx_word' id='word_1_406' title='bbox 1007 4137 1159 4198; x_wconf 89' lang='lat' dir='ltr'>dioecesis</span> 
     </span>
     <span class='ocr_line' id='line_1_58' title="bbox 366 4233 1158 4310; baseline -0.001 -15"><span class='ocrx_word' id='word_1_407' title='bbox 366 4251 465 4310; x_wconf 88' lang='lat' dir='ltr'>super</span> <span class='ocrx_word' id='word_1_408' title='bbox 480 4234 674 4310; x_wconf 90' lang='lat' dir='ltr'>quibusdam</span> <span class='ocrx_word' id='word_1_409' title='bbox 696 4233 834 4296; x_wconf 88' lang='lat' dir='ltr'>decimis</span> <span class='ocrx_word' id='word_1_410' title='bbox 854 4235 1107 4310; x_wconf 84' lang='lat' dir='ltr'>promulgatam,</span> <span class='ocrx_word' id='word_1_411' title='bbox 1123 4235 1158 4295; x_wconf 94' lang='lat' dir='ltr'>in</span> 
     </span>
    </p>
   </div>
   <div class='ocr_carea' id='block_1_14' title="bbox 365 4331 1160 4408">
    <p class='ocr_par' dir='ltr' id='par_1_17' title="bbox 365 4331 1160 4408">
     <span class='ocr_line' id='line_1_59' title="bbox 365 4331 1160 4408; baseline 0.001 -17"><span class='ocrx_word' id='word_1_412' title='bbox 365 4331 485 4392; x_wconf 88' lang='lat' dir='ltr'>melius</span> <span class='ocrx_word' id='word_1_413' title='bbox 512 4331 718 4402; x_wconf 89' lang='lat' dir='ltr'>commutari,</span> <span class='ocrx_word' id='word_1_414' title='bbox 741 4332 810 4392; x_wconf 90' lang='lat' dir='ltr'>tum</span> <span class='ocrx_word' id='word_1_415' title='bbox 831 4331 916 4407; x_wconf 88' lang='lat' dir='ltr'>quod</span> <span class='ocrx_word' id='word_1_416' title='bbox 940 4345 1040 4391; x_wconf 90' lang='lat' dir='ltr'>cansa</span> <span class='ocrx_word' id='word_1_417' title='bbox 1061 4347 1160 4408; x_wconf 91' lang='lat' dir='ltr'>super</span> 
     </span>
    </p>
   </div>
   <div class='ocr_carea' id='block_1_15' title="bbox 366 4399 1992 4569">
    <p class='ocr_par' dir='ltr' id='par_1_18' title="bbox 366 4399 1992 4569">
     <span class='ocr_line' id='line_1_60' title="bbox 366 4399 1992 4505; baseline -0.009 -37"><span class='ocrx_word' id='word_1_418' title='bbox 366 4427 515 4505; x_wconf 62' lang='lat' dir='ltr'>praefatjs</span> <span class='ocrx_word' id='word_1_419' title='bbox 533 4427 671 4487; x_wconf 65' lang='lat' dir='ltr'>decimis</span> <span class='ocrx_word' id='word_1_420' title='bbox 692 4443 803 4488; x_wconf 65' lang='lat' dir='ltr'>comm</span> <span class='ocrx_word' id='word_1_421' title='bbox 827 4429 900 4504; x_wconf 69' lang='lat' dir='ltr'>ipso</span> <span class='ocrx_word' id='word_1_422' title='bbox 915 4429 1159 4504; x_wconf 58' lang='lat' dir='ltr'>praedecessore</span> <span class='ocrx_word' id='word_1_423' title='bbox 1215 4408 1397 4480; x_wconf 83' lang='lat' dir='ltr'>Privileglum</span> <span class='ocrx_word' id='word_1_424' title='bbox 1414 4408 1529 4466; x_wconf 85' lang='lat' dir='ltr'>lionorii</span> <span class='ocrx_word' id='word_1_425' title='bbox 1542 4423 1624 4480; x_wconf 75' lang='lat' dir='ltr'>pape</span> <span class='ocrx_word' id='word_1_426' title='bbox 1639 4410 1679 4466; x_wconf 91' lang='lat' dir='ltr'>lll</span> <span class='ocrx_word' id='word_1_427' title='bbox 1696 4408 1771 4480; x_wconf 83' lang='lat' dir='ltr'>quod</span> <span class='ocrx_word' id='word_1_428' title='bbox 1786 4408 1892 4474; x_wconf 88' lang='lat' dir='ltr'>clerici,</span> <span class='ocrx_word' id='word_1_429' title='bbox 1905 4399 1992 4462; x_wconf 85' lang='lat' dir='ltr'>oblatis</span> 
     </span>
     <span class='ocr_line' id='line_1_61' title="bbox 1373 4495 1846 4569; baseline 0.002 -16"><span class='ocrx_word' id='word_1_430' title='bbox 1373 4495 1510 4566; x_wconf 83' lang='lat' dir='ltr'>eoelestis,</span> <span class='ocrx_word' id='word_1_431' title='bbox 1524 4497 1671 4568; x_wconf 81' lang='lat' dir='ltr'>resignent</span> <span class='ocrx_word' id='word_1_432' title='bbox 1683 4496 1846 4569; x_wconf 85' lang='lat' dir='ltr'>pensiones.</span> 
     </span>
    </p>
   </div>
   <div class='ocr_carea' id='block_1_16' title="bbox 1253 4029 1959 4092">
    <p class='ocr_par' dir='ltr' id='par_1_19' title="bbox 1253 4025 2082 4116">
     <span class='ocr_line' id='line_1_62' title="bbox 1253 4029 1959 4092; baseline -0.005 -2"><span class='ocrx_word' id='word_1_433' title='bbox 1253 4031 1305 4090; x_wconf 87' lang='lat' dir='ltr'>Ad</span> <span class='ocrx_word' id='word_1_434' title='bbox 1318 4029 1474 4091; x_wconf 81' lang='lat' dir='ltr'>abbatem</span> <span class='ocrx_word' id='word_1_435' title='bbox 1493 4031 1528 4091; x_wconf 84' lang='lat' dir='ltr'>ct</span> <span class='ocrx_word' id='word_1_436' title='bbox 1550 4031 1756 4090; x_wconf 81' lang='lat' dir='ltr'>concentum</span> <span class='ocrx_word' id='word_1_437' title='bbox 1770 4030 1959 4092; x_wconf 76' lang='lat' dir='ltr'>Gtosionioe.</span> 
     </span>
    </p>
   </div>
   <div class='ocr_carea' id='block_1_17' title="bbox 1354 4159 1869 4348">
    <p class='ocr_par' dir='ltr' id='par_1_20' title="bbox 1354 4159 1869 4348">
     <span class='ocr_line' id='line_1_63' title="bbox 1466 4159 1747 4232; baseline 0 -16"><span class='ocrx_word' id='word_1_438' title='bbox 1466 4161 1499 4218; x_wconf 81' lang='lat'>18</span> <span class='ocrx_word' id='word_1_439' title='bbox 1513 4159 1652 4232; x_wconf 89' lang='lat' dir='ltr'>septemb.</span> <span class='ocrx_word' id='word_1_440' title='bbox 1669 4159 1747 4217; x_wconf 72' lang='lat' dir='ltr'>litt.</span> 
     </span>
     <span class='ocr_line' id='line_1_64' title="bbox 1354 4281 1869 4348; baseline -0.006 -14"><span class='ocrx_word' id='word_1_441' title='bbox 1354 4283 1484 4348; x_wconf 69' lang='lat' dir='ltr'>[Dugdala</span> <span class='ocrx_word' id='word_1_442' title='bbox 1496 4283 1602 4334; x_wconf 80' lang='lat' dir='ltr'>Maneat.</span> <span class='ocrx_word' id='word_1_443' title='bbox 1613 4283 1721 4347; x_wconf 79' lang='lat' dir='ltr'>Anglic,</span> <span class='ocrx_word' id='word_1_444' title='bbox 1730 4284 1751 4344; x_wconf 89' lang='lat'>1,</span> <span class='ocrx_word' id='word_1_445' title='bbox 1764 4281 1803 4342; x_wconf 82' lang='lat'>38,</span> <span class='ocrx_word' id='word_1_446' title='bbox 1816 4281 1869 4347; x_wconf 78' lang='lat' dir='ltr'>ln]</span> 
     </span>
    </p>
   </div>
   <div class='ocr_carea' id='block_1_18' title="bbox 266 4523 1987 5570">
    <p class='ocr_par' dir='ltr' id='par_1_21' title="bbox 266 4523 1987 5570">
     <span class='ocr_line' id='line_1_65' title="bbox 266 4523 1159 4602; baseline 0.001 -16"><span class='ocrx_word' id='word_1_447' title='bbox 266 4555 268 4559; x_wconf 94' lang='lat'>·</span> <span class='ocrx_word' id='word_1_448' title='bbox 365 4527 481 4586; x_wconf 91' lang='lat' dir='ltr'>nostro</span> <span class='ocrx_word' id='word_1_449' title='bbox 510 4539 570 4601; x_wconf 91' lang='lat' dir='ltr'>per</span> <span class='ocrx_word' id='word_1_450' title='bbox 606 4523 725 4584; x_wconf 86' lang='lat' dir='ltr'>salsum</span> <span class='ocrx_word' id='word_1_451' title='bbox 754 4526 1001 4600; x_wconf 90' lang='lat' dir='ltr'>procuratorem</span> <span class='ocrx_word' id='word_1_452' title='bbox 1034 4527 1159 4602; x_wconf 82' lang='lat' dir='ltr'>agitata</span> 
     </span>
     <span class='ocr_line' id='line_1_66' title="bbox 365 4610 1987 4699; baseline -0.002 -15"><span class='ocrx_word' id='word_1_453' title='bbox 365 4623 485 4694; x_wconf 73' lang='lat' dir='ltr'>inierat,</span> <span class='ocrx_word' id='word_1_454' title='bbox 501 4623 537 4683; x_wconf 89' lang='lat' dir='ltr'>ut</span> <span class='ocrx_word' id='word_1_455' title='bbox 547 4621 765 4694; x_wconf 88' lang='lat' dir='ltr'>dicebat,tum</span> <span class='ocrx_word' id='word_1_456' title='bbox 777 4622 863 4698; x_wconf 88' lang='lat' dir='ltr'>quod</span> <span class='ocrx_word' id='word_1_457' title='bbox 876 4637 919 4682; x_wconf 83' lang='lat' dir='ltr'>ex</span> <span class='ocrx_word' id='word_1_458' title='bbox 933 4624 1026 4698; x_wconf 89' lang='lat' dir='ltr'>parte</span> <span class='ocrx_word' id='word_1_459' title='bbox 1040 4623 1159 4699; x_wconf 83' lang='lat' dir='ltr'>bospi—</span> <span class='ocrx_word' id='word_1_460' title='bbox 1255 4623 1421 4682; x_wconf 89' lang='lat' dir='ltr'>Honorius</span> <span class='ocrx_word' id='word_1_461' title='bbox 1433 4623 1617 4698; x_wconf 91' lang='lat' dir='ltr'>episcopus,</span> <span class='ocrx_word' id='word_1_462' title='bbox 1628 4637 1743 4682; x_wconf 84' lang='lat' dir='ltr'>servus</span> <span class='ocrx_word' id='word_1_463' title='bbox 1753 4610 1987 4682; x_wconf 76' lang='lat' dir='ltr'>servorumnet</span> 
     </span>
     <span class='ocr_line' id='line_1_67' title="bbox 365 4711 1986 4796; baseline -0.006 -14"><span class='ocrx_word' id='word_1_464' title='bbox 365 4720 443 4782; x_wconf 83' lang='lat' dir='ltr'>talis</span> <span class='ocrx_word' id='word_1_465' title='bbox 456 4719 655 4780; x_wconf 87' lang='lat' dir='ltr'>necessariae</span> <span class='ocrx_word' id='word_1_466' title='bbox 671 4720 878 4781; x_wconf 88' lang='lat' dir='ltr'>narrati0nes</span> <span class='ocrx_word' id='word_1_467' title='bbox 902 4722 935 4781; x_wconf 86' lang='lat' dir='ltr'>et</span> <span class='ocrx_word' id='word_1_468' title='bbox 948 4719 1159 4796; x_wconf 89' lang='lat' dir='ltr'>probationes</span> <span class='ocrx_word' id='word_1_469' title='bbox 1215 4718 1345 4779; x_wconf 88' lang='lat' dir='ltr'>dilectis</span> <span class='ocrx_word' id='word_1_470' title='bbox 1361 4718 1438 4778; x_wconf 89' lang='lat' dir='ltr'>liliis</span> <span class='ocrx_word' id='word_1_471' title='bbox 1453 4716 1564 4778; x_wconf 89' lang='lat' dir='ltr'>abbati</span> <span class='ocrx_word' id='word_1_472' title='bbox 1579 4722 1611 4778; x_wconf 90' lang='lat' dir='ltr'>et</span> <span class='ocrx_word' id='word_1_473' title='bbox 1622 4719 1798 4779; x_wconf 86' lang='lat' dir='ltr'>conventui</span> <span class='ocrx_word' id='word_1_474' title='bbox 1812 4711 1986 4778; x_wconf 73' lang='lat' dir='ltr'>elastonlae</span> 
     </span>
     <span class='ocr_line' id='line_1_68' title="bbox 367 4813 1923 4894; baseline -0.006 -15"><span class='ocrx_word' id='word_1_475' title='bbox 367 4817 513 4888; x_wconf 86' lang='lat' dir='ltr'>fuerant,</span> <span class='ocrx_word' id='word_1_476' title='bbox 549 4818 636 4879; x_wconf 90' lang='lat' dir='ltr'>sicut</span> <span class='ocrx_word' id='word_1_477' title='bbox 663 4817 842 4888; x_wconf 87' lang='lat' dir='ltr'>asserebat,</span> <span class='ocrx_word' id='word_1_478' title='bbox 865 4818 1008 4888; x_wconf 85' lang='lat' dir='ltr'>omissae,</span> <span class='ocrx_word' id='word_1_479' title='bbox 1032 4833 1104 4894; x_wconf 88' lang='lat' dir='ltr'>qnae</span> <span class='ocrx_word' id='word_1_480' title='bbox 1131 4817 1160 4877; x_wconf 88' lang='lat' dir='ltr'>si</span> <span class='ocrx_word' id='word_1_481' title='bbox 1215 4815 1354 4876; x_wconf 89' lang='lat' dir='ltr'>salutem</span> <span class='ocrx_word' id='word_1_482' title='bbox 1370 4817 1402 4876; x_wconf 92' lang='lat' dir='ltr'>et</span> <span class='ocrx_word' id='word_1_483' title='bbox 1415 4813 1638 4891; x_wconf 78' lang='lat' dir='ltr'>apostolicam</span> <span class='ocrx_word' id='word_1_484' title='bbox 1653 4815 1923 4878; x_wconf 89' lang='lat' dir='ltr'>benedictionem.</span> 
     </span>
     <span class='ocr_line' id='line_1_69' title="bbox 366 4911 1986 4988; baseline -0.008 -14"><span class='ocrx_word' id='word_1_485' title='bbox 366 4929 434 4976; x_wconf 92' lang='lat' dir='ltr'>nou</span> <span class='ocrx_word' id='word_1_486' title='bbox 456 4913 587 4974; x_wconf 88' lang='lat' dir='ltr'>omissae</span> <span class='ocrx_word' id='word_1_487' title='bbox 608 4916 730 4986; x_wconf 86' lang='lat' dir='ltr'>essent,</span> <span class='ocrx_word' id='word_1_488' title='bbox 756 4914 824 4975; x_wconf 86' lang='lat' dir='ltr'>lata</span> <span class='ocrx_word' id='word_1_489' title='bbox 844 4929 911 4974; x_wconf 91' lang='lat' dir='ltr'>non</span> <span class='ocrx_word' id='word_1_490' title='bbox 938 4916 1026 4974; x_wconf 88' lang='lat' dir='ltr'>esset</span> <span class='ocrx_word' id='word_1_491' title='bbox 1045 4917 1160 4975; x_wconf 90' lang='lat' dir='ltr'>contra</span> <span class='ocrx_word' id='word_1_492' title='bbox 1256 4915 1304 4973; x_wconf 82' lang='lat' dir='ltr'>Ex</span> <span class='ocrx_word' id='word_1_493' title='bbox 1328 4913 1421 4988; x_wconf 89' lang='lat' dir='ltr'>parte</span> <span class='ocrx_word' id='word_1_494' title='bbox 1449 4913 1558 4973; x_wconf 87' lang='lat' dir='ltr'>vestra</span> <span class='ocrx_word' id='word_1_495' title='bbox 1584 4911 1646 4973; x_wconf 86' lang='lat' dir='ltr'>luit</span> <span class='ocrx_word' id='word_1_496' title='bbox 1670 4913 1875 4988; x_wconf 88' lang='lat' dir='ltr'>propositum</span> <span class='ocrx_word' id='word_1_497' title='bbox 1893 4917 1986 4970; x_wconf 87' lang='lat' dir='ltr'>coram</span> 
     </span>
     <span class='ocr_line' id='line_1_70' title="bbox 366 5007 1987 5088; baseline -0.008 -17"><span class='ocrx_word' id='word_1_498' title='bbox 366 5010 477 5086; x_wconf 91' lang='lat' dir='ltr'>ipsum</span> <span class='ocrx_word' id='word_1_499' title='bbox 488 5009 653 5086; x_wconf 85' lang='lat' dir='ltr'>hospitale</span> <span class='ocrx_word' id='word_1_500' title='bbox 663 5011 825 5072; x_wconf 90' lang='lat' dir='ltr'>sententia</span> <span class='ocrx_word' id='word_1_501' title='bbox 836 5011 1039 5088; x_wconf 88' lang='lat' dir='ltr'>supradicta.</span> <span class='ocrx_word' id='word_1_502' title='bbox 1052 5013 1160 5082; x_wconf 89' lang='lat' dir='ltr'>Quare</span> <span class='ocrx_word' id='word_1_503' title='bbox 1215 5009 1321 5080; x_wconf 90' lang='lat' dir='ltr'>nobis,</span> <span class='ocrx_word' id='word_1_504' title='bbox 1339 5007 1425 5086; x_wconf 88' lang='lat' dir='ltr'>quod</span> <span class='ocrx_word' id='word_1_505' title='bbox 1438 5025 1512 5068; x_wconf 90' lang='lat' dir='ltr'>cum</span> <span class='ocrx_word' id='word_1_506' title='bbox 1525 5008 1720 5085; x_wconf 88' lang='lat' dir='ltr'>quibusdam</span> <span class='ocrx_word' id='word_1_507' title='bbox 1736 5007 1867 5069; x_wconf 88' lang='lat' dir='ltr'>clericis</span> <span class='ocrx_word' id='word_1_508' title='bbox 1878 5012 1987 5068; x_wconf 88' lang='lat' dir='ltr'>annuas</span> 
     </span>
     <span class='ocr_line' id='line_1_71' title="bbox 367 5095 1987 5184; baseline -0.007 -16"><span class='ocrx_word' id='word_1_509' title='bbox 367 5105 510 5184; x_wconf 88' lang='lat' dir='ltr'>petebat,</span> <span class='ocrx_word' id='word_1_510' title='bbox 527 5107 555 5167; x_wconf 88' lang='lat' dir='ltr'>si</span> <span class='ocrx_word' id='word_1_511' title='bbox 571 5107 827 5168; x_wconf 86' lang='lat' dir='ltr'>lorsandelalso</span> <span class='ocrx_word' id='word_1_512' title='bbox 841 5108 1057 5183; x_wconf 91' lang='lat' dir='ltr'>procuratore</span> <span class='ocrx_word' id='word_1_513' title='bbox 1073 5107 1160 5168; x_wconf 87' lang='lat' dir='ltr'>alle·</span> <span class='ocrx_word' id='word_1_514' title='bbox 1216 5105 1447 5168; x_wconf 86' lang='lat' dir='ltr'>concesseritis</span> <span class='ocrx_word' id='word_1_515' title='bbox 1474 5105 1652 5181; x_wconf 89' lang='lat' dir='ltr'>pensiones</span> <span class='ocrx_word' id='word_1_516' title='bbox 1675 5107 1743 5166; x_wconf 87' lang='lat' dir='ltr'>tam</span> <span class='ocrx_word' id='word_1_517' title='bbox 1767 5105 1824 5166; x_wconf 90' lang='lat' dir='ltr'>diu</span> <span class='ocrx_word' id='word_1_518' title='bbox 1848 5105 1907 5165; x_wconf 92' lang='lat' dir='ltr'>sibl</span> <span class='ocrx_word' id='word_1_519' title='bbox 1933 5095 1987 5158; x_wconf 85' lang='lat' dir='ltr'>sol·</span> 
     </span>
     <span class='ocr_line' id='line_1_72' title="bbox 366 5199 1987 5280; baseline -0.004 -16"><span class='ocrx_word' id='word_1_520' title='bbox 366 5205 444 5280; x_wconf 88' lang='lat' dir='ltr'>gato</span> <span class='ocrx_word' id='word_1_521' title='bbox 468 5219 533 5263; x_wconf 94' lang='lat' dir='ltr'>non</span> <span class='ocrx_word' id='word_1_522' title='bbox 561 5205 741 5280; x_wconf 89' lang='lat' dir='ltr'>prodesset,</span> <span class='ocrx_word' id='word_1_523' title='bbox 775 5203 940 5280; x_wconf 89' lang='lat' dir='ltr'>hospitale</span> <span class='ocrx_word' id='word_1_524' title='bbox 974 5204 1083 5280; x_wconf 89' lang='lat' dir='ltr'>ipsum</span> <span class='ocrx_word' id='word_1_525' title='bbox 1119 5205 1160 5265; x_wconf 90' lang='lat' dir='ltr'>ad</span> <span class='ocrx_word' id='word_1_526' title='bbox 1215 5203 1469 5274; x_wconf 74' lang='lat' dir='ltr'>vendasdonec</span> <span class='ocrx_word' id='word_1_527' title='bbox 1490 5203 1539 5262; x_wconf 92' lang='lat' dir='ltr'>eis</span> <span class='ocrx_word' id='word_1_528' title='bbox 1559 5199 1860 5278; x_wconf 84' lang='lat' dir='ltr'>aequivalentiavel</span> <span class='ocrx_word' id='word_1_529' title='bbox 1880 5199 1987 5272; x_wconf 70' lang='lat' dir='ltr'>majora</span> 
     </span>
     <span class='ocr_line' id='line_1_73' title="bbox 367 5297 1985 5378; baseline -0.007 -16"><span class='ocrx_word' id='word_1_530' title='bbox 367 5299 543 5378; x_wconf 86' lang='lat' dir='ltr'>praedictas</span> <span class='ocrx_word' id='word_1_531' title='bbox 558 5302 767 5363; x_wconf 86' lang='lat' dir='ltr'>narrationes</span> <span class='ocrx_word' id='word_1_532' title='bbox 782 5303 816 5362; x_wconf 88' lang='lat' dir='ltr'>et</span> <span class='ocrx_word' id='word_1_533' title='bbox 829 5301 1041 5378; x_wconf 89' lang='lat' dir='ltr'>probationes</span> <span class='ocrx_word' id='word_1_534' title='bbox 1054 5301 1160 5378; x_wconf 86' lang='lat' dir='ltr'>peria</span> <span class='ocrx_word' id='word_1_535' title='bbox 1215 5300 1376 5362; x_wconf 79' lang='lat' dir='ltr'>beneficia</span> <span class='ocrx_word' id='word_1_536' title='bbox 1405 5299 1604 5372; x_wconf 84' lang='lat' dir='ltr'>conteratur,</span> <span class='ocrx_word' id='word_1_537' title='bbox 1630 5300 1709 5360; x_wconf 85' lang='lat' dir='ltr'>licet</span> <span class='ocrx_word' id='word_1_538' title='bbox 1731 5315 1790 5360; x_wconf 87' lang='lat' dir='ltr'>vos</span> <span class='ocrx_word' id='word_1_539' title='bbox 1811 5297 1949 5360; x_wconf 87' lang='lat' dir='ltr'>volentes</span> <span class='ocrx_word' id='word_1_540' title='bbox 1970 5301 1985 5344; x_wconf 80' lang='lat' dir='ltr'>a</span> 
     </span>
     <span class='ocr_line' id='line_1_74' title="bbox 368 5392 1985 5474; baseline -0.002 -18"><span class='ocrx_word' id='word_1_541' title='bbox 368 5397 533 5474; x_wconf 85' lang='lat' dir='ltr'>integrum</span> <span class='ocrx_word' id='word_1_542' title='bbox 551 5398 793 5459; x_wconf 89' lang='lat' dir='ltr'>restitutionem</span> <span class='ocrx_word' id='word_1_543' title='bbox 812 5398 953 5469; x_wconf 86' lang='lat' dir='ltr'>admitti,</span> <span class='ocrx_word' id='word_1_544' title='bbox 975 5398 1161 5474; x_wconf 80' lang='lat' dir='ltr'>praesertim</span> <span class='ocrx_word' id='word_1_545' title='bbox 1216 5399 1380 5459; x_wconf 91' lang='lat' dir='ltr'>solutione</span> <span class='ocrx_word' id='word_1_546' title='bbox 1389 5397 1586 5473; x_wconf 90' lang='lat' dir='ltr'>pensionum</span> <span class='ocrx_word' id='word_1_547' title='bbox 1597 5392 1927 5472; x_wconf 81' lang='lat' dir='ltr'>hujusmodiliberari</span> <span class='ocrx_word' id='word_1_548' title='bbox 1940 5397 1985 5446; x_wconf 72' lang='lat' dir='ltr'>eos</span> 
     </span>
     <span class='ocr_line' id='line_1_75' title="bbox 368 5481 1982 5570; baseline -0.002 -16"><span class='ocrx_word' id='word_1_549' title='bbox 368 5509 442 5554; x_wconf 91' lang='lat' dir='ltr'>cum</span> <span class='ocrx_word' id='word_1_550' title='bbox 458 5509 501 5555; x_wconf 86' lang='lat' dir='ltr'>ex</span> <span class='ocrx_word' id='word_1_551' title='bbox 513 5509 626 5556; x_wconf 87' lang='lat' dir='ltr'>earum</span> <span class='ocrx_word' id='word_1_552' title='bbox 643 5495 823 5557; x_wconf 86' lang='lat' dir='ltr'>omissione</span> <span class='ocrx_word' id='word_1_553' title='bbox 840 5495 884 5556; x_wconf 89' lang='lat' dir='ltr'>sit</span> <span class='ocrx_word' id='word_1_554' title='bbox 900 5495 1081 5557; x_wconf 87' lang='lat' dir='ltr'>enormiter</span> <span class='ocrx_word' id='word_1_555' title='bbox 1102 5495 1162 5556; x_wconf 84' lang='lat' dir='ltr'>lae-</span> <span class='ocrx_word' id='word_1_556' title='bbox 1216 5496 1257 5558; x_wconf 92' lang='lat' dir='ltr'>ad</span> <span class='ocrx_word' id='word_1_557' title='bbox 1268 5495 1421 5556; x_wconf 78' lang='lat' dir='ltr'>vacantia</span> <span class='ocrx_word' id='word_1_558' title='bbox 1436 5493 1608 5562; x_wconf 82' lang='lat' dir='ltr'>beneficia,</span> <span class='ocrx_word' id='word_1_559' title='bbox 1623 5509 1696 5570; x_wconf 84' lang='lat' dir='ltr'>quae</span> <span class='ocrx_word' id='word_1_560' title='bbox 1711 5493 1752 5556; x_wconf 94' lang='lat' dir='ltr'>ad</span> <span class='ocrx_word' id='word_1_561' title='bbox 1762 5481 1982 5570; x_wconf 72' lang='lat' dir='ltr'>vespertilioni</span> 
     </span>
    </p>
   </div>
   <div class='ocr_carea' id='block_1_19' title="bbox 0 0 2125 6372">
    <p class='ocr_par' dir='ltr' id='par_1_22' title="bbox 0 0 2125 6372">
     <span class='ocr_line' id='line_1_76' title="bbox 0 0 2125 6372; baseline 0 0"><span class='ocrx_word' id='word_1_562' title='bbox 0 0 2125 6372; x_wconf 95' lang='lat' dir='ltr'> </span> 
     </span>
    </p>
   </div>
  </div>
 </body>
</html>
