4244 6374
315 265 377 328 583
933 267 1108 328 HONORII
1131 268 1176 328 111
1197 269 1347 330 OPERA.
1903 269 1971 328 584

313 440 413 502 quam
426 424 513 486 idem
537 425 651 486 tulerit
671 425 705 486 in
721 423 863 486 rebelles
878 427 985 487 ratam
999 427 1033 488 et
1049 427 1109 488 fir-
1162 429 1194 488 te
1209 428 1344 504 plenum
1356 429 1517 490 sortiatur
1528 427 1694 498 effectum,
1706 444 1768 489 nec
1780 428 1891 488 minus
1901 427 1969 488 tua

315 537 403 582 mam
418 521 614 582 habebimus
637 523 671 582 et
695 521 857 584 faciamus
879 525 1016 584 auctore
1042 527 1109 585 Do-
1162 525 1271 586 solvat
1281 525 1466 587 liberalitas
1475 525 1970 602 quampromisitimperialem

315 618 404 678 mino
423 619 663 680 inviolabiliter
673 617 858 680 observari.
1162 621 1450 684 mansuetudinem
1464 639 1633 698 rogamus,
1649 638 1821 684 monemus
1832 625 1866 684 et
1879 623 1968 682 bor-

1163 721 1272 780 tamur
1281 721 1760 797 attenteomniadectionequa
1769 735 1964 796 possumus,

1163 819 1327 893 quatenus
1342 818 1532 893 recogitans
1546 817 1804 893 magnanimiter
1823 817 1910 894 quod
1924 817 1967 877 in

616 939 804 1024 CLXXIV
1162 913 1316 975 donando
1331 915 1365 977 et
1386 915 1422 974 in
1446 915 1612 991 parcendo
1636 915 1843 976 immensitas
1867 915 1966 976 tanto

1164 1011 1306 1087 principi
1317 1012 1441 1088 optima
1451 1013 1503 1072 est
1516 1027 1685 1082 mensura,
1695 1012 1819 1074 dictum
1827 1013 1965 1074 comitis

434 1101 485 1160 Act
507 1101 729 1160 amurcam
751 1102 990 1160 Romanorum
1164 1107 1269 1168 tilium
1284 1107 1468 1170 liberaliter
1482 1109 1579 1170 nobis
1594 1109 1735 1180 donans,
1749 1125 1824 1186 eum
1839 1109 1882 1169 ad
1896 1125 1963 1170 nos

580 1198 840 1270 imperatorem·
1162 1205 1313 1266 absolute
1325 1207 1487 1277 remittas,
1502 1207 1579 1284 quia
1593 1207 1752 1283 predicto
1763 1207 1886 1268 comite
1897 1221 1964 1268 nos

508 1333 588 1408 (Sine
600 1343 666 1392 nom
681 1333 911 1408 chronologica.)
1163 1299 1386 1379 fidejussiorie
1401 1303 1587 1378 obligamus
1597 1305 1683 1382 quod
1697 1305 1813 1366 contra
1825 1305 1858 1366 te
1873 1305 1965 1364 nihil

1162 1401 1293 1476 penitus
1308 1401 1493 1472 attentabit,
1510 1401 1567 1462 sed
1580 1417 1753 1478 proposse
1769 1402 1837 1464 tuis
1848 1401 1963 1462 bene-

1163 1497 1294 1572 placitis
1311 1497 1523 1574 obsequetur,
1544 1514 1683 1574 sperans
1698 1499 1786 1575 apud
1800 1501 1834 1560 te
1849 1499 1962 1560 nostri

313 1590 455 1650 Honorius
470 1607 543 1664 papa
566 1591 716 1652 Frederico
730 1595 925 1652 Romanorum
940 1594 1106 1668 imperatori
1161 1595 1306 1656 maxime
1322 1595 1511 1658 interventu
1537 1596 1787 1672 propensiorem
1813 1597 1961 1672 gratiam

346 1680 457 1752 &illiti
471 1681 532 1754 ³8¹²
548 1681 624 1754 ΨΜ
638 1680 675 1738 ⁸⁴¹
693 1683 884 1740 interventum
898 1698 983 1740 'llum
998 1683 1106 1756 (lloge-
1160 1693 1323 1754 invenire.
1338 1696 1458 1754 Preces
1470 1694 1581 1754 autem
1596 1695 1727 1755 nostras
1740 1694 1803 1754 bac
1815 1695 1890 1754 vice
1900 1695 1959 1754 ta·

345 1767 431 1841 rium)
447 1769 581 1868 wfflilfffl
607 1769 774 1870 Fuldflssllffl
794 1770 946 1870 dimiserit»
966 1780 1106 1846 fflsstltllffl
1161 1790 1238 1851 liter
1247 1790 1430 1867 adimpleas
1444 1791 1532 1868 quod
1547 1791 1723 1852 mendaces
1736 1791 1893 1852 ostendas
1909 1791 1960 1851 il-

344 1863 374 1914 ut
387 1857 569 1930 superaddita
581 1866 673 1930 graue
687 1858 775 1916 illrum
789 1859 918 1933 ejusdem
931 1875 1045 1932 quoque
1060 1860 1103 1920 di·
1160 1887 1210 1948 103
1224 1889 1281 1964 qui
1295 1889 1416 1949 exhoc
1430 1891 1547 1950 eontra
1571 1891 1605 1950 te
1630 1889 1836 1950 mendaciter
1860 1903 1960 1948 mur„

345 1944 549 2046 mi‘m’fflfflm
569 1960 620 2018 ΡΝ
633 1944 742 2046 ,θοᾱθω
765 1948 872 2048 mmm.
890 1963 922 2004 ⁸³
937 1947 1106 2021 ⁰b¹i3⁸vem
1161 1985 1303 2051 murant,
1320 1985 1353 2046 et
1367 2000 1429 2046 nos
1440 1985 1665 2047 sinceritatem
1679 1987 1772 2046 tuam
1788 2001 1963 2047 commen-

345 2031 420 2104 (ΨΜ
435 2033 505 2090 ΝΜ
520 2040 617 2091 mmm
631 2047 725 2107 mmm
738 2035 896 2092 menfflbu'
1161 2082 1278 2145 dantes
1293 2082 1327 2142 in
1343 2083 1483 2144 Domino
1506 2083 1628 2144 reddas
1652 2083 1770 2144 merito
1797 2083 1959 2144 laetiores.

405 1466 679 1528 pravitate-arsames,
692 1467 755 1520 nm.
768 1468 887 1534 capram,
901 1469 932 1526 n,
944 1467 1013 1533 nn]

351 2169 518 2230 Honorius
529 2170 714 2246 episcopus,
725 2173 1104 2244 semussemorumoei,

310 2264 486 2326 Frederico
500 2269 723 2328 Romanorum
739 2267 944 2344 imperatori,
964 2269 1105 2332 salutem

308 2361 342 2423 et
355 2362 578 2438 apostolicam
587 2362 862 2426 benedictionem.
1475 2387 1643 2474 CLXXV

350 2459 518 2536 imperiali
528 2462 775 2523 mansuetudini
787 2464 972 2538 gratiarum
986 2464 1105 2540 dignas

309 2555 484 2618 referimus
497 2557 645 2620 actiones
660 2560 747 2637 quod
759 2560 915 2622 dilectum
929 2561 1033 2622 filium
1049 2578 1106 2624 no-
1329 2541 1379 2598 ’Μ
1392 2539 1581 2611 capitulum
1595 2543 1795 2600 Eremm-

309 2652 408 2716 bilem
424 2656 570 2716 virum...
588 2657 741 2720 comitem
756 2659 953 2720 Fundanum
964 2675 1024 2736 pro
1039 2676 1105 2736 quo
1449 2669 1463 2725 l
1477 2669 1575 2741 aprilis
1590 2669 1670 2726 lttl.

312 2752 502 2830 specialiter
517 2755 550 2816 ot
575 2755 742 2832 praecipue
765 2756 958 2832 magistrum
974 2757 1104 2820 Roftri-
1238 2789 1422 2856 [ceppenberg
1439 2793 1575 2856 dasburg.
1588 2793 1645 2852 mm
1659 2793 1679 2850 1,
1694 2791 1749 2851 ,ω’
1769 2805 1796 2842 ῃ,
1809 2791 1877 2856 trs]

309 2848 385 2910 dum
402 2849 600 2912 familiarem
623 2856 773 2914 nostrum
793 2854 834 2914 ad
849 2855 882 2915 te
906 2870 980 2915 cum
1002 2856 1105 2916 multa

309 2947 430 3008 fiducia
450 2948 704 3018 destinavimus,
718 2950 760 3011 ad
783 2954 931 3013 nostram
951 2967 1103 3028 praeseu·

307 3044 390 3104 tiam
412 3046 582 3107 remisisti.
598 3049 721 3107 Verum
737 3047 766 3108 si
786 3049 843 3108 tua
862 3049 1106 3110 rememinisset

309 3141 473 3204 serenitas
502 3158 575 3203 cum
605 3145 729 3221 quanto
756 3145 877 3207 affectu
916 3147 1105 3223 quantaque
1200 3141 1873 3218 Honoriusepiscopus,servusservorum
1882 3142 1955 3212 Dei,

308 3237 470 3301 instantia
488 3240 520 3300 te
536 3240 762 3316 quampluries
778 3257 844 3302 nou
862 3241 969 3303 solum
984 3243 1105 3304 litteris
1160 3238 1290 3299 dilectis
1306 3238 1395 3310 filiis,
1412 3240 1557 3315 capitulo
1570 3241 1755 3312 Bremensi,
1771 3239 1956 3300 salutemet

308 3334 365 3394 sed
378 3335 455 3396 viva
465 3351 546 3398 voce
561 3352 621 3413 pro
633 3337 706 3413 ipso
721 3339 923 3414 rogavimus,
936 3340 969 3401 et
982 3343 1106 3417 quanta
1160 3335 1383 3412 Apostolicam
1397 3336 1673 3398 benedictionem.

309 3431 550 3508 pollicitatione
565 3435 598 3494 te
619 3435 743 3498 nostris
767 3435 921 3511 precibus
945 3439 1105 3499 annuisse
1200 3435 1246 3493 Ea
1261 3448 1334 3509 quae
1349 3448 1409 3508 pro
1423 3432 1640 3495 ecclesiarum
1658 3431 1901 3512 tranquillitate
1922 3435 1958 3494 et

308 3543 399 3608 spem
429 3528 570 3601 dederis,
601 3545 810 3609 nequaquam
844 3531 958 3594 forsan
987 3537 1104 3597 contra
1160 3545 1243 3607 pace
1264 3531 1400 3606 provide
1421 3532 1623 3604 statuuntur,
1646 3532 1836 3610 Apostolico
1861 3530 1957 3592 decet

308 3625 417 3704 ipsum
433 3625 467 3686 in
488 3627 600 3704 aliquo
615 3629 846 3704 processisses,
865 3631 922 3692 sed
935 3647 1011 3692 eum
1024 3649 1104 3710 spe·
1161 3628 1343 3688 munimine
1364 3627 1528 3700 roborari,
1547 3645 1590 3690 no
1613 3645 1770 3707 processu
1795 3628 1956 3705 temporis

308 3722 440 3786 cialiter
460 3727 573 3787 nostro
600 3725 801 3788 honorasses
826 3727 978 3801 obtentu;
1004 3732 1038 3792 et
1056 3731 1105 3792 sic
1160 3725 1195 3786 in
1234 3725 1412 3788 oblivionis
1444 3726 1614 3788 interitum
1652 3727 1706 3788 vel
1738 3725 1956 3789 dubitationis

309 3820 393 3884 falsa
409 3825 496 3883 esset
515 3823 733 3899 quorumdam
748 3825 861 3901 opinio
883 3828 1105 3890 asserentium
1161 3822 1354 3899 scrupulum
1375 3822 1576 3885 dilabantur.
1595 3827 1682 3885 Sane
1703 3825 1819 3900 petitio
1842 3824 1955 3885 vestra

308 3919 394 3998 quod
410 3919 451 3980 ad
467 3920 530 3982 hoc
545 3921 652 3998 ipsum
669 3921 788 3984 feceris
801 3923 944 3985 detineri
958 3925 995 3985 ut
1010 3923 1105 3986 nobis
1161 3919 1257 3980 nobis
1269 3919 1418 3981 exhibita
1432 3921 1633 3994 continebat,
1650 3921 1736 3998 quod
1750 3937 1850 3998 quum
1865 3936 1953 3982 cau-

308 4015 451 4078 donares
465 4017 627 4080 eumdem.
642 4020 805 4081 Gaeterum
817 4036 858 4082 ne
871 4019 1105 4084 liberalitatem
1161 4032 1232 4077 sam
1247 4033 1332 4093 quae,
1346 4017 1435 4080 inter
1446 4034 1506 4080 vos
1526 4020 1677 4094 exparte
1695 4033 1762 4079 una
1777 4019 1810 4081 et
1824 4017 1957 4094 capitu-

309 4115 400 4176 tuam
416 4115 657 4191 quaestionibus
682 4117 890 4194 impugnare,
912 4119 970 4179 sed
996 4119 1106 4196 potius
1161 4113 1228 4174 lum
1239 4114 1390 4176 ecclesias
1403 4115 1664 4191 Hamburgensis
1676 4133 1719 4176 er
1728 4115 1845 4188 altera,
1855 4131 1956 4193 super

309 4211 542 4272 commendare
558 4212 711 4288 precibus
726 4212 931 4287 deberemus,
944 4216 1106 4278 vellemus
1156 4215 1234 4289 jure
1255 4211 1400 4288 eligendi
1415 4215 1583 4290 pastorem
1604 4214 1639 4273 in
1659 4214 1832 4276 Bremensi
1847 4213 1956 4274 eccle-

310 4307 346 4368 ut
368 4307 558 4384 prudenter,
580 4310 665 4371 sicut
689 4309 793 4382 decet,
820 4312 993 4374 attendens
1019 4314 1105 4390 quod
1162 4309 1212 4370 sia
1227 4309 1260 4370 et
1281 4309 1357 4370 aliis
1380 4309 1479 4371 rebus
1502 4310 1705 4384 vertebatur,
1722 4311 1764 4372 ab
1783 4309 1956 4371 audientia

310 4403 460 4465 Christus
489 4419 554 4466 non
579 4405 763 4480 dimidium,
788 4408 845 4469 ssd
864 4410 968 4472 totum
997 4410 1106 4472 bomi-
1161 4407 1329 4469 scolastici
1345 4407 1578 4468 ildesemensis
1591 4409 1624 4470 et
1643 4408 1855 4486 conjudicum
1869 4411 1953 4485 ejus,

309 4517 383 4562 nem
409 4501 538 4562 salvum
558 4501 647 4575 fecit,
668 4504 701 4566 et
715 4505 891 4567 advertens
915 4507 1002 4585 quod
1025 4523 1105 4584 pro·
1161 4503 1275 4581 quiex
1296 4504 1504 4580 delegatione
1524 4509 1638 4567 nostra
1653 4506 1896 4582 cognoscebant
1914 4503 1956 4564 de

308 4599 391 4678 prta
406 4598 618 4664 liberalitatis
628 4604 679 4665 est
691 4603 861 4679 proprium
875 4605 971 4680 plura
986 4620 1106 4667 eonce-
1161 4601 1245 4677 ipsa,
1259 4601 1300 4662 ad
1319 4618 1381 4662 nos
1403 4618 1462 4678 per
1476 4603 1732 4680 appellationem
1752 4603 1953 4675 devolutam,

308 4699 498 4775 dorequam
514 4703 660 4775 rogetur,
689 4715 729 4761 eo
752 4701 838 4778 quod
858 4703 1041 4780 semiplena
1056 4708 1107 4764 est
1161 4681 1441 4760 commisissemus
1462 4701 1641 4777 praeposito
1671 4702 1785 4763 Sancti
1806 4701 1903 4762 Pauli
1923 4702 1957 4762 et

308 4796 416 4872 gratia
433 4797 487 4858 cui
503 4796 628 4874 aliquid
643 4813 709 4859 non
724 4798 892 4874 adjicitur,
907 4801 949 4862 ad
964 4799 1107 4862 nosdic·
1161 4797 1231 4858 suis
1268 4797 1497 4873 conjudicibus
1535 4797 1789 4871 terminandam,
1821 4799 1955 4861 tandem

307 4897 377 4954 tum
404 4894 557 4958 comitem
584 4896 688 4956 totum
724 4895 864 4958 liberum
899 4897 1103 4972 remisisses;
1161 4894 1381 4956 mediantibus
1404 4894 1487 4971 ipsis
1511 4895 1547 4956 in
1571 4896 1796 4957 venerabilem
1818 4895 1955 4959 fratrem

309 4991 385 5070 quia
402 5008 475 5052 cum
498 4991 727 5070 fictionejuris
742 4994 881 5070 pateret
896 4994 984 5056 filius
1006 4993 1106 5055 intel·
1160 4993 1321 5065 nostrum,
1354 4995 1567 5054 Bremsnsem
1597 4993 1895 5072 archiepiscopum,
1923 4995 1958 5056 et

1159 2917 1401 2988 compromissum
1420 2933 1506 2990 super
1526 2918 1591 2991 jure
1613 2918 1740 2992 eligendi
1761 2925 1905 2991 pastorem
1927 2918 1957 2974 in

1213 3006 1359 3064 Bremensi
1375 3007 1496 3064 ecclesia
1515 3015 1544 3063 et
1561 3008 1624 3065 aliis
1638 3008 1723 3066 rebus
1740 3007 1900 3065 confirmat.

309 5087 700 5167 liganturunapersona,
715 5094 1037 5169 nequaquamtotum
1053 5092 1106 5168 ip·
1160 5091 1305 5167 collegas
1334 5094 1406 5167 ejus
1432 5090 1495 5153 fuit
1522 5091 1718 5168 apartibus
1744 5093 1957 5170 compromis-

308 5201 380 5247 sum
394 5186 523 5248 retento
537 5187 605 5249 illio
620 5203 680 5250 suo
698 5188 793 5250 nobis
807 5189 992 5250 reddidisse
1007 5189 1103 5251 vide-
1160 5203 1244 5260 sum,
1266 5204 1406 5265 quorum
1433 5188 1606 5251 arbitrium
1635 5192 1748 5266 partes
1769 5189 1851 5267 ipsae
1875 5205 1959 5250 con·

308 5283 367 5356 ris,
378 5283 564 5362 praesertim
576 5301 674 5361 quum
685 5301 921 5364 nonnunquam
933 5285 1104 5348 nobiscum
1160 5286 1305 5348 corditer
1319 5285 1526 5364 receperunt.
1542 5287 1609 5347 Nos
1629 5286 1732 5362 igitur
1742 5287 1863 5348 vestris
1878 5301 1958 5363 pre-

309 5381 431 5442 atfectu
446 5380 593 5442 naturali
619 5381 766 5455 fallente,
791 5385 885 5460 pater
904 5401 970 5445 non
994 5385 1104 5446 minus
1160 5384 1253 5445 cibus
1275 5383 1439 5456 inclinati,
1454 5383 1629 5444 arbitrium
1653 5385 1774 5460 ipsum,
1797 5385 1884 5446 sicut
1905 5385 1959 5445 est

308 5477 343 5538 in
360 5477 429 5538 tilio
454 5493 552 5556 quam
576 5478 612 5539 in
637 5479 745 5556 seipso
771 5481 876 5544 soleat
890 5481 1045 5543 cruciari.
1062 5483 1105 5544 Ut
1160 5497 1300 5558 aequum,
1318 5482 1352 5542 et
1368 5481 1484 5557 sponte
1498 5480 1540 5541 ab
1566 5483 1708 5558 utraque
1723 5483 1818 5557 parte
1832 5497 1955 5558 recep-

310 5573 411 5652 igitur
422 5575 660 5640 totinculcatio
671 5593 806 5663 precum
817 5580 1006 5642 nostrarum
1017 5579 1104 5656 apud
1159 5580 1239 5650 tum,
1264 5579 1297 5640 et
1313 5578 1348 5638 in
1366 5579 1513 5654 ipsorum
1529 5578 1730 5640 arbitrorum
1746 5578 1867 5640 litteris
1878 5578 1956 5655 ple-
