4258 6394
326 203 386 266 487

324 362 525 426 Tolosanum
541 363 694 424 comitem
706 362 740 424 et
753 360 860 424 illlum
871 362 944 438 ejus
965 375 1041 423 cum
1053 373 1115 421 eo-

324 475 399 522 rum
409 459 594 522 fautoribus
608 460 732 521 dudum
742 457 1114 528 excommunicavimus,

324 571 386 618 nec
399 557 440 618 ad
451 557 726 627 emendationem,
743 556 822 616 licet
840 555 982 630 benigne
998 555 1116 615 admo-

325 655 399 725 niti,
424 656 647 725 revertuntur,
676 653 733 714 sed
755 652 994 714 contumaciter
1007 651 1041 712 in
1056 665 1116 710 sua

326 751 455 813 malitia
502 750 728 828 perseverant.
768 749 983 810 venerabiles
1037 762 1117 809 vero

248 875 250 880 v
324 849 445 909 fratres
465 849 597 910 nostros
616 847 903 924 archiepiscopum
929 846 1119 907 Bituricen-

323 962 393 1007 sem
410 945 469 1024 (1),
486 947 519 1008 et
544 947 786 1021 lingonensem
814 943 862 1023 (2)
889 944 922 1006 et
944 945 1118 1004 Silvanec-

325 1043 454 1104 tensem
479 1040 526 1121 (3)
551 1043 735 1118 episcopos,
763 1041 821 1118 qui
850 1040 890 1101 de
924 1042 982 1101 tuo
1013 1053 1120 1115 regno

326 1141 476 1202 exIstunt
490 1142 522 1200 et
533 1139 594 1201 tibi
609 1138 809 1201 favorabiles
825 1136 989 1199 credimus
1005 1137 1038 1198 et
1055 1137 1119 1196 de·

325 1237 431 1309 votos,
445 1237 477 1298 et
486 1238 535 1298 tui
546 1253 612 1297 non
624 1235 812 1297 dubitamus
823 1235 961 1296 honoris
974 1234 1118 1294 existere

324 1334 497 1405 zelatores,
515 1333 706 1410 specialiter
720 1334 855 1410 propter
877 1332 941 1392 boc
956 1331 997 1392 ad
1025 1332 1118 1392 tuam

325 1431 482 1494 duximus
507 1431 717 1508 praesentiam
745 1429 959 1491 destinandos
974 1449 982 1488 ε
997 1427 1119 1505 quibus

325 1529 423 1592 solita
452 1528 656 1603 benignitate
685 1527 858 1603 susceptis,
887 1524 1032 1586 oblatam
1052 1524 1116 1588 tibi

323 1641 383 1704 per
394 1641 451 1688 eos
466 1625 584 1703 quibus
597 1627 633 1686 in
647 1623 771 1686 virtute
785 1623 984 1685 obedientiae
999 1623 1120 1700 hujus-

262 1789 264 1798 ,
324 1723 414 1786 modi
429 1739 512 1785 onus
525 1723 743 1799 injunximus,
754 1721 904 1782 nostram
916 1721 948 1782 et
961 1719 1119 1782 Ecclesiae

325 1822 518 1899 petitionem
541 1822 609 1882 tam
634 1818 869 1889 necessariam,
892 1817 1072 1878 affectuose
1087 1817 1120 1878 et

326 1919 504 1980 efficaciter
526 1917 660 1978 studeas
683 1915 854 1976 exaudire.
881 1916 1000 1974 Datum
1021 1915 1121 1976 Late-

326 2016 413 2086 rani,
425 2017 500 2074 XlX
515 2013 582 2076 kal.
596 2013 758 2090 januarii,
782 2011 995 2089 pontificatus
1014 2011 1119 2073 nostri

326 2111 414 2174 antio
426 2113 554 2174 octavo.

640 2437 806 2528 LXVIII

353 2593 406 2656 Ad
418 2593 605 2663 sunonem,
621 2593 877 2653 Bituricecsem
890 2591 1092 2664 archieptsc.

588 2731 621 2790 lt
633 2729 762 2789 decemb.
777 2727 859 2788 'litu

342 2865 476 2932 [bouquet
491 2864 549 2916 uec.
565 2863 610 2913 des
620 2864 693 2922 ilist,
703 2861 838 3008 llllaintb
853 2861 964 2926 begeat,
980 2859 1025 2912 lib.
1036 2859 1103 2920 Vlll,

666 2956 705 3006 ep.
766 2979 771 2992 .

185 3077 200 3093 ‘
327 3059 445 3120 blandai
458 3067 489 3116 ut
503 3058 539 3116 ad
553 3073 625 3130 opus
639 3056 714 3126 fidel,
731 3058 898 3115 vicesimam
912 3056 997 3129 buius
1010 3055 1078 3114 anni
1090 3056 1119 3114 in

381 3147 527 3222 provincie
543 3145 710 3204 bituricensi
725 3153 754 3202 et
767 3145 924 3203 Turonensi
939 3145 1065 3218 colligat.

367 3290 536 3353 Honorius
560 3289 786 3367 episcopus...‚
808 3287 994 3350 venerabili
1022 3287 1119 3350 fratri

328 3387 578 3464 archiepiscopo
594 3385 793 3447 Bituricensi
818 3383 959 3466 [Simoni
986 3385 1026 3447 de
1056 3388 1120 3446 Su-

328 3482 428 3566 liaco]
445 3483 598 3556 salutem,
611 3484 672 3545 etc.

368 3581 524 3644 volentes
540 3583 577 3644 ut
589 3582 758 3656 negotium
772 3578 865 3657 pacis
877 3580 910 3641 et
924 3579 1012 3653 fidei,
1033 3580 1118 3657 quod

326 3681 363 3743 in
376 3679 525 3758 partibus
536 3678 775 3754 albigensium,
786 3677 995 3752 exigentibus
1005 3677 1119 3754 populi

326 3777 501 3842 christiani
514 3777 671 3854 peccatis
685 3775 921 3836 miserabiliter
936 3776 987 3837 est
998 3775 1120 3852 collap-

324 3893 409 3948 sum,
426 3876 459 3938 et
474 3875 515 3936 ad
542 3877 636 3952 cujus
658 3873 896 3935 relevationem
922 3873 1064 3934 sollicite
1086 3875 1118 3936 et

325 3975 505 4051 diligenter
522 3971 737 4042 intendimus,
763 3971 897 4032 interim
913 3971 1023 4032 valeat
1038 3987 1115 4031 sus-

323 4071 436 4142 tineri,
446 4067 646 4131 fraternitati
654 4068 720 4129 tuae
731 4067 1117 4145 perApcstolicaseripta

325 4164 1117 4247 praecipiendomandarimus,qnatenusadopus

325 4265 477 4343 praedicti
490 4261 614 4337 negotii
629 4261 822 4322 vicesimam
833 4261 932 4338 hujus
948 4263 1027 4322 anni
1041 4265 1073 4322 et
1089 4263 1118 4322 si

326 4361 405 4440 quid
418 4359 522 4422 restat
535 4359 576 4420 de
592 4358 740 4436 proxime
756 4357 915 4436 praeteriti
932 4359 1012 4419 anni
1027 4359 1120 4420 vice-

327 4461 412 4522 sima
425 4455 647 4533 colligendum
658 4470 716 4532 per
727 4457 818 4518 tuam
829 4455 998 4517 dioecesim
1008 4458 1041 4518 et
1052 4457 1119 4517 'lu-

326 4571 504 4620 ronensem
518 4553 735 4630 provinciam,
750 4553 822 4614 sine
835 4568 936 4615 morae
947 4553 1118 4630 dispendio

326 4653 460 4718 studeas
476 4650 635 4727 colligere
649 4649 836 4726 diligenter,
858 4649 1119 4712 contradictores

327 4764 579 4831 percensuram
603 4747 875 4819 ecclesiasticam,
897 4746 1119 4823 appellatione

326 4848 520 4927 postposita,
535 4843 784 4923 compescendo.
806 4845 924 4904 Datum
949 4843 1117 4916 Laterani,

326 4949 433 5009 XVlll
461 4945 529 5006 kal.
560 4941 722 5021 januarii,
764 4939 977 5016 pontificatus
1012 4941 1119 5002 nostri

327 5059 415 5106 anno
429 5045 558 5105 octavo.

366 5181 613 5258 scriptumest
639 5183 676 5242 ta
704 5181 862 5240 eumdem
889 5180 1028 5240 modum
1054 5181 1121 5241 Re·

326 5281 434 5346 mensi
445 5277 695 5355 archiepiscopo
707 5275 748 5338 de
758 5277 830 5352 ejus
840 5277 874 5336 et
885 5275 1119 5351 Rotomagensi

328 5376 522 5458 provinciis,
539 5377 601 5436 etc.

944 197 1119 260 HONORII
1142 199 1186 259 III
1207 201 1354 262 OPERA.

1905 199 2089 262 488*

1210 361 1254 420 ln
1279 359 1437 421 summ
1456 357 1596 419 modum
1621 357 1805 419 senonensi
1826 354 1965 419 archie-

1172 455 1319 532 piscopo.

1507 675 1630 764 LXIX

1173 828 1224 888 Ad
1237 827 1357 888 Sancti
1376 829 1522 888 Victoris
1542 830 1760 888 Parieteaats
1776 829 1810 889 et
1828 830 1970 890 Sarwtoe

1310 927 1438 985 Martae
1451 927 1493 985 de
1512 927 1659 986 Vatibus
1676 926 1824 986 etiaim.

1431 1053 1464 1110 lb
1476 1045 1608 1111 decemb.
1626 1053 1706 1111 lixa.

1203 1175 1339 1242 [bouquet
1351 1178 1411 1229 liec.
1422 1177 1467 1228 des
1479 1175 1541 1227 llist.
1551 1177 1687 1322 xut,]7ia.
1700 1179 1809 1241 liegest,
1821 1175 1866 1229 lib.
1874 1179 1941 1238 VIII,

1506 1269 1547 1322 ep.
1566 1257 1619 1306 luo.

1176 1371 1299 1446 Negotio
1327 1369 1464 1430 adversus
1490 1371 1662 1446 albigenses
1688 1372 1825 1446 collapso,
1849 1374 1971 1434 mandat

1210 1459 1353 1518 Honorius
1366 1467 1398 1518 ut
1421 1459 1456 1517 ad
1472 1458 1637 1518 solverdam
1652 1461 1823 1534 vigesimam
1842 1463 1966 1535 adigan-

1209 1557 1254 1606 tur
1268 1549 1394 1622 exempti
1418 1550 1447 1606 in
1464 1549 1619 1620 provinciis
1638 1551 1806 1616 senonensi,
1831 1549 1969 1610 ilemensi

1211 1651 1245 1694 ac
1260 1637 1465 1710 Rotomagensi
1480 1637 1634 1696 constituti.

1214 1772 1383 1835 Honorius
1394 1772 1967 1852 episcopus...,dilectisfiliisSancti

1175 1869 1319 1932 Victorii
1331 1871 1544 1944 Parisiensis,
1560 1873 1689 1942 Sanctae
1702 1872 1817 1934 Mariae
1831 1872 1871 1936 de
1885 1873 1972 1934 Val-

1174 1966 1278 2040 libus,
1313 1968 1541 2030 Cisterciensis
1555 2003 1560 2016 ·
1575 1968 1719 2042 ordinis,
1753 1970 1970 2032 carnotensis

1173 2064 1339 2136 dioecesis,
1355 2065 1508 2137 salutem,
1524 2067 1587 2128 etc.

1215 2160 1363 2223 Sollicite
1377 2161 1587 2224 intendentes
1600 2161 1639 2224 ad
1653 2162 1890 2226 relevationem
1901 2179 1969 2226 ne-

1173 2258 1256 2334 gotii
1282 2258 1368 2337 quod
1390 2259 1427 2320 in
1454 2259 1604 2334 partibus
1627 2259 1873 2336 albigensibus,
1890 2262 1969 2322 exi·

1173 2355 1329 2430 gentibus
1344 2355 1458 2434 populi
1480 2355 1656 2419 cbrIstiani
1681 2358 1837 2433 peccatis,
1863 2357 1969 2446 mise-
2008 2340 2026 2352 “

1174 2447 1325 2511 rabiliter
1344 2449 1396 2512 est
1414 2450 1608 2526 collapsum,
1636 2450 1828 2514 discretioni
1846 2455 1969 2514 vestrm

1174 2561 1233 2623 per
1247 2547 1438 2623 apostoliea
1449 2546 1573 2624 scripta
1583 2546 1791 2621 mandamus,
1803 2551 1969 2626 quatenus

1174 2641 1215 2702 ad
1230 2659 1313 2719 opus
1327 2643 1478 2720 praedicti
1491 2645 1616 2719 negotii
1630 2645 1828 2708 auctoritate
1838 2647 1965 2720 nostra,

1174 2740 1325 2802 cessante
1344 2740 1577 2818 appellatione,
1598 2743 1724 2816 cogatis
1747 2743 1916 2820 exemplos
1930 2743 1966 2803 in

1176 2837 1358 2898 senonensi
1371 2839 1543 2914 provincia
1559 2839 1755 2900 constitutos
1767 2839 1808 2900 ad
1824 2839 1969 2902 solutio·

1174 2948 1251 2994 nem
1279 2933 1447 2996 vicesimae
1474 2935 1555 2996 anni
1580 2935 1731 3012 proxime
1750 2936 1911 3012 praeteriti
1934 2937 1968 2999 et

1174 3032 1357 3108 praesentis.
1383 3032 1502 3094 Datum
1516 3031 1684 3106 Laterani,
1700 3035 1807 3096 XVlll
1822 3033 1890 3094 kal.
1909 3035 1969 3111 ja-

1174 3129 1297 3202 nuarii,
1314 3129 1524 3206 pontificatus
1539 3129 1645 3192 nostri
1657 3145 1746 3192 anuo
1761 3131 1889 3193 octavo.

1214 3254 1257 3313 ln
1270 3257 1427 3314 eumdem
1442 3257 1582 3316 modum
1601 3256 1834 3328 scriptumest
1852 3254 1967 3317 abbati

1174 3351 1208 3411 et
1231 3350 1335 3426 priori
1358 3351 1470 3412 Sancti
1486 3351 1585 3427 Eligii
1606 3352 1853 3424 Noviomensis,
1875 3350 1967 3414 circa

1174 3448 1344 3524 exemptos
1358 3447 1392 3508 in
1404 3449 1561 3510 Remensi
1573 3449 1606 3510 et
1617 3449 1874 3525 Rothomagensi
1888 3465 1969 3528 pro-

1174 3544 1294 3606 vinciis
1309 3545 1517 3618 constitutos,
1536 3546 1597 3607 etc.

1350 4010 1403 4072 Aa
1422 3961 1619 4084 episcopum
1639 4011 1784 4070 Metdeu.

1434 4147 1467 4203 ltt
1478 4145 1607 4204 decemb.
1621 4147 1699 4206 122³.

1189 4269 1307 4334 [Regest.,
1321 4268 1366 4322 lib.
1380 4269 1446 4330 VIII,
1455 4267 1527 4335 epist.
1540 4270 1593 4322 tec.
1607 4269 1664 4322 biss.
1678 4271 1713 4322 La
1722 4271 1797 4321 Porta
1808 4271 1842 4322 du
1857 4267 1951 4338 rutil]

1173 4396 1206 4452 Ei
1227 4393 1356 4468 Indulget
1372 4401 1412 4464 ut,
1429 4409 1492 4468 quoe
1509 4395 1694 4453 correctionis
1706 4409 1740 4454 ac
1757 4393 1968 4454 reformationis

1208 4481 1302 4539 officio
1323 4483 1434 4540 noverit
1453 4482 1593 4558 indigere,
1609 4483 1697 4540 libere
1712 4484 1857 4556 corrigere
1870 4499 1904 4542 ac
1918 4498 1964 4540 re·

1209 4568 1331 4627 formare
1348 4571 1451 4628 valeat.

1212 4695 1393 4769 Honorius,
1414 4696 1489 4767 etc,
1513 4696 1697 4758 venerabili
1719 4695 1856 4759 fratri...
1873 4697 1965 4772 epis-

1173 4808 1255 4870 copo
1268 4792 1424 4864 Melden.,
1438 4793 1578 4854 salutem
1589 4794 1622 4855 et
1631 4793 1857 4870 apostoticam
1866 4793 1967 4856 bene·

1174 4889 1361 4951 dictionem.

1214 4987 1282 5049 Etsi
1302 4986 1342 5047 ad
1366 4987 1580 5062 corrigendos
1603 4987 1736 5049 tuorum
1759 4985 1965 5049 subditorum
2025 4965 2033 4984 ⁸

1173 5097 1333 5146 excessus
1348 5084 1429 5146 satis
1439 5083 1621 5146 auctoritas
1636 5083 1809 5145 ordinaria
1819 5082 1880 5145 tibi
1896 5084 1967 5144 suf-

1174 5181 1274 5254 ficiat,
1293 5182 1331 5243 ut
1353 5181 1466 5242 minen
1485 5180 1624 5259 adjectae
1650 5177 1823 5256 potestatis
1850 5179 1966 5256 vigore

1173 5277 1328 5340 suffultus
1341 5276 1559 5339 confidentius
1572 5277 1612 5338 ad
1628 5277 1867 5339 correctionem
1884 5292 1966 5354 pro-

1173 5375 1291 5437 cedere
1305 5374 1429 5448 valeaS,
1446 5375 1479 5438 et
1494 5390 1669 5451 processus
1689 5376 1767 5436 tuus
1791 5375 1826 5436 in
1847 5375 1968 5452 hujus-

362 5511 403 5586 (ι)
421 5506 611 5570 slmon'emde
628 5506 749 5564 Suliaco.
790 5500 830 5578 (i)
848 5507 999 5578 Hugonern
1020 5505 1056 5564 de
1075 5507 1272 5580 llonteregalt.
1313 5505 1353 5576 (3)
1371 5507 1516 5565 (larinum.
