4262 6382
98 291 172 352 745

100 449 216 510 vobis
233 449 470 521 successerint,
487 448 521 512 31
544 447 673 510 11111313
691 445 919 524 permaneant.

101 547 147 605 In
178 547 309 624 quibus
338 547 410 610 haec
444 545 590 624 propriis
621 543 777 606 duximus
803 543 919 620 expri-

101 641 246 703 menda
259 641 439 704 vocabulis.
456 643 578 702 Locum
589 639 698 722 ipsum
710 638 744 698 in
755 653 820 714 quo
834 653 922 713 3333-

103 735 229 798 fatum
243 738 481 799 monasterium
493 737 592 797 situm
607 737 668 806 cst,
682 751 756 796 curn
769 733 920 796 omnibus

104 835 338 908 pertinentiis
365 835 445 895 suis.
472 833 723 904 possessiones,
751 832 865 892 domos
889 832 923 891 31

104 931 234 992 133333
251 948 333 1009 quas
357 931 486 992 habetis
508 930 542 990 in
560 928 681 1006 oppido
705 926 862 1005 Aquensi,
885 928 921 988 in

87 1027 246 1104 -vylen,
268 1029 302 1088 in
314 1031 436 1105 Epene,
455 1028 491 1088 in
506 1028 642 1097 Kutten,
659 1025 692 1086 et
706 1025 746 1086 ad
764 1025 919 1086 Sanctum

106 1125 305 1186 Andream.
322 1124 566 1194 Possessiones,
587 1125 696 1184 terras
719 1122 752 1182 31
774 1121 921 1182 redditus

107 1233 207 1296 quos
233 1219 362 1281 hahetis
380 1219 414 1279 in
431 1217 662 1288 Steinstraten,
679 1215 712 1276 in
730 1215 874 1286 Sleiden,
886 1215 921 1274 in

107 1314 307 1384 Kaeretioh,
322 1314 356 1374 in
378 1311 592 1383 Adenbcven,
615 1311 651 1370 in
666 1310 813 1384 Sintege,
838 1308 921 1370 etin

108 1410 303 1487 Bopardia,
322 1426 397 1471 cum
413 1409 531 1487 pratis,
546 1408 666 1479 vineis,
683 1405 922 1473 1333133333-

109 1507 232 1588 ribus,
247 1507 399 1584 usuagiis
409 1507 441 1568 et
451 1505 594 1582 pascuis,
609 1505 644 1565 in
654 1503 754 1564 bosco
767 1503 800 1564 et
810 1501 919 1578 plano,

110 1605 152 1682 in
172 1606 277 1682 aquis
292 1606 325 1666 et
339 1602 549 1672 molendinis,
560 1603 595 1662 in
614 1601 680 1663 viis
693 1602 726 1663 31
744 1599 872 1660 3331113
890 1599 923 1660 31

112 1701 282 1764 omnibus
297 1701 374 1762 aliis
390 1699 599 1760 libertatibus
614 1699 647 1759 et
658 1694 922 1758 immunitatibus

112 1799 208 1860 suis.
228 1801 314 1860 Sane
324 1797 475 1858 laborum
487 1797 673 1857 vestrorum
687 1795 727 1854 de
743 1794 923 1870 possessio-

114 1895 228 1957 nibus
245 1895 368 1956 hahitis
381 1895 458 1956 ante
468 1893 651 1954 Concilium
664 1889 832 1966 generale,
850 1890 922 1950 3133

114 1994 229 2054 etiarn
243 1992 423 2064 novalium,
440 2005 513 2067 quae
532 1988 679 2066 propriis
697 1986 850 2050 manibus
865 1986 923 2047 aut

115 2088 314 2167 sumptibus
341 2088 471 2160 3311113,
499 2087 540 2147 de
563 2086 685 2158 hortis,
711 2085 866 2160 virgultis
890 2085 924 2144 et

116 2185 369 2264 piscationibus
397 2184 538 2256 vestris,
572 2183 625 2244 vel
650 2183 690 2243 de
710 2181 922 2244 nutrimentis

115 2285 326 2346 animalium
345 2284 544 2353 vestrorum,
561 2281 673 2342 nullus
689 2295 708 2340 3
722 2279 817 2342 33113
838 2279 923 2340 deci-

117 2397 199 2444 mas
222 2381 357 2456 exigere
369 2381 423 2442 vel
442 2381 641 2455 extorquere
657 2378 847 2454 praesumat.
872 2377 923 2436 Li·

117 2479 202 2540 ceat
217 2491 347 2554 quoque
361 2475 455 2539 vobis
471 2489 630 2552 personas
645 2472 767 2534 liberas
783 2473 816 2534 31
830 2472 923 2534 abso·

118 2577 218 2636 lutas
238 2590 256 2634 3
280 2573 403 2634 saeculo
425 2572 589 2648 fugientes
609 2571 650 2631 ad
671 2569 921 2639 conversionem

118 2673 290 2749 recipere,
312 2671 346 2732 et
359 2685 416 2732 eas
438 2669 561 2747 absque
576 2667 839 2730 contradictione
850 2667 921 2727 311-

119 2786 192 2847 qua
206 2769 364 2831 retinere.
382 2766 600 2829 Prohibemus
614 2766 762 2840 insuper,
784 2766 820 2825 ut
838 2764 922 2825 nulli

120 2882 282 2928 sororum
297 2868 494 2935 vestrarum,
517 2864 591 2940 post
606 2862 725 2923 factam
741 2861 923 2923 1333333-

119 2965 216 3026 terio
231 2965 342 3025 vestro
357 2960 608 3038 professionem,
624 2957 923 3019 13331131333113-

120 3061 301 3123 1133333333
314 3057 449 3118 licentia
461 3056 627 3117 deeodem
642 3056 714 3115 loco
732 3054 920 3116 discedere:

121 3155 355 3218 discedentem
365 3169 444 3215 vero
460 3153 584 3229 absque
599 3150 820 3212 communium
834 3151 924 3212 litte-

123 3269 245 3316 rarum
276 3253 463 3314 vestrarum
484 3250 640 3310 cautione
661 3249 773 3309 nullus
802 3248 923 3310 audeat

124 3352 289 3415 retinere.
319 3348 404 3411 illud
433 3346 616 3409 districtius
644 3345 855 3417 inhibentes,
880 3361 922 3406 33

122 3451 238 3511 133333
260 3459 320 3508 seu
347 3444 515 3524 quodlibet
544 3442 741 3505 heneficium
770 3442 921 3504 ecolesiae

123 3545 250 3608 333133
274 3544 430 3606 33113133
454 3543 554 3603 113331
579 3541 680 3602 311331
701 3540 923 3617 personaliter

125 3642 214 3715 dari,
236 3643 305 3704 sive
321 3641 387 3702 alio
407 3640 503 3702 modo
521 3639 680 3708 alienari,
703 3637 826 3714 absque
842 3653 923 3698 con-

49 3775 55 3780 ·
126 3757 230 3802 sensu
250 3740 352 3801 totius
377 3738 525 3815 capituli,
546 3737 600 3798 331
622 3735 759 3812 majoris
783 3736 921 3797 33133-

125 3836 476 3913 313313333113133133.
490 3835 523 3895 si
532 3851 605 3911 quae
613 3849 692 3894 3333
701 3832 922 3894 alienationes

125 3935 182 3994 vel
193 3933 389 3995 donationes
399 3931 499 3993 aliter
514 3947 612 4008 quam
628 3930 814 3992 dictumest
826 3929 921 3991 factae

127 4030 264 4101 fuerint,
281 4045 338 4090 eas
357 4028 470 4088 irritas
492 4043 566 4088 esse
581 4043 765 4088 censemus.
782 4030 923 4102 Insuper

127 4126 327 4188 auctoritate
343 4123 533 4200 1333131133
554 4124 754 4195 inhibemus,
774 4140 816 4184 33
834 4124 921 4184 31133

128 4225 303 4300 331333333
324 4222 377 4283 331
392 4221 548 4298 quaelibet
568 4220 635 4280 3113
651 4235 793 4296 3333333
814 4220 854 4281 ad
871 4237 923 4298 sy-

127 4321 232 4381 nodos
247 4319 301 4380 vel
320 4319 502 4380 333333133
529 4316 679 4378 forenses
703 4331 763 4378 vos
781 4317 847 4388 133,
868 4317 921 4377 331

121 4417 250 4496 judicio
273 4417 361 4477 stare
385 4416 426 4476 de
444 4414 555 4476 333133
571 4414 705 4491 3333313
722 4413 919 4485 3313133113,

126 4514 181 4574 331
202 4512 467 4590 possessionibus
488 4511 610 4574 vestris
635 4510 809 4588 subjacere
836 4525 922 4571 com-

126 4611 249 4687 pellat:
268 4626 329 4672 333
341 4609 383 4671 ad
398 4609 512 4670 domos
528 4609 656 4670 vestras
672 4623 773 4670 causa
786 4607 921 4669 ordines

126 4707 333 4778 celebrandi,
359 4721 478 4768 causas
502 4704 688 4775 tractandi,
711 4703 764 4764 vel
791 4703 921 4780 aliquos

126 4806 309 4866 conventus
322 4802 471 4879 publicos
481 4801 697 4874 convocandi,
714 4801 828 4862 venire
840 4817 922 4876 prae-

127 4905 245 4965 sumat.
261 4900 527 4976 Necregularem
538 4900 733 4960 electionem
745 4897 920 4959 abbatissae

126 5003 246 5062 vestrae
261 4997 430 5076 impediat,
451 4997 508 5058 aut
522 4995 562 5056 de
575 4995 778 5058 instituenda
793 4995 845 5056 331
867 5011 922 5056 re-

127 5099 215 5160 mota
243 5113 283 5158 ea
308 5111 381 5172 quae
406 5109 465 5171 pro
486 5095 634 5169 tempore
660 5092 781 5165 fuerit,
804 5093 921 5154 contra

129 5197 254 5258 statuta
268 5191 499 5255 Cisteroiensis
515 5190 642 5251 ordinis
658 5205 694 5250 se
711 5189 921 5266 aliquatenus

128 5291 336 5353 intromittat.
366 5293 430 5351 Pro
457 5288 710 5350 consecratione
733 5285 919 5347 33333113-

127 5390 214 5448 rium
230 5386 530 5458 33333313313333,
546 5386 616 5446 3133
631 5383 777 5460 3333133
791 5383 918 5455 333313,

127 5486 182 5547 331
196 5485 343 5561 quolibet
363 5484 430 5545 alio
450 5483 677 5545 ecclesiastico
699 5483 918 5554 sacramento,

130 5582 240 5644 nullus
261 5597 280 5643 a
303 5580 408 5654 vobis,
433 5580 494 5642 sub
516 5580 651 5644 obtentu
671 5577 920 5642 consuetudinis

744 285 974 352 EPIS'I’OLAE.
998 285 1077 345 LIB.
1102 271 1177 344 1x.'

1709 277 1771 338 716

975 443 1030 505 331
1040 443 1107 506 3113
1121 441 1230 514 modo,
1245 438 1542 518 quidquamvaleat
1552 438 1766 514 extorquere:

976 541 1032 602 sed
1048 539 1244 602 haecomnia
1258 538 1364 615 gratis
1382 537 1476 598 vobis
1493 537 1668 613 episcopus
1689 534 1769 595 dioe·

976 653 1116 700 cosanus
1145 635 1323 714 impendat.
1362 635 1519 710 alioquin
1542 635 1642 696 liceat
1673 630 1769 694 vobis

977 749 1226 812 quemcumque
1245 732 1430 794 malueritis
1454 730 1655 792 catholicum
1676 729 1769 790 adire

976 832 1170 898 antistitem,
1184 831 1328 906 gratiam
1342 833 1375 891 et
1394 828 1657 890 communionem
1669 830 1771 902 apos-

975 930 1084 990 tolicae
1110 928 1206 990 Sedis
1226 927 1421 998 habentem,
1443 926 1500 1002 qui
1528 926 1641 986 nostra
1666 924 1769 984 fretus

976 1023 1286 1096 auctoritate,vohis
1295 1023 1381 1100 quod
1393 1023 1579 1099 postulatur
1588 1020 1767 1097 impendat.

977 1123 1068 1196 Quod
1085 1122 1115 1182 si
1128 1121 1224 1182 sedes
1240 1119 1421 1182 dioecesani
1439 1118 1587 1196 33133331
1611 1117 1696 1179 13313
1710 1133 1772 1178 33-

976 1219 1113 1291 caverit,
1133 1219 1267 1280 interim
1283 1215 1635 1279 333133331331331133
1655 1229 1771 1276 sacra-

976 1318 1088 1378 menta
1105 1332 1125 1378 a
1144 1315 1265 1378 3131313
1287 1314 1453 1391 331333313
1477 1314 1644 1389 33313333,
1665 1312 1771 1374 111333

976 1414 1010 1474 31
1023 1413 1147 1490 absque
1158 1411 1420 1473 contradictione
1431 1409 1565 1486 possitis
1578 1431 1586 1470 ε
1601 1409 1649 1470 313
1659 1411 1770 1470 13333

977 1511 1013 1572 31
1036 1525 1080 1570 ex
1101 1510 1165 1570 hoc
1188 1508 1223 1568 in
1248 1510 1415 1584 posterum
1439 1507 1582 1584 propriis
1606 1505 1771 1581 episcopis

976 1607 1105 1668 nullum
1125 1605 1355 1682 praejudicium
1377 1605 1567 1678 generetur.
1589 1603 1673 1676 Quia
1690 1617 1770 1663 vero

978 1703 1142 1765 interdum
1165 1703 1374 1779 propriorum
1394 1701 1624 1777 episcoporum
1641 1699 1770 1776 copiam

977 1817 1044 1862 non
1066 1800 1207 1871 hebetia,
1232 1800 1374 1876 siquem
1394 1799 1597 1875 episcopum,
1612 1799 1770 1858 Romanae

978 1898 1073 1960 Sedis
1094 1897 1145 1975 (ut
1162 1893 1321 1974 diximus)
1338 1896 1482 1971 gratiam
1506 1895 1539 1956 et
1562 1893 1771 1956 communio·

977 2011 1052 2056 nem
1068 1993 1255 2064 habentem,
1274 1993 1307 2054 31
1326 1992 1367 2052 de
1384 2007 1448 2068 quo
1470 1991 1602 2065 plenam
1617 1989 1770 2052 notitiam

977 2092 1142 2160 habeatis,
1161 2105 1220 2167 por
1230 2105 1291 2151 vos
1306 2089 1450 2150 13333133
1471 2088 1657 2163 contigerit,
1678 2087 1719 2148 31
1732 2103 1771 2148 33

976 2187 1225 2250 benedictiones
1246 2201 1404 2260 vasorum
1426 2187 1459 2248 et
1480 2184 1634 2255 vestium,
1651 2199 1771 2264 conse-

978 2287 1144 2348 crationes
1169 2283 1343 2352 altarium,
1367 2281 1615 2343 benedictiones
1641 2279 1773 2341 monia·

977 2383 1069 2454 lium,
1084 2380 1283 2442 auctoritate
1297 2379 1496 2458 Apostolicae
1513 2377 1608 2440 Sedis
1622 2377 1772 2454 recipere

976 2479 1128 2541 33133113.

1017 2580 1122 2638 Porro
1148 2576 1176 2637 31
1215 2573 1362 2652 33133331
1387 2574 1439 2635 331
1466 2573 1526 2634 3111
1555 2571 1771 2633 ecclesiarum
1870 2600 1878 2614 =

976 2674 1124 2735 rectores
1148 2674 1182 2733 in
1207 2672 1445 2734 monasterium
1459 2672 1608 2732 vestrum
1621 2669 1673 2731 vel
1696 2683 1773 2745 per-

978 2787 1077 2832 sonas
1105 2769 1190 2830 inibi
1221 2768 1418 2830 constitutas
1453 2766 1693 2842 suspensionis,
1716 2780 1773 2828 ex·

978 2865 1290 2927 communicationis
1314 2863 1367 2925 vel
1396 2862 1565 2923 interdicti
1589 2861 1771 2923 sententias

978 2961 1274 3040 promulgaverint,
1294 2959 1468 3022 sanctiam
1493 2959 1526 3020 13
1547 2959 1771 3020 33333333133

977 3060 1118 3130 3331333,
1139 3073 1198 3134 333
1216 3073 1256 3120 33
1276 3058 1362 3135 quod
1380 3057 1526 3118 decimas
1546 3057 1632 3118 sicut
1647 3057 1770 3118 dictum

977 3158 1028 3218 est
1052 3173 1119 3218 non
1139 3155 1343 3233 persolvitis,
1368 3157 1439 3217 sive
1460 3154 1573 3230 aliqua
1594 3154 1771 3216 occasione

977 3270 1091 3316 eorum
1107 3269 1180 3332 quae
1198 3253 1239 3314 ab
1253 3253 1443 3329 apostolica
1458 3251 1663 3328 benignitate
1676 3251 1770 3313 vohis

977 3351 1105 3413 indulta
1126 3351 1213 3422 sunt,
1235 3366 1295 3411 seu
1315 3348 1543 3412 benefactores
1557 3351 1697 3420 vestros,
1710 3363 1770 3426 pro

977 3465 1016 3510 eo
1030 3449 1114 3525 quod
1133 3447 1245 3524 aliqua
1256 3447 1350 3510 vobis
1366 3447 1527 3508 beneficia
1543 3446 1595 3507 331
1611 3445 1770 3522 obsequia

977 3562 1020 3606 ex
1028 3546 1166 3608 caritate
1182 3544 1408 3622 praestiterint,
1425 3544 1478 3605 vel
1494 3543 1535 3604 ad
1551 3543 1770 3606 laborandum

977 3641 1177 3718 adjuverint,
1200 3641 1234 3700 in
1257 3639 1324 3700 illis
1349 3639 1480 3710 diebus,
1511 3640 1546 3699 in
1570 3638 1689 3717 quibus
1710 3654 1770 3700 vos

977 3738 1147 3810 laboratis,
1164 3739 1197 3799 31
1211 3737 1270 3798 3111
1283 3735 1461 3811 feriantur3
1479 3736 1627 3798 eamdem
1643 3737 1772 3797 senten·

976 3836 1057 3897 tiam
1085 3833 1303 3912 protulerint,
1331 3834 1438 3909 ipsam
1461 3836 1619 3910 tanquam
1656 3835 1770 3896 contra

978 3932 1283 4008 sedisapostolicae
1299 3930 1426 3992 indulta
1437 3931 1600 4007 prolatam
1615 3931 1771 3992 duximus

976 4029 1185 4091 irritandam.
1200 4029 1269 4088 Nec
1285 4028 1404 4090 litterae
1420 4028 1496 4088 ullae
1512 4027 1700 4089 firmitatem
1714 4027 1772 4088 ha-

975 4127 1099 4198 beant,
1134 4141 1216 4201 quas
1244 4125 1345 4186 tacito
1379 4125 1513 4186 nomine
1541 4123 1770 4187 cisterciensis

977 4224 1104 4286 ordinis
1132 4223 1304 4284 31333133
1332 4221 1481 4284 tenorem
1505 4222 1770 4298 Apostolicorum

976 4321 1228 4398 privilegiorum
1255 4319 1433 4395 contigerit
1458 4320 1640 4396 impetrari.
1678 4322 1772 4382 Prae-

977 4419 1071 4479 terea
1085 4433 1159 4478 cum
1175 4431 1349 4477 commune
1363 4415 1574 4477 interdictum
1590 4417 1687 4478 terrae
1702 4415 1772 4479 fue·

975 4515 1040 4586 rit,
1073 4514 1173 4576 liceat
1206 4513 1300 4574 vobis
1335 4513 1552 4575 nihilominus
1586 4514 1622 4575 in
1658 4514 1770 4576 vestro

976 4612 1199 4684 monasterio,
1235 4611 1382 4673 exclusis
1418 4610 1713 4672 excommunicatis
1737 4610 1771 4672 31

975 4709 1180 4780 interdictis,
1209 4707 1321 4769 divina
1346 4707 1457 4769 officia
1478 4706 1660 4768 celebrare.
1688 4705 1769 4767 Paci

976 4821 1105 4883 quoque
1120 4807 1152 4868 31
1174 4804 1408 4882 tranquillitati
1431 4805 1551 4865 vestrae
1573 4806 1712 4880 paterna
1732 4803 1768 4864 in

975 4905 1146 4979 posterum
1169 4902 1392 4965 sollicitudine
1415 4901 1590 4977 providere
1606 4900 1767 4974 volentes,

975 5001 1174 5062 auctoritate
1186 4998 1376 5076 Apostolica
1392 4996 1615 5075 prohibemus,
1631 4998 1667 5059 ut
1680 4996 1769 5060 infra

976 5096 1148 5158 clausuras
1164 5097 1313 5158 locorum
1335 5111 1394 5156 seu
1409 5094 1624 5170 grangiarum
1640 5096 1771 5157 vestra·

974 5208 1048 5253 rum
1077 5194 1189 5254 nullus
1221 5193 1374 5268 rapinam
1403 5207 1461 5252 seu
1487 5191 1612 5252 furtum
1633 5191 1767 5266 facere,

975 5291 1087 5366 ignem
1121 5305 1299 5366 apponere,
1323 5289 1519 5364 sanguinem
1543 5287 1693 5362 fundere,
1712 5289 1770 5350 ho-

975 5387 1097 5451 minem
1112 5389 1236 5449 temore
1259 5401 1378 5462 capere
1399 5385 1453 5446 vel
1477 5385 1681 5458 interficere,
1709 5400 1769 5446 seu

974 5483 1769 5545 violentiamaudeatexeroere.Praetereaomnes

975 5581 1147 5642 libertates
1172 5596 1192 5642 3
1221 5579 1522 5656 praedecessoribus
1546 5578 1669 5642 nostris
1697 5581 1769 5643 Ro-
