4244 6374
772 313 999 388 EPISTOLAE.
1023 315 1101 376 LIB.
1126 317 1211 377 VIII.

485 481 640 566 CXXIX

226 629 278 688 Ad
298 631 507 691 Lindootcnm
525 635 744 692 Francorum
766 647 896 710 regern.

421 763 457 820 10
475 761 607 821 februarii
630 764 708 820 lant.

243 883 378 948 [Bouquet
396 885 499 936 Recueil
516 886 559 936 dee
576 887 679 946 Hister,
695 885 763 946 XIX,
782 903 808 952 p.
825 885 879 938 lto.

369 965 480 1026 1133331,
491 966 536 1016 lib.
552 967 616 1026 Vlll,
630 982 671 1031 ep.
684 967 751 1032 282]

162 1069 206 1126 Ne
220 1068 287 1140 quid
300 1069 441 1128 Frederici
452 1074 646 1130 Romanorum
660 1074 839 1146 imperatoris
851 1075 880 1130 13
895 1075 959 1130 Ter·

197 1171 258 1214 ram
275 1159 409 1217 Sanctam
424 1160 561 1232 protectio
583 1162 697 1221 obesset
711 1163 799 1234 quieti
817 1162 955 1220 Occiden-

197 1247 243 1316 tis,
259 1262 358 1320 regem
383 1249 557 1308 ludovicum
573 1251 681 1308 inducit
697 1251 840 1309 Honorius
859 1260 954 1323 3133-

197 1349 259 1392 333
275 1337 387 1394 interim
398 1353 464 1396 cum
474 1341 585 1413 Angliae
595 1355 665 1413 rege
677 1341 818 1410 conciliet,
832 1340 876 1397 vel
892 1356 956 1398 cum

196 1423 295 1481 eodem
308 1435 441 1500 proroget
452 1428 591 1498 induciae,
602 1429 678 1502 quod
687 1429 857 1502 promiserat
868 1445 956 1502 prope

195 1515 349 1572 moriturus
358 1531 408 1572 rex
423 1516 582 1590 Phllippus.

200 1642 368 1704 Honorius
409 1646 649 1721 episcopus....,
698 1647 873 1708 carissimo
916 1647 956 1712 Ι13

160 1737 292 1800 Christo
307 1740 377 1801 filio
392 1743 506 1803 303130
522 1743 701 1816 Ludovico,
716 1745 788 1820 regi
803 1747 954 1806 Franco-

159 1850 234 1896 rum
247 1837 383 1911 illustri,
400 1839 553 1912 salutem,
570 1843 633 1903 etc.

200 1934 280 1994 Cum
305 1936 488 2011 cogitamus
513 1939 599 2014 apud
624 1939 845 2016 nosmetipsos
861 1939 956 1998 illum

160 2031 403 2094 indesinentem
445 2051 536 2111 purae
578 2035 765 2097 devotionis
800 2035 955 2096 affectum

160 2144 257 2205 quem
283 2130 415 2207 inclytae
451 2133 620 2194 memoriae
650 2133 879 2210 progenitores
906 2133 955 2193 131

159 2241 291 2302 semper
312 2229 353 2288 ad
376 2231 477 2289 Deum
507 2230 541 2291 et
564 2233 747 2291 Romanam
771 2230 954 2292 Ecclesiam

157 2322 358 2395 habuerunt,
375 2326 507 2402 plenam
527 2344 619 2403 spem
637 2327 858 2404 fiduciamque
875 2344 956 2389 con-

158 2421 311 2497 3131333,
335 2423 421 2498 3301
438 2439 457 2483 3
472 2426 505 2483 13
520 2424 653 2484 1110333
674 2440 866 2486 3333333033
887 2441 954 2486 303

161 2518 270 2578 30133
284 2519 319 2578 13
333 2519 460 2580 103033
474 2521 581 2596 regni,
599 2523 656 2583 sed
672 2522 771 2583 etiam
788 2523 823 2583 13
839 2523 953 2584 31333-

157 2615 260 2676 ritate
275 2616 352 2677 fidei
368 2618 400 2678 31
415 2616 558 2679 3113333
571 2618 690 2680 133033
704 2620 878 2693 virtutum,
896 2621 953 2681 ni-

157 2711 206 2772 hil
221 2713 346 2777 1333133
358 2715 506 2790 3313333
518 2716 604 2792 3301
620 2733 681 2778 303
697 2721 809 2794 331333
824 2718 952 2786 133331,

157 2810 236 2872 3113
257 2811 384 2886 130333;
400 2812 581 2888 quinimmo
597 2814 829 2891 3333333331
851 2817 952 2876 Sere-

157 2908 296 2970 nitatem
324 2909 415 2971 tuam
453 2911 587 2987 plenum
622 2899 791 2988 petitionis
830 2915 953 2974 3031333

158 3007 394 3084 consequimur
422 3007 586 3069 effectum.
616 3010 709 3070 Licet
737 3010 955 3071 331331333

157 3102 245 3164 1313
260 3102 414 3165 fiduciam
429 3105 464 3164 in
480 3106 633 3166 omuibus
652 3123 807 3182 geramus
821 3107 953 3168 casibus

157 3199 192 3261 et
203 3201 364 3274 articulis,
381 3203 416 3263 in
431 3203 499 3264 illis
514 3205 626 3266 tamen
641 3220 714 3265 eam
735 3205 880 3266 maxime
894 3220 954 3281 ge-

160 3297 277 3371 rimus,
293 3299 329 3359 13
344 3301 463 3377 331133
476 3301 516 3362 13
532 3301 656 3363 1131313
671 3302 840 3380 013333113
856 3303 889 3364 31
913 3303 953 3363 13

160 3411 263 3457 33333
285 3395 421 3459 1030313
445 3399 494 3460 131
521 3401 633 3476 agitur
659 3401 691 3461 31
710 3401 838 3462 salutis.
866 3403 953 3462 Sane

158 3494 218 3555 tua
230 3493 416 3556 sublimitas
431 3512 498 3557 303
513 3498 646 3574 ignorat
656 3498 742 3574 3301
759 3499 952 3559 0331331333

157 3591 193 3651 13
206 3592 337 3655 Christo
353 3593 440 3654 lilius
457 3597 569 3656 noster
585 3596 792 3668 Fredericus,
809 3596 952 3657 illustris

157 3691 383 3751 Romanorum
405 3693 597 3768 imperator,
625 3709 758 3769 semper
778 3695 950 3770 augustus,

156 3789 190 3850 et
204 3804 266 3848 rex
281 3787 415 3862 Siciliae,
429 3791 464 3850 in
479 3790 644 3867 301103310
656 3791 754 3868 3301,
769 3807 855 3852 3330
871 3808 954 3868 3333-

156 3885 267 3958 133110,
283 3886 587 3949 30113333131311
606 3889 640 3948 13
656 3890 847 3965 Campania,
865 3905 954 3965 333-

157 3983 235 4044 31110
251 3984 468 4059 corporaliter
479 3987 680 4062 juramento,
693 3985 839 4048 firmavit
853 3987 950 4062 quod,

157 4079 489 4156 akalendisaugusti
511 4083 663 4159 proximo
688 4099 777 4144 3333
803 4083 953 4144 venturis

157 4175 199 4236 ad
228 4193 353 4238 annum
377 4195 491 4245 unum,
521 4179 752 4241 transfretabit
780 4180 815 4240 13
840 4183 952 4240 Terrae

157 4275 287 4336 Sanctae
308 4274 502 4336 subsidium.
529 4276 622 4337 Unde
646 4291 719 4349 303,
745 4277 952 4339 31133133133

156 4387 230 4432 esse
240 4373 446 4449 permaxime
456 4374 682 4434 necessarium
694 4374 730 4435 31
741 4374 954 4436 iuterChris-

155 4469 266 4530 113303
277 4485 401 4542 omnes,
420 4486 458 4530 ac
473 4471 618 4532 maxime
634 4471 722 4532 inter
736 4472 953 4533 excellentio-

64 4590 67 4599 ·
155 4582 211 4628 res
221 4567 400 4643 principes,
417 4584 485 4644 pax
498 4567 551 4629 vel
562 4570 680 4644 treuga
694 4569 839 4641 Interim,
855 4571 953 4645 prout

156 4664 258 4725 etiam
289 4665 465 4725 statuimus
502 4665 538 4726 in
578 4666 744 4742 colloquio
773 4667 950 4738 antedicto,

157 4761 343 4834 serventur,
368 4763 529 4838 quatenus
544 4763 609 4840 ipsi
630 4766 742 4826 Terrae
766 4766 895 4826 Sanctae
910 4765 953 4824 li·

154 4856 269 4920 133133
287 4859 401 4921 veniat
413 4874 456 4920 ex
468 4861 558 4921 omni
574 4862 668 4936 parte
684 4861 798 4923 mundi
815 4876 954 4924 succur-

156 4971 224 5028 333,
246 4956 345 5018 clarae
368 4957 817 5036 3330313110313Ρ11113333
840 4975 953 5035 regem

155 5055 319 5127 Franclae,
337 5056 463 5131 patrem
485 5057 589 5128 tuum,
607 5057 741 5132 331303
765 5057 954 5134 specialiter

156 5150 295 5212 caritate
310 5151 438 5224 dilexit,
453 5153 582 5214 1313313
598 5169 695 5229 33333
710 5155 903 5229 rogavimus
918 5155 956 5214 31

156 5263 231 5308 cum
257 5249 431 5309 carissimo
461 5250 530 5311 lilio
561 5251 676 5312 nostro
705 5251 849 5311 Heririco
873 5266 953 5326 rege

155 5344 338 5420 Anglorum
352 5345 476 5408 illustri
486 5347 586 5409 iniret
596 5347 720 5409 loedera
732 5347 835 5408 firmae
850 5348 953 5424 pacis,

154 5442 208 5504 vel
222 5443 338 5504 saltem
353 5445 489 5519 treugas
501 5461 574 5522 quae
587 5446 675 5507 inter
689 5445 781 5522 ipsos
797 5445 954 5506 stabilitae

155 5537 298 5610 1333331,
327 5545 545 5618 prorogaret:
570 5544 627 5620 331
654 5543 836 5605 33333133
851 5543 952 5603 1333-

154 5637 223 5700 tam
239 5635 304 5697 sibi
321 5637 558 5713 benignitatem
586 5641 808 5718 pietatemque
829 5641 955 5716 promi·

1752 295 1812 386 'aaa

1013 475 1067 544 eit,
1086 475 1173 552 quod
1200 479 1396 552 prorogaret
1419 479 1555 556 treugas
1567 480 1659 558 ipsas
1674 497 1809 559 precum

968 581 969 584 ’
1013 572 1204 634 nostrarum
1212 573 1348 636 obtentu
1358 574 1391 636 et
1400 574 1522 636 13111113
1532 580 1644 640 Terrae
1661 581 1807 656 Sanctae;

1014 669 1071 730 sed
1086 671 1341 746 promissionem
1361 687 1466 744 suam,
1488 675 1593 736 morte
1609 679 1809 752 praeventus,

916 761 935 778 ’“
1013 767 1197 843 311331333
1212 770 1373 846 nequivit.

1053 867 1174 926 Preces
1188 866 1293 942 igitur
1308 883 1391 943 3333
1407 884 1507 944 33333
1521 869 1585 930 103
1600 870 1707 932 31133
1723 873 1810 949 33131

1012 961 1069 1022 130
1083 963 1304 1038 porreximus,
1322 965 1449 1026 333313
1475 965 1613 1026 auribus
1635 968 1810 1030 celsitudi-

1012 1057 1140 1120 3131333
1152 1076 1226 1121 cum
1241 1077 1362 1136 magna
1376 1062 1497 1124 fiducia
1510 1065 1723 1140 replicamus,
1739 1081 1811 1144 spe·

1011 1156 1125 1219 rantes
1137 1157 1170 1218 13
1185 1158 1262 1218 11133
1278 1160 1369 1220 13310
1391 1160 1560 1222 efficacius
1583 1161 1807 1238 impleturum,

1013 1256 1136 1329 333310
1151 1256 1294 1332 3331133
1309 1258 1401 1318 1333
1424 1259 1517 1320 13031
1530 1260 1738 1322 clementiam
1754 1262 1810 1338 pia

1011 1351 1118 1427 133133
1134 1354 1239 1428 patris
1254 1355 1302 1415 131
1326 1355 1509 1432 3111331333
1533 1359 1708 1432 33031333,
1723 1375 1809 1436 333-

1011 1449 1108 1510 13333
1124 1465 1239 1511 30333
1266 1451 1410 1513 33131313
1434 1453 1583 1530 impletio
1607 1470 1673 1516 303
1702 1456 1810 1518 solum

1011 1547 1088 1617 tuae,
1115 1546 1172 1607 331
1193 1547 1293 1609 31133
1308 1550 1458 1626 ejusdem
1482 1552 1587 1628 patrie
1607 1553 1656 1612 tui
1685 1553 1807 1614 animm

1011 1643 1185 1717 proveniat
1211 1645 1425 1714 adsalutem.
1454 1648 1613 1725 Denique,
1640 1649 1809 1712 31303133

1010 1739 1078 1799 tam
1093 1738 1305 1814 favorabiles,
1329 1743 1396 1804 tam
1410 1744 1483 1820 pias
1499 1745 1632 1822 tamque
1647 1762 1807 1808 necessa-

1011 1836 1079 1896 rias
1094 1853 1209 1913 preces
1220 1842 1353 1901 nostras
1370 1843 1463 1902 tuum
1481 1840 1715 1922 [33013131111
1733 1844 1809 1905 ani-

1011 1949 1101 1993 mum
1133 1933 1339 2008 011333333,
1369 1939 1610 2014 parvipendere
1646 1941 1808 2002 videreris

1010 2030 1170 2105 injuriam
1184 2034 1264 2093 Jesu
1274 2033 1408 2106 Christi,
1425 2036 1667 2112 parvipendere
1676 2037 1808 2098 videre-

1009 2127 1059 2187 313
1089 2129 1173 2205 3301
1203 2132 1318 2205 gentes
1347 2131 1381 2191 13
1412 2132 1640 2195 haereditatem
1674 2135 1806 2196 Domini

1009 2227 1173 2287 venerunt
1196 2228 1229 2288 et
1251 2228 1442 2304 polluerunt
1457 2231 1704 2292 sanctissimum
1718 2235 1807 2293 tem-

1010 2322 1099 2398 plum
1114 2325 1198 2401 ejus,
1212 2339 1251 2384 33
1261 2325 1456 2401 1331331333
1469 2327 1592 2390 Christi
1604 2330 1804 2405 sepulcrum,

1010 2419 1095 2495 quod
1111 2421 1273 2498 propheta
1284 2424 1467 2498 gloriosum
1478 2423 1806 2503 1033133101333033

1010 2519 1086 2579 ante
1114 2520 1278 2595 praedixit,
1318 2522 1538 2598 ingloriosum
1575 2524 1801 2586 reddiderunt.

1010 2617 1116 2689 Certe,
1134 2617 1161 2677 si
1179 2618 1252 2693 quis
1267 2620 1488 2682 vassallorum
1504 2623 1636 2682 tuorum
1651 2638 1671 2682 a
1686 2623 1719 2683 te
1742 2639 1803 2684 ro-

1009 2714 1107 2786 gatus
1135 2730 1250 2790 pacem
1274 2719 1333 2776 aut
1366 2718 1497 2792 treugas
1524 2719 1610 2778 inire
1639 2720 1804 2780 cumcito

1009 2810 1170 2872 exaudire
1184 2812 1350 2884 renueret,
1362 2809 1395 2874 et
1404 2815 1493 2875 terra
1505 2816 1560 2876 133
1572 2817 1760 2878 remaneret
1769 2817 1805 2878 in

1008 2909 1172 2984 potestate
1192 2909 1339 2970 hostium
1355 2911 1418 2971 133
1441 2911 1480 2972 13
1496 2928 1608 2984 33333,
1629 2913 1806 2990 1133333-

1009 3021 1107 3082 3333
1122 3007 1356 3083 aequanimiter
1371 3009 1566 3082 3331133333,
1575 3011 1756 3088 33131330
1771 3010 1806 3070 13

1009 3103 1178 3164 fidelitatis
1194 3118 1364 3178 argueres,
1378 3105 1611 3184 31133113301
1625 3124 1644 3168 a
1658 3107 1804 3176 1313331,

1008 3203 1182 3277 reputares
1200 3200 1384 3277 indignum.
1416 3204 1544 3274 Quanto
1568 3206 1671 3280 igitur
1696 3205 1805 3268 studio

1009 3297 1130 3360 esttibi
1144 3299 1383 3374 providendum
1400 3316 1452 3372 33,
1475 3301 1561 3378 3301
1576 3302 1675 3362 1030
1699 3301 1805 3363 33311-

1007 3396 1207 3457 3333301133
1223 3396 1264 3457 31
1279 3396 1425 3471 103133,
1444 3397 1549 3460 133133
1563 3402 1678 3461 303133
1691 3401 1805 3461 Domi-

1008 3494 1100 3553 31113
1116 3497 1220 3554 Deum
1236 3495 1340 3567 tuum,
1365 3513 1384 3556 a
1412 3513 1476 3573 quo
1499 3496 1602 3558 habes
1615 3514 1682 3558 303
1697 3498 1805 3558 solum

1008 3593 1119 3652 omnia
1134 3591 1302 3664 10331113,
1318 3594 1376 3654 331
1390 3594 1490 3655 31133
1502 3595 1728 3671 temetipsum!

1048 3692 1215 3765 Rogamus
1235 3690 1337 3765 igitur
1352 3691 1585 3752 excellentiam
1606 3696 1697 3752 tuam
1715 3693 1805 3752 omni

1008 3775 1191 3860 attentione
1216 3803 1280 3864 qua
1308 3803 1503 3863 possumus,
1530 3789 1563 3850 et
1590 3788 1804 3850 obsecramus

1008 3901 1067 3962 per
1095 3885 1323 3961 aspersionem
1357 3886 1530 3960 sanguinis
1556 3887 1636 3948 Jesu
1669 3886 1803 3959 Christi,

1009 3983 1145 4058 3111330
1174 3982 1328 4043 1330311
1353 3983 1463 4043 crucis
1485 3981 1623 4045 tradidit
1650 3985 1807 4061 semetip-

1008 4095 1092 4151 sum,
1111 4095 1150 4140 ac
1165 4078 1225 4140 tihi
1241 4079 1276 4139 13
1289 4079 1487 4140 remissione
1502 4079 1708 4156 injungimus
1723 4097 1805 4158 pec·

1008 4177 1806 4255 3310333,33313333,333313111331331331313113

1006 4278 1086 4337 1333
1101 4275 1236 4346 Christi,
1252 4275 1284 4336 et
1303 4277 1414 4336 Terrae
1439 4277 1474 4336 in
1499 4292 1564 4352 333
1586 4277 1719 4352 generis
1742 4277 1807 4338 hu-

1007 4373 1098 4433 mani
1112 4372 1254 4432 salutem
1270 4372 1433 4434 ineffabili
1454 4374 1577 4449 pietate
1599 4374 1707 4436 voluit
1726 4391 1808 4451 ope-

1007 4469 1087 4540 rari,
1105 4485 1179 4528 cum
1205 4468 1342 4544 praelato
1361 4470 1542 4546 Anglorum
1569 4486 1658 4546 rege,
1683 4471 1806 4532 silleri

1007 4566 1125 4644 potest,
1139 4567 1234 4627 ineas
1251 4567 1379 4628 lirmam
1395 4585 1523 4644 pacem,
1538 4570 1591 4634 vel
1613 4569 1733 4630 saltem
1748 4585 1807 4629 us-

1008 4680 1071 4740 que
1086 4665 1126 4724 ad
1147 4665 1402 4740 quadriennium
1420 4668 1556 4742 treugas
1575 4682 1734 4742 prorogas
1748 4666 1806 4726 in-

1007 4762 1104 4824 terte
1120 4777 1159 4823 ac
1174 4763 1284 4839 13333
1304 4763 1465 4825 13313333
1480 4765 1685 4835 observatas,
1707 4779 1759 4834 ne,
1777 4761 1806 4822 si

1008 4859 1106 4922 aliter
1119 4859 1249 4933 1333313,
1266 4861 1372 4938 ipsius
1382 4864 1494 4922 Terrae
1511 4863 1641 4922 Sanctae
1661 4876 1804 4921 333333-

1008 4973 1092 5030 sum,
1131 4958 1187 5034 qui
1212 4973 1279 5018 303
1307 4959 1426 5034 magis,
1461 4959 1562 5018 immo
1590 4959 1830 5019 3331331333

1009 5055 1184 5116 consuevit
1195 5070 1255 5132 per
1268 5055 1399 5132 aliquos
1416 5055 1500 5116 31103
1516 5071 1615 5132 3333
1631 5071 1691 5132 333
1709 5071 1806 5131 reges

1009 5153 1042 5213 31
1053 5168 1192 5228 regnum
1204 5154 1354 5214 Francia
1365 5153 1565 5230 promoveri,
1578 5155 1693 5215 contra
1706 5154 1808 5230 impe·

1009 5249 1080 5310 dire
1098 5249 1199 5329 (quod
1224 5250 1354 5312 avertat
1375 5249 1570 5329 Dominusi)
1592 5251 1749 5323 videaris,
1767 5266 1807 5312 33

1008 5347 1235 5424 prosecutioni
1277 5363 1386 5408 causae
1422 5348 1566 5424 propriae
1601 5347 1804 5418 insistendo,

1010 5447 1232 5517 contemnere,
1247 5445 1348 5506 immo
1366 5445 1568 5506 3331331333
1588 5462 1723 5507 333333
1739 5447 1806 5506 Do-

1009 5543 1091 5603 mini
1105 5543 1164 5603 Dei
1176 5543 1225 5604 tui
1242 5542 1276 5603 31
1290 5543 1392 5604 101133
1406 5544 1520 5620 303311
1536 5543 1722 5604 3131311331.
1739 5545 1806 5603 Te-

1010 5641 1088 5701 liter
1112 5655 1192 5715 ergo
1215 5641 1376 5702 exaudias
1408 5655 1523 5718 preces
1550 5643 1692 5712 nostras,
1719 5640 1805 5717 quod
