4262 6382
347 268 405 328 791
964 261 1140 322 HONORII
1162 261 1207 322 111
1229 260 1377 324 OPERA.

346 424 435 504 parti
450 420 702 500 exceptionibus
722 420 786 483 sibi
801 418 1073 496 competentibus,
1091 417 1143 480 fa-
1195 420 1293 482 tenus
1318 418 1394 481 illos
1421 418 1477 496 qui
1501 418 1730 496 possessiones
1757 417 1810 482 331
1835 432 1900 491 res,
1930 425 1991 480 seu

346 523 443 584 ciatis
458 521 550 582 litem
565 518 655 583 infra
669 519 751 580 duos
768 533 898 578 menses
913 517 988 593 post
1001 531 1141 593 suscep·
1197 517 1311 580 domes
1325 516 1561 592 praedictorum
1583 515 1734 589 fratrum,
1750 515 1805 578 uel
1820 514 1991 576 hominum

345 620 469 682 1133331
493 616 706 696 praesentium
731 631 843 676 coram
866 613 960 676 vobis
995 614 1142 690 legitime
1197 628 1332 677 suorum
1349 613 1573 675 irreverenter
1585 613 1783 685 invaserint,
1802 614 1861 674 aut
1878 628 1918 674 ea
1936 613 1993 673 13-

344 715 536 787 3331331331,
549 729 588 775 33
602 713 732 775 demum
743 713 779 773 13
792 726 894 774 33333
908 711 982 789 ipsa
995 710 1141 786 legitime
1192 712 1282 788 juste
1306 710 1521 778 detinuerint,
1547 726 1620 787 quas
1644 710 1811 788 praedictis
1833 709 1991 771 iratribus

345 807 1143 892 procedentes,eamdem,sipartesconsenserint
1196 823 1240 868 ex
1268 809 1465 870 testamento
1495 807 1723 870 decedentium
1745 807 1990 884 relinquuntur,

345 910 411 971 tine
425 908 536 971 debito
557 907 761 982 terminetis3
778 906 939 982 alioquin,
956 921 1029 967 eam
1045 903 1142 966 33111-
1197 921 1257 965 333
1270 905 1306 966 13
1319 904 1545 982 ipsos'fratres
1556 907 1672 967 contra
1684 905 1882 980 apostolicae
1896 903 1993 964 Sedis

344 1007 472 1068 cienter
496 1003 692 1066 instructam
714 1002 756 1062 ad
780 1005 931 1062 nostrum
964 1001 1142 1062 remittatis
1197 1001 1325 1062 indulta
1350 1001 1547 1062 sententiam
1563 1001 1916 1062 excommunicationis
1934 1000 1994 1063 aut

344 1117 497 1172 examen,
534 1100 743 1178 praefigentes
778 1099 928 1176 partibus
962 1098 1141 1160 terminum
1197 1097 1364 1160 interdicti
1393 1099 1666 1175 praesumpserint
1688 1097 1910 1174 promulgare,
1936 1097 1992 1158 vel

346 1199 598 1276 competentem,
618 1213 682 1275 quo
697 1212 757 1273 per
772 1212 819 1264 se,
837 1196 889 1256 vel
905 1211 964 1272 per
979 1210 1141 1272 procura·
1197 1195 1342 1258 decimas
1361 1195 1513 1258 laborum
1527 1196 1568 1256 de
1583 1195 1851 1273 possessionibus
1866 1193 1992 1256 habitis

346 1298 438 1357 tores
452 1295 591 1356 idoneos
605 1293 719 1356 nostro
740 1309 776 1354 se
797 1291 988 1369 conspectui
1012 1306 1141 1368 333333-
1197 1294 1274 1354 3313
1299 1293 1482 1354 Concilium
1503 1293 1672 1368 generale,
1698 1309 1757 1354 seu
1779 1293 1992 1354 nutrimentis

346 1393 488 1464 sentent,
508 1392 634 1469 justam
658 1391 757 1452 dante
780 1389 920 1450 Domino
943 1387 1142 1450 sententiam
1197 1391 1362 1466 ipsorum,
1388 1390 1508 1466 spretis
1536 1390 1735 1467 apostolicae
1765 1389 1860 1451 Sedis
1885 1389 1993 1466 priui-

345 1489 522 1565 recepturi.
538 1487 630 1560 Quod
652 1488 765 1548 sinon
785 1502 911 1558 333333,
935 1485 997 1548 313.
1021 1486 1141 1547 Datum
1197 1487 1295 1564 legiis
1317 1489 1527 1565 extorquere,
1551 1487 1733 1550 monitione
1753 1486 1935 1564 praemissa,
1962 1485 1992 1546 si

345 1585 513 1658 Laterani,
527 1587 571 1646 Vl
583 1583 745 1646 kalendas
758 1573 881 1657 martii,
899 1599 987 1645 anno
1000 1598 1099 1643 nono.
1197 1585 1275 1645 laici
1288 1584 1422 1655 fuerint,
1438 1584 1570 1661 publice
1589 1584 1737 1645 candelis
1752 1584 1914 1655 accensis,
1930 1599 1993 1648 ex·

1197 1681 1509 1745 communicationis
1533 1683 1697 1744 sententia
1725 1681 1929 1758 percellatis,
1962 1681 1992 1742 si

1197 1795 1276 1840 vero
1294 1779 1384 1850 laici,
1399 1779 1452 1840 vel
1467 1779 1620 1858 canonici
1640 1777 1823 1856 regulares,
1841 1794 1900 1840 seu
1919 1793 1993 1839 mo-

1197 1874 1297 1936 nachi
1321 1874 1456 1948 fuerint,
1477 1890 1535 1936 eos
1556 1874 1779 1952 appellatione
1800 1874 1926 1936 remota
1950 1873 1993 1935 ab

658 1860 833 1947 LXXXV

1930 259 1991 319 792
2100 325 2101 328 ¹

365 2017 418 2076 Ad
439 2013 695 2089 documentum,
709 2014 1005 2086 archiepiscopum
1027 2012 1123 2072 Goto-

452 2111 619 2180 ctensem,
637 2108 670 2168 et
684 2107 926 2182 supraponeos
941 2107 1027 2178 ejus.

600 2238 635 2296 ab
654 2235 790 2294 februarii
808 2237 887 2294 1²25.

365 2362 443 2428 [1133.
455 2376 521 2428 pour
532 2359 611 2412 servir
622 2363 637 2411 t
649 2361 773 2410 l’histoire
787 2361 830 2410 des
840 2358 974 2426 provinces
983 2358 1014 2410 de
1022 2359 1126 2417 Namur,

633 2441 664 2498 ll,
678 2455 695 2500 1,
708 2439 748 2500 27,
759 2455 786 2489 3.
797 2439 852 2504 111]

343 2548 460 2608 Mandat
478 2554 509 2605 ut
526 2547 590 2605 illos
608 2548 656 2620 qui
670 2523 879 2620 possessiones,
894 2561 952 2614 res,
967 2543 1070 2603 domus
1090 2545 1139 2602 ab·

377 2635 452 2694 batis
466 2635 502 2694 de
517 2635 704 2704 camberooe,
719 2635 916 2694 cisterciensis
930 2631 1049 2702 ordinis,
1066 2633 1142 2690 inva-

378 2727 467 2784 serint
478 2724 782 2782 excommuuicationis
793 2723 932 2780 sententia
945 2723 1111 2794 percellant.

382 2861 552 2922 Honorius
562 2859 748 2938 episcopus,
760 2873 876 2919 servus
887 2873 1058 2918 serrorum
1068 2857 1140 2928 Dei,

261 3009 262 3018 ,
342 2957 526 3020 venerabili
552 2957 649 3018 fratri
677 2955 927 3032 archiepiscopo
963 2954 1142 3015 Colonien-

343 3055 389 3128 si,
414 3057 493 3123 eto,
518 3055 659 3116 salutem
683 3053 716 3114 et
738 3053 961 3130 apostolicam
983 3050 1142 3112 benedic-

346 3153 483 3216 tionem.

384 3250 459 3309 Non
488 3246 612 3324 absque
638 3246 752 3308 dolore
779 3246 905 3317 cordis,
936 3247 968 3308 et
996 3244 1141 3323 plurima

345 3344 536 3407 turbatione
551 3344 738 3414 didicimus,
757 3343 843 3420 quod
858 3343 905 3404 ita
920 3342 955 3403 in
966 3342 1141 3420 plerisque

346 3441 495 3520 partibus
520 3439 746 3502 ecclesiastica
770 3455 911 3500 censura
936 3439 1139 3511 dissolvitur,

346 3540 380 3599 et
399 3537 568 3598 canonicae
584 3536 757 3597 sententiae
774 3535 933 3597 severitas
950 3536 1140 3607 enervatur,

346 3637 382 3698 ut
395 3634 461 3696 viri
474 3633 623 3710 religiosi
636 3633 668 3694 et
682 3633 717 3693 bi
732 3633 886 3701 maxime,
903 3633 959 3710 qui
973 3647 1032 3708 per
1046 3633 1140 3693 Sedis

343 3731 541 3807 Apostolicae
564 3729 751 3808 privilegia,
777 3731 896 3807 majori
921 3729 1034 3791 donati
1063 3732 1141 3791 sunt

344 3828 508 3900 libertate,
532 3828 655 3905 passim
675 3843 694 3888 a
716 3825 984 3889 malefactoribus
1000 3827 1070 3888 suis
1086 3827 1142 3886 in-

1199 1970 1309 2034 offloio
1337 1973 1370 2033 et
1398 1971 1559 2034 beneficio
1587 1971 1808 2049 suspendatis,
1837 1972 1992 2032 neutram

1198 2070 1384 2132 relaxaturi
1399 2070 1608 2143 sententiam,
1625 2068 1729 2132 donec
1745 2069 1913 2146 praedictis
1927 2069 1993 2130 fra·

1197 2166 1305 2228 tribus
1341 2167 1491 2244 plenarie
1519 2167 1728 2230 satisfaciant
1755 2168 1789 2230 et
1817 2169 1885 2228 tam
1912 2166 1993 2227 laici

1198 2279 1295 2342 quam
1322 2264 1437 2326 clerici
1464 2265 1657 2337 saeculareS,
1681 2264 1738 2341 qni
1764 2279 1823 2342 pro
1843 2264 1992 2326 violenta

1198 2377 1357 2422 manuum
1384 2361 1580 2438 injectione,
1612 2362 1832 2424 anathematis
1857 2361 1991 2424 uinculo

1198 2457 1322 2520 fuerint
1345 2459 1512 2532 innodati,
1536 2475 1611 2519 cum
1637 2459 1817 2522 dioecesani
1845 2458 1991 2536 episcopi

1196 2555 1319 2618 litteris
1330 2556 1372 2617 ad
1387 2556 1504 2618 sedem
1516 2556 1739 2634 apostolicam
1751 2556 1933 2628 venientes,
1951 2557 1992 2617 ab

1197 2653 1312 2714 eodem
1337 2655 1471 2716 vinculo
1503 2656 1693 2717 mereantur
1718 2653 1856 2715 absolvi.
1886 2653 1991 2714 Villas

1197 2752 1308 2812 autem
1318 2751 1353 2811 13
1365 2750 1483 2828 quibus
1494 2750 1580 2812 bona
1592 2751 1825 2828 praedictorum
1838 2751 1989 2823 fratrum,

1196 2847 1249 2910 vel
1260 2848 1431 2909 bominum
1441 2863 1576 2910 suorum
1585 2849 1844 2924 perviolentiam
1858 2847 1990 2910 detenta

1197 2943 1330 3017 fuerint,
1357 2945 1514 3023 quamdiu
1539 2945 1585 3006 ibi
1610 2948 1697 3014 sunt,
1714 2945 1883 3007 interdicti
1908 2961 1990 3006 sen-

1195 3041 1308 3104 tentiae
1334 3043 1539 3120 supponatis.
1563 3044 1681 3104 Datum
1702 3042 1869 3114 Laterani,
1886 3043 1993 3103 11133-

1197 3139 1314 3202 1331133
1348 3140 1479 3213 martii,
1514 3140 1726 3216 pontificatus
1765 3139 1870 3202 nostri
1903 3155 1991 3200 3333

1198 3253 1295 3300 3333.

1498 3479 1691 3571 LXXXVI

1320 3631 1371 3690 Ad
1385 3631 1582 3704 episcopum
1597 3629 1860 3704 Artfertcnsem.

1454 3757 1490 3816 se
1504 3757 1638 3817 februarii
1654 3761 1732 3818 1115.

1258 3881 1488 3945 [111313331131333
1500 3883 1613 3933 bonum.
1629 3881 1808 3945 Hibemmnm,
1819 3883 1859 3942 se,
1875 3883 1929 3950 BL]

340 3927 449 4002 jurias
465 3926 653 3988 sustineant
666 3926 699 3986 et
713 3925 860 4000 rapinae,
878 3923 955 3984 dum
968 3924 1139 3984 3131333-

344 4024 445 4096 nitur,
468 4023 525 4099 qui
547 4037 694 4098 congrua
709 4021 781 4090 'filis
800 4020 998 4098 protectioni
1020 4021 1141 4083 subve.
1194 4006 1228 4064 Ei
1240 4006 1371 4064 concedit
1383 4005 1456 4064 utde
1465 4007 1692 4066 dioecesanorum
1702 4007 1815 4066 licentia
1827 4008 1990 4082 pontificale

346 4120 429 4192 niat,
444 4121 487 4191 et,
505 4135 564 4196 pro
578 4118 718 4180 fovenda
734 4133 917 4196 pauperum
936 4118 1137 4190 innocentia,
1360 4199 1362 4202 Ι
1397 4096 1487 4168 9⁰⁸⁸i¹
1499 4095 1623 4154 ⁰sfl⁰i¹¹¹¹¹
1639 4111 1783 4154 exem·

344 4233 381 4278 se
398 4232 529 4277 murum
546 4215 750 4277 defensionis
766 4216 921 4292 opponat.
945 4215 1141 4292 specialiter
1234 4221 1403 4282 Honorius
1412 4221 1598 4298 episcopus,
1609 4236 1725 4283 servus
1735 4237 1906 4285 servorum
1916 4223 1987 4296 Dei,

344 4313 455 4374 autem
479 4312 592 4372 dilecti
618 4312 679 4372 11111
704 4311 805 4372 abbas
832 4313 864 4373 et
890 4312 1071 4374 conventus
1099 4311 1139 4372 de
1193 4317 1379 4379 venerabili
1412 4317 1508 4379 fratri
1535 4321 1609 4390 Ε...,
1632 4319 1787 4396 episcopo
1822 4321 1989 4396 quondam

345 4407 560 4478 camberone,
583 4408 815 4470 cisterciensis
840 4408 977 4476 ordinis.
1003 4409 1071 4472 tam
1098 4409 1138 4470 de
1193 4413 1401 4487 Artfertensi,
1423 4415 1563 4476 salutem
1586 4417 1619 4478 et
1639 4417 1863 4493 apostolicam
1884 4417 1989 4481 bene-
2100 4415 2101 4468 ἰ

293 4597 298 4608 Ι
343 4505 572 4583 frequentibus
596 4505 730 4583 injuriis
754 4521 851 4583 quam
874 4506 914 4566 de
936 4506 1008 4583 ipso
1028 4505 1140 4584 quoti·
1194 4511 1383 4574 dictionem.

343 4609 442 4670 diano
468 4607 598 4670 defectu
615 4607 756 4683 justitiae
779 4609 1031 4684 conquerentes
1057 4609 1138 4668 uni·
1233 4611 1314 4670 Cum
1331 4608 1556 4685 episcopatum
1575 4609 1814 4672 Artfertensem
1829 4612 1864 4672 in
1879 4613 1989 4674 mani·

343 4707 534 4768 versitatem
550 4706 694 4766 vestram
708 4705 835 4782 ¹litteris
851 4705 1020 4782 petierunt
1031 4707 1139 4781 Apos—
1192 4705 1254 4767 bus
1264 4706 1389 4767 nostris
1402 4704 1547 4767 cedendo
1561 4706 1645 4779 loce,
1661 4723 1727 4769 non
1743 4709 1870 4782 ordine,
1886 4725 1989 4786 spon·
2100 4731 2101 4736 ¹

318 4839 319 4844 1
341 4805 453 4868 1311313
467 4803 620 4875 excitari,
635 4803 671 4864 ut
686 4803 733 4863 ita
747 4803 903 4864 videlicet
917 4803 966 4863 eis
981 4803 1016 4862 in
1031 4801 1139 4863 tribu·
1191 4805 1309 4864 taneus
1330 4804 1524 4880 resignaris,
1546 4805 1760 4881 praesentium
1780 4806 1842 4868 tibi
1866 4809 1987 4869 aucto-

342 4900 523 4962 lationibus
545 4901 615 4960 suis
638 4900 753 4961 contra
774 4898 1006 4960 malefactores
1022 4915 1138 4960 eorum
1192 4902 1291 4962 ritate
1326 4901 1548 4974 concedimus,
1579 4903 1615 4963 ut
1647 4903 1688 4963 de
1720 4903 1989 4966 dioecesanorum

342 4998 494 5076 prompta
521 4996 667 5058 debeatis
696 4996 969 5072 magnanimitate
998 5011 1139 5057 consur·
1193 4999 1329 5060 licentia
1338 4999 1528 5074 pontificale
1538 4999 1646 5075 possis
1657 5000 1802 5062 officium
1815 5018 1987 5076 exercere,

342 5111 432 5172 gere,
450 5094 535 5172 quod
558 5094 599 5154 ab
619 5094 793 5168 angustiis,
811 5109 894 5170 quas
917 5093 1082 5155 sustinent
1106 5095 1138 5154 et
1193 5113 1268 5158 cum
1294 5096 1398 5158 fueris
1427 5097 1618 5173 requisitus.
1652 5098 1745 5158 Nulli
1780 5114 1870 5175 ergo,
1908 5104 1986 5172 ete,

341 5191 640 5276 pressuris,vestro
651 5191 780 5267 possint
789 5190 944 5266 praesidio
955 5193 1134 5268 respirare.
1192 5194 1315 5256 nostrae
1340 5193 1578 5262 concessionis,
1594 5195 1656 5255 eto.
1682 5196 1716 5256 Si
1739 5197 1824 5273 quis,
1841 5200 1902 5258 etc.
1921 5201 1990 5258 Da·
2100 5247 2101 5270 ,

340 5290 502 5363 Quocirca
517 5288 728 5350 universitati
739 5289 858 5349 vestrae
874 5304 933 5364 per
945 5289 1136 5365 Apostolica
1191 5293 1261 5353 tum
1283 5291 1451 5363 Laterani,
1475 5293 1503 5352 V
1523 5291 1685 5354 kalendas
1707 5294 1829 5368 martii,
1852 5295 1989 5372 pontid-

341 5387 466 5466 scripta
489 5385 686 5447 mandamus
701 5387 799 5462 atque
814 5385 1037 5463 praecipimus,
1054 5403 1138 5464 qua·
1192 5392 1286 5453 catus
1299 5389 1404 5452 nostri
1419 5404 1508 5451 anno
1520 5404 1619 5452 nono.
