4222 6374
1600 202 1613 248 t

193 330 251 392 aaa
809 305 1219 390 onerandam.
1659 411 1662 418 Ι
1781 331 1841 390 134

190 487 313 550 vestris
323 486 424 566 justis
439 485 716 564 postulationibus
731 487 912 550 clementer
926 499 988 548 an·
1042 488 1152 550 siones
1172 485 1316 558 auferre,
1341 485 1469 548 ablatas
1493 489 1649 560 retinere,
1674 487 1837 563 minuere,

192 585 326 646 nuitnus
341 586 374 646 et
397 583 571 662 praefatum
599 585 838 649 monasterium
863 586 988 661 inquo
1043 601 1102 645 seu
1122 584 1324 663 quibuslibet
1344 581 1578 646 vexationibus
1603 585 1757 662 fatigare,
1781 587 1840 649 sed
1966 615 1968 622 ⁴

191 681 305 744 divino
321 682 401 743 estis
415 680 573 758 obsequio
590 683 799 758 mancipatae,
816 683 857 743 ad
873 698 989 742 exem·
1042 682 1153 742 omnia
1184 681 1313 757 integra
1346 683 1585 744 conserventur
1615 699 1746 755 earum,
1777 699 1838 761 pro

191 779 266 856 plar
280 778 388 840 felicis
403 779 643 840 recordationis
658 778 841 842 Alexandri
863 781 895 842 et
915 781 989 840 Goe-
1043 795 1182 856 quarum
1196 779 1437 856 gubernatione
1452 793 1491 840 ac
1502 780 1741 842 sustentatione
1755 797 1839 842 cou-

191 876 802 952 leatinipraedecessorumnostrorum
818 879 988 938 Romano·-
1042 891 1136 938 cessa
1164 879 1242 938 sunt
1276 875 1391 938 usibus
1425 877 1625 938 omnimodis
1651 878 1836 954 protutura,

191 989 267 1036 rum
282 973 474 1052 pontificum
500 974 560 1034 sub
585 973 675 1036 beati
699 974 790 1035 Petri
815 975 848 1036 et
873 974 988 1036 nostra
1043 973 1136 1034 salva
1151 974 1456 1051 sedisapostolicae
1481 975 1689 1047 auctoritate,
1705 975 1738 1036 et
1752 977 1837 1036 Cas-

190 1071 396 1150 prctectione
411 1071 621 1148 suscipimus,
639 1073 672 1133 et
686 1072 860 1148 praesentis
872 1069 988 1146 scripti
1043 1071 1186 1130 elnensis
1204 1071 1400 1132 monasterii
1415 1069 1525 1132 debita
1535 1071 1666 1148 Justitia
1687 1073 1720 1132 et
1736 1084 1837 1134 reve·

191 1168 369 1246 privilegio
383 1169 636 1230 communimus.
653 1169 840 1230 statuentes
849 1169 885 1229 ut
894 1183 989 1245 quas·
1041 1168 1161 1230 rentia.
1177 1168 1212 1228 Si
1221 1184 1285 1244 qua
1298 1168 1401 1243 igitur
1408 1169 1444 1230 in
1452 1167 1598 1230 futurum
1608 1169 1839 1232 ecclesiastica

191 1281 335 1344 cumque
372 1267 612 1344 possessiones,
630 1316 632 1320 .
652 1278 868 1343 quacumque
900 1265 988 1327 bona
1042 1265 1415 1342 saecularisvepersona
1432 1265 1657 1326 haucuostrae
1673 1267 1838 1328 constitua

191 1363 280 1425 idern
306 1364 546 1425 monasterium
574 1363 880 1440 inpraesentiarum
898 1365 988 1442 juste
1043 1361 1144 1424 tionis
1159 1362 1316 1440 paginam
1337 1365 1447 1424 sciens
1472 1366 1588 1425 contra
1611 1379 1685 1425 eam
1712 1365 1838 1426 temere

190 1463 225 1522 et
235 1462 396 1522 canonice
410 1460 567 1537 possidet,
578 1461 678 1522 autin
691 1460 838 1523 tutu-rum
849 1466 990 1521 conces*
1042 1459 1157 1521 venire
1183 1459 1372 1532 tentaverit,
1403 1460 1549 1522 secundo
1579 1459 1722 1523 tertiove
1746 1476 1839 1523 com-

190 1557 989 1636 sionepcntiflcum‚largitioneregum,relprin·-
1043 1557 1178 1629 monita,
1196 1556 1264 1618 nisi
1289 1557 1418 1618 reatum
1440 1573 1537 1618 suum
1563 1571 1710 1633 congrua
1734 1557 1838 1621 satis-

191 1655 314 1732 cipum,
330 1654 498 1716 oblatione
518 1654 678 1727 fidelium,
704 1670 764 1716 seu
793 1655 871 1715 aliis
887 1654 988 1731 justis
1043 1653 1186 1715 factione
1209 1654 1409 1727 correxerit,
1431 1654 1604 1730 potestatis
1635 1655 1839 1732 honorisque

190 1752 309 1822 modis,
326 1751 506 1828 praestante
518 1752 669 1823 Domino,
684 1751 807 1828 poterit
830 1750 985 1827 adipisci,
1043 1751 1096 1811 sui
1112 1750 1273 1827 dignitate
1284 1751 1408 1822 careat,
1421 1766 1579 1828 reamque
1590 1751 1844 1831 divinojudlclo¹

190 1848 402 1920 firmatobiS,
413 1849 590 1925 etbisquaa
600 1851 742 1925 postvos
752 1847 986 1919 successerint,
1042 1848 1187 1909 existere
1202 1848 1243 1909 de
1258 1848 1447 1925 perpetrata
1455 1849 1632 1925 iniquitate
1647 1851 1837 1926 cognoscat,

190 1949 225 2008 et
240 1945 377 2007 illabata
390 1947 618 2022 permaneant,
633 1947 668 2006 in
684 1945 804 2022 quibus
819 1945 892 2004 baec
906 1960 984 2020 pro·
1042 1945 1107 2006 eta
1123 1944 1350 2006 sacratissimo
1366 1947 1546 2022 corporeet
1561 1947 1723 2022 sanguine
1734 1948 1793 2008 Dei
1806 1949 1840 2010 et

190 2043 273 2120 priis
282 2043 438 2104 duximus
453 2041 860 2119 exprimendarocabulis.
873 2041 989 2103 accle-
1043 2043 1174 2103 Domini
1202 2043 1433 2119 Redemptoris
1468 2043 1575 2105 nostri
1605 2046 1685 2106 Jesu
1713 2043 1838 2106 Gbristi

190 2139 275 2202 siam
296 2140 410 2202 Sancti
428 2141 497 2202 Viti
512 2155 587 2200 cum
606 2139 759 2200 omnibus
776 2137 987 2216 pertinentiis
1042 2140 1154 2201 aliena
1167 2139 1236 2208 liat,
1253 2140 1352 2216 atque
1367 2141 1401 2200 in
1422 2143 1570 2202 extremo
1587 2141 1741 2202 examine
1763 2141 1839 2203 dis·

190 2237 272 2308 suia,
299 2237 474 2298 ecclesiam
505 2237 718 2298 saonensis
744 2236 786 2296 de
814 2235 987 2296 Camerata
1041 2236 1148 2298 trictae
1187 2237 1307 2298 ultioni
1346 2237 1526 2315 subjaceat.
1561 2239 1694 2300 Cunctis
1728 2239 1840 2300 autem

190 2349 265 2396 cum
280 2334 491 2410 pertinentiis
506 2334 593 2408 suis3
613 2337 670 2410 J'us
694 2333 781 2410 quod
802 2328 932 2394 habetis
951 2331 987 2392 in
1042 2332 1149 2394 eidem
1164 2333 1237 2395 loco
1250 2350 1316 2394 sua.
1322 2337 1400 2410 jura
1414 2335 1624 2397 servantibus
1639 2336 1683 2398 sit
1697 2351 1763 2413 pax
1776 2340 1837 2398 Do·

190 2431 332 2492 ecclesia
348 2434 382 2492 S.
394 2431 545 2504 Andreae,
562 2447 635 2508 quae
646 2431 697 2492 eet
708 2429 744 2490 in
753 2431 896 2502 hilarate,
912 2445 986 2490 me·
1043 2430 1124 2490 mini
1148 2431 1258 2492 nostri
1272 2433 1352 2493 Je'su
1379 2431 1515 2504 Christi,
1538 2432 1702 2510 quatenus
1727 2435 1761 2496 et
1784 2431 1839 2495 bic

190 2529 347 2591 dietatem
363 2528 569 2592 oblationum
595 2529 630 2588 in
651 2528 802 2590 ecclesiis
824 2528 926 2589 castri
944 2527 987 2588 de
1019 2539 1020 2542 ’
1043 2526 1186 2590 fructum
1201 2528 1296 2597 bonae
1317 2529 1459 2616 actionis
1483 2531 1680 2607 percipiant,
1697 2532 1731 2592 et
1751 2531 1839 2608 apud

190 2627 386 2688 Tulliacotio
415 2626 450 2686 in
482 2625 748 2688 solemnitatibus
784 2625 924 2686 Paschae
955 2626 988 2686 et
1042 2625 1229 2687 districtum
1249 2627 1399 2702 judicem
1425 2628 1563 2703 praemia
1588 2631 1722 2690 aeternae
1746 2629 1838 2706 pacis

189 2724 321 2786 Natalis
337 2723 480 2795 Domini,
495 2724 531 2785 et
551 2722 762 2784 medietatem
787 2723 827 2783 de
843 2722 987 2783 oblatio·
1042 2723 1229 2784 inveniant.
1245 2726 1362 2795 Amen,
1382 2727 1498 2795 Amen,
1513 2728 1627 2784 Arnen.

190 2821 290 2882 nibus
298 2821 515 2893 mortuorum,
531 2820 737 2897 sepulturam
750 2823 913 2896 majorum
925 2819 988 2880 bo·
1074 2821 1152 2896 'Ego
1168 2820 1350 2891 Hunccine,
1365 2819 1546 2882 Catholicae
1561 2820 1718 2882 Ecclesiae
1745 2821 1837 2898 epis*

190 2921 318 2980 minum
337 2917 470 2995 praefati
489 2919 589 2980 castri
615 2941 622 2978 ι
654 2918 864 2994 sepulturam
891 2917 987 2979 Podii
1043 2927 1159 2994 copus,
1176 2917 1348 2994 suscripsi.

190 3013 322 3076 Butarae
339 3030 413 3076 cum
428 3013 604 3076 medietate
619 3013 824 3074 oblationum
838 3013 988 3074 mortuo-
1083 3016 1151 3089 ago
1166 3017 1273 3090 liuga,
1286 3015 1472 3076 Hostiensis
1484 3015 1516 3076 et
1526 3014 1744 3078 velletrensis
1753 3013 1840 3094 epis*

191 3124 280 3172 rum.
293 3110 444 3172 Decimae
471 3109 748 3180 molendinorum,
763 3124 837 3185 quae
853 3109 931 3171 sunt
952 3107 986 3170 in
1043 3126 1146 3188 copus
1160 3111 1333 3188 suscripsi.
1470 3111 1474 3123 “

191 3207 281 3272 valle
302 3209 361 3270 SS.
375 3209 513 3278 cosmae,
529 3207 561 3267 et
584 3207 749 3276 Damiani‚
775 3207 809 3268 et
831 3207 867 3267 in
892 3206 987 3275 alteo
1081 3211 1150 3284 Ego
1177 3208 1283 3270 (tuido
1310 3209 1538 3271 Praenestinus
1564 3209 1740 3288 epiecopus
1762 3223 1839 3272 sus-

191 3304 375 3378 consalta
396 3303 624 3390 moderatione
643 3304 782 3366 concilii
806 3303 984 3380 generalis,
1042 3305 1156 3382 cripsi.

189 3401 464 3478 trigintamodios
476 3401 727 3462 sementaricios
738 3401 985 3473 terrae‚vineas,
1081 3407 1150 3481 Ego
1170 3405 1249 3478 Leo,
1278 3405 1367 3468 tituli
1391 3408 1423 3467 S.
1455 3405 1643 3468 Marcellini
1666 3405 1839 3485 presbyter

189 3500 309 3572 terras,
322 3499 445 3577 sylvas,
455 3499 582 3571 domos,
597 3498 764 3560 casularia
775 3499 893 3576 quaein
905 3512 989 3575 prae·
1043 3501 1134 3576 card.
1152 3519 1197 3563 ss.

191 3596 278 3658 dicto
289 3598 399 3660 castro
412 3595 555 3666 habetis,
569 3596 634 3658 duo
650 3596 851 3664 molendina,
866 3596 987 3672 viginti
1081 3601 1148 3674 Ego
1168 3599 1366 3676 stephanus,
1385 3599 1462 3662 tit...
1479 3598 1652 3678 presbyter
1673 3601 1762 3662 card.
1791 3617 1835 3662 ss.

191 3693 274 3756 duos
297 3694 398 3770 pedes
426 3694 603 3766 terrarum,
627 3693 668 3754 de
692 3693 811 3770 quibus
835 3693 987 3754 homines
1081 3697 1149 3771 Ego
1159 3696 1314 3770 Thomas,
1328 3695 1417 3758 tituli
1433 3697 1562 3758 Sanctae
1581 3696 1713 3758 Sabinae
1726 3698 1834 3774 presb.

191 3792 295 3854 vestri
309 3792 504 3852 monasterii
519 3792 596 3853 sunt
611 3791 785 3864 inlaudati,
809 3791 986 3852 eccleslam
1042 3793 1132 3856 card.
1145 3809 1190 3853 ss.

192 3890 227 3952 S.
235 3889 351 3951 Mariae
363 3888 402 3949 de
413 3888 516 3950 Sorbo
528 3903 602 3950 cum
614 3889 766 3950 omnibus
777 3889 986 3965 pertinentiis
1081 3893 1149 3966 Ego
1161 3894 1179 3953 J
1182 3906 1319 3963 oannes,
1333 3891 1383 3952 tit.
1402 3892 1532 3952 Sanctae
1547 3887 1709 3952 Praxedis
1723 3891 1832 3969 presb.

191 3987 273 4056 suis,
286 3986 495 4050 medietatem
508 3987 605 4050 molae
618 3989 651 4048 S.
663 3987 795 4059 Donati,
808 3985 988 4064 aquaeduc—
1042 3988 1131 4048 card.
1149 4003 1193 4047 ss.

191 4085 260 4146 tum
274 4085 410 4147 lavalle
425 4084 465 4146 de
478 4084 672 4146 Talliacotio
688 4093 766 4146 cu'm
776 4084 986 4160 pertinentiis
1081 4085 1149 4159 Ego
1164 4084 1332 4152 Octavius,
1348 4083 1405 4145 SS.
1424 4080 1540 4160 Sergii*
1555 4085 1588 4147 et
1604 4085 1726 4146 Bacchi
1748 4085 1833 4147 diac.

191 4181 492 4253 suis,medietatem
501 4183 603 4258 sylvae
612 4183 730 4258 capitis
739 4197 846 4258 aquae,
858 4182 986 4259 sylvam
1042 4181 1132 4243 card.
1150 4193 1194 4242 ss.

192 4277 986 4356 decollededocipersuostermincs.Praeterea
1080 4281 1148 4355 Ego
1175 4271 1375 4357 Rayuerius,
1407 4277 1440 4341 S.
1467 4279 1582 4342 Mariae
1598 4279 1634 4341 in
1661 4279 1835 4342 Cosmedin

192 4375 426 4438 renationem
461 4388 573 4436 coram
605 4377 764 4452 praedicto
795 4376 985 4438 Alexandro
1040 4377 1126 4438 diac.
1142 4378 1234 4438 card.
1251 4393 1296 4438 sa.

190 4474 436 4550 predecessore
448 4474 563 4535 nostro
578 4473 787 4550 promissam,
804 4483 903 4552 quam
924 4489 986 4536 no-
1079 4476 1147 4552 Ego
1167 4479 1347 4547 Romanus,
1366 4476 1399 4536 S.
1419 4474 1538 4551 angeli
1557 4475 1643 4538 diac.
1655 4529 1658 4537 .
1671 4477 1762 4538 card.
1788 4491 1832 4537 ss.

190 4569 269 4632 bilis
297 4572 350 4633 vir
372 4571 637 4634 Bartholomaeus
666 4570 707 4632 de
732 4572 919 4634 Talliacoac
945 4572 985 4634 de
1078 4572 1527 4649 Egomgidiusmscosmae
1541 4573 1833 4636 etDamianidiac.

190 4667 305 4746 prauis
317 4668 622 4740 consuetudinibus,
640 4683 723 4746 quas
744 4684 764 4729 a
783 4670 893 4732 restro
908 4683 984 4730 mo·
1040 4669 1129 4730 card.
1149 4687 1194 4730 ss.

190 4765 340 4828 nasteric
363 4765 519 4840 exigebat
532 4781 645 4827 coram
662 4766 813 4842 personis
835 4764 985 4842 pluribus
1078 4769 1147 4841 Ego
1161 4767 1290 4839 Petrus,
1307 4768 1339 4827 S.
1357 4766 1491 4843 Georgii
1503 4767 1545 4827 ad
1556 4768 1673 4828 Velum
1687 4771 1834 4830 Aureum

191 4861 398 4934 secitratam
412 4862 445 4924 et
459 4861 588 4924 firmam
603 4863 776 4936 babentes,
788 4863 985 4924 auctoritate
1040 4862 1126 4924 diac.
1143 4864 1232 4924 card.
1250 4879 1296 4924 ss.

190 4959 605 5036 Apostolicaprobibemus
616 4976 761 5038 nequas
773 4960 987 5022 consuetudi·
1079 4962 1198 5022 Datum
1212 4961 1345 5022 Verulis
1359 4977 1420 5039 per
1436 4963 1575 5022 manum
1592 4960 1698 5033 Willi,
1716 4965 1748 5023 S.
1766 4965 1835 5024 Ro-

191 5067 251 5120 nes
272 5056 467 5133 ipsasidem
485 5057 748 5119 Bartholomaeus
763 5058 817 5120 rel
836 5057 985 5119 haeredes
1040 5074 1147 5119 manae
1182 5057 1340 5120 Ecclesiae
1374 5057 1654 5130 vicecancellarii,
1681 5061 1726 5119 lll
1753 5075 1831 5121 nou.

192 5156 266 5228 ejus
279 5154 392 5230 aliquo
410 5155 558 5231 tempore
580 5154 614 5216 in
634 5155 873 5218 monasterium
887 5169 987 5216 exer·
1040 5155 1168 5232 aprilis,
1196 5155 1266 5216 ind.
1295 5157 1350 5226 IX,
1379 5153 1625 5215 incarnationis
1652 5157 1834 5218 Dominicae

192 5265 270 5314 cere
283 5255 496 5330 praesumant.
520 5253 736 5314 lieceruimus
757 5269 836 5330 ergo
850 5255 887 5316 ut
901 5253 985 5314 nulli
1040 5268 1130 5313 anno
1152 5255 1339 5322 dccxxii,
1361 5245 1572 5328 pontificatus
1601 5267 1680 5315 tero
1708 5254 1833 5316 domini

192 5350 327 5410 omnino
347 5348 518 5410 bominum
536 5350 637 5412 liceat
656 5350 832 5427 praelatum
848 5357 985 5412 monas·
1041 5350 1178 5411 Honorii
1193 5365 1286 5426 papae
1302 5351 1347 5409 ΙΙΙ
1360 5365 1448 5409 anno
1459 5350 1564 5411 sexte.

192 5445 314 5507 terium
329 5447 453 5507 temere
469 5445 673 5522 perturbare,
691 5450 748 5510 aut
763 5450 834 5524 eJus
850 5463 986 5524 posses-
