4262 6382
129 321 190 380 805

131 480 165 542 et
189 477 352 554 episcopis
381 493 420 540 ac
448 478 579 540 dilectis
603 475 704 548 tiliis,
731 476 923 550 abbatibus,

132 575 308 652 prioribus,
335 573 480 646 decanis,
510 574 767 646 archidiaconis,
798 573 927 636 officia-

132 670 219 732 libus
239 671 273 732 et
286 671 363 732 aliis
382 671 602 732 ecclesiarum
612 671 771 747 praelatis,
786 671 827 731 ad
843 687 926 748 quos

135 768 255 830 litterae
270 769 344 829 istae
354 769 577 844 pervenerint,
590 768 742 840 salutem,
758 770 821 830 eto.

175 865 255 926 Cum
279 865 414 927 abbates
435 864 668 927 Cisterciensis
692 865 819 926 ordinis
837 865 926 926 tem-

136 977 216 1037 pore
232 962 372 1025 Concilii
386 961 564 1037 generalis,
582 962 623 1022 ad
638 962 928 1023 commonitionem

136 1058 244 1119 felicis
259 1059 427 1120 memoriae
443 1059 630 1120 innocentii
644 1073 737 1134 papae
749 1059 930 1134 praedeees-

135 1156 220 1216 soris
234 1155 341 1218 nostri
361 1155 549 1226 statuerint,
566 1156 602 1216 ut
617 1155 659 1216 de
672 1156 793 1216 cataro
809 1153 928 1215 fratres

134 1251 239 1327 ipsius
263 1251 405 1323 ordinis,
428 1267 470 1312 ne
485 1252 660 1313 occasione
676 1249 928 1328 privilegiorum

134 1362 270 1408 suorum
295 1347 448 1410 ecclesia
469 1348 612 1410 ulterius
632 1335 866 1423 gravarentur,
889 1347 930 1406 de

135 1444 255 1506 alienis
269 1445 379 1516 terris,
396 1446 429 1507 et
441 1444 483 1505 ab
496 1460 535 1505 eo
545 1445 693 1520 tempore
704 1444 928 1520 acquirendis,

134 1541 165 1604 si
179 1556 236 1602 eas
254 1541 398 1617 propriis
418 1540 571 1602 manibus
596 1543 655 1602 aut
669 1539 854 1617 sumptibus
868 1555 929 1602 co-

135 1637 253 1709 lerent,
270 1636 416 1698 decimas
431 1636 659 1712 persolverent
673 1637 837 1707 ecclesiis,
862 1635 932 1711 qui·

134 1732 197 1794 bus
215 1733 345 1794 ratione
365 1732 566 1808 prediorum
588 1734 686 1794 antea
702 1733 929 1803 solvebantur,

137 1829 205 1890 nisi
220 1844 295 1888 cum
309 1829 359 1890 eis
374 1829 527 1890 ecclesiis
541 1829 639 1891 aliter
660 1829 819 1890 ducerent
839 1844 932 1889 com·

138 1925 342 2000 ponendum
359 1925 447 1986 idem
463 1925 689 2002 praedecessor
702 1928 827 1994 noster,
852 1925 930 2002 quia

137 2021 293 2098 sperabat
312 2022 348 2082 ut
363 2021 580 2084 ecclesiarum
604 2023 734 2099 praelati
755 2021 930 2100 proniores

137 2119 170 2180 et
194 2118 399 2180 efficaciores
427 2119 614 2181 existerent
639 2120 680 2181 ad
708 2118 931 2180 exhibendum

138 2215 186 2274 eis
203 2213 243 2275 de
258 2213 327 2276 suis
342 2214 610 2276 malefactoribus
622 2216 763 2292 justitiae
785 2213 933 2290 comple-

140 2311 297 2382 mentum,
324 2313 484 2372 eteorum
501 2311 676 2388 privilegia
691 2311 884 2386 diligentius
899 2309 932 2370 et

137 2405 316 2482 perfectius
330 2407 555 2479 observarent,
569 2409 727 2469 statutum
740 2406 930 2483 hujusmodi

138 2505 247 2565 ratum
263 2503 388 2564 habens
400 2505 433 2566 et
446 2507 578 2580 gratum
595 2505 659 2566 boc
673 2505 782 2580 ipsum
794 2503 835 2566 ad
846 2503 932 2564 alios

138 2600 322 2675 regulares,
337 2602 392 2678 qui
406 2599 930 2676 gaudentsimilibusprivilegiis,

139 2697 276 2758 extendi
299 2698 406 2759 voluit
422 2700 455 2760 et
477 2698 657 2760 mandavit.
684 2699 747 2758 Sed
769 2697 855 2775 quod
872 2697 933 2758 do-

140 2792 246 2854 lentes
276 2794 475 2866 referimus,
506 2795 540 2854 in
570 2795 775 2856 contrarium
802 2809 855 2854 res
884 2795 934 2856 est

139 2905 248 2951 versa.
267 2891 362 2962 Quia,
386 2892 473 2952 sicut
490 2905 534 2951 ex
554 2891 700 2951 indicata
724 2891 858 2966 querela
874 2890 935 2950 ab-

140 2987 254 3047 batam
267 2988 372 3062 ipsius
388 2987 515 3047 ordinis
531 2986 720 3062 frequenter
733 2986 931 3055 audivimus,

140 3081 292 3142 nonnulli
308 3081 524 3143 ecclesiarum
540 3081 670 3158 praelati
685 3084 718 3142 et
740 3083 798 3142 alli
819 3081 933 3142 clerici

140 3195 255 3240 eorum
277 3179 452 3255 privilegia
471 3180 595 3241 temere
619 3179 879 3249 contemnentes
901 3179 933 3239 et

140 3276 378 3339 contendentes
398 3276 564 3337 malitiose
581 3277 728 3352 ipsorum
743 3277 934 3351 pervertere

141 3374 369 3445 intellectum,
397 3387 455 3434 eos
480 3371 709 3449 multipliciter
735 3371 932 3448 inquietant.

141 3473 227 3532 Nam
248 3486 322 3533 cum
344 3471 389 3532 sit
412 3469 494 3547 ipsis
523 3467 687 3530 indultum
708 3472 746 3530 ut
768 3469 809 3529 de
830 3483 936 3530 nova-

142 3568 239 3640 libus,
262 3585 334 3645 quae
349 3567 493 3645 propriis
509 3566 663 3627 manibus
677 3569 736 3626 ant
749 3566 934 3642 sumptibus

142 3666 308 3737 excolunt,
325 3665 397 3726 sive
411 3664 452 3725 de
466 3665 584 3736 hortis,
600 3663 756 3740 virgultis
770 3666 804 3725 et
825 3665 936 3740 pisca-

141 3761 287 3824 tionibus
311 3762 399 3834 suis,
426 3761 480 3822 vel
506 3762 547 3822 de
571 3775 710 3823 suorum
738 3761 934 3822 animalium

142 3859 370 3930 nutrimentis,
391 3858 506 3920 nullus
521 3858 562 3919 ab
577 3859 627 3920 eis
641 3859 788 3920 decimas
800 3859 936 3934 exigere

142 3956 196 4016 vel
212 3957 410 4032 extorquere
421 3956 611 4030 praesumat,
627 3956 765 4032 quidam
779 3969 935 4031 perverso

142 4053 313 4114 intellectu
336 4052 477 4112 conficto
501 4051 650 4112 dicentes
669 4053 755 4128 quod
776 4053 848 4113 baec
869 4067 934 4112 non

144 4150 282 4226 possunt
305 4163 367 4209 nec
391 4147 511 4210 debent
533 4149 695 4224 intelligi,
717 4149 783 4209 nisi
813 4151 853 4210 de
882 4150 935 4210 bis

145 4261 218 4322 quae
237 4245 403 4306 suntante
415 4244 538 4306 dictum
555 4245 738 4308 Concilium
761 4244 934 4322 acquisita,

144 4341 234 4417 ipsos
244 4339 403 4416 superbis
414 4340 589 4416 multiplici
601 4341 774 4402 exactione
783 4340 934 4416 fatigant.

143 4440 212 4499 Nos
233 4437 335 4512 igitur
348 4438 588 4514 eorum'quieti
612 4439 750 4514 paterna
772 4439 937 4500 sollicitu-

144 4535 221 4595 dine
231 4534 577 4611 providerevolentes,
592 4535 803 4596 universitati
817 4536 936 4597 vestrae

144 4647 203 4709 per
214 4632 403 4708 apostolica
414 4632 536 4709 scripta
551 4632 757 4704 mandamus,
774 4635 936 4709 quatenus

144 4729 279 4790 abbates
293 4730 327 4791 et
349 4729 469 4790 iratres
489 4730 637 4806 ejusdem
659 4730 786 4792 ordinis
806 4745 825 4790 a
850 4745 937 4806 pra-

144 4826 287 4888 statione
306 4826 507 4886 deoimarum
529 4829 598 4888 tam
614 4825 655 4886 de
667 4826 936 4903 possessionibus

143 4923 265 4985 habitis
289 4925 367 4984 ante
388 4924 571 4984 Concilium
597 4925 814 4985 memoratum
837 4939 936 5001 quam
989 4933 991 4938 ’

144 5021 184 5081 de
199 5020 386 5091 novalibus,
404 5021 475 5080 sive
488 5022 565 5082 anta
578 5021 649 5083 sive
664 5024 739 5097 post
750 5021 838 5081 idem
851 5023 937 5082 Gon·

145 5118 258 5178 cilium
288 5117 474 5194 acquisitis,
507 5133 590 5194 quas
615 5117 760 5193 propriis
784 5115 937 5178 manibus

145 5216 202 5276 aut
231 5215 414 5290 sumptibus
442 5211 610 5282 excolunt,
642 5216 675 5276 ei
703 5214 743 5274 de
772 5213 878 5275 bostis
905 5215 938 5275 et

145 5311 298 5386 virgultis
311 5314 343 5371 et
356 5312 595 5387 piscationibus
605 5312 686 5382 suis,
699 5325 739 5371 ac
751 5309 791 5371 de
801 5327 937 5372 suornm

145 5405 339 5468 animalium
368 5407 600 5480 nutrimentis,
640 5407 763 5483 singuli
790 5409 937 5470 vestrum

146 5503 279 5564 omnino
295 5506 434 5567 servetis
446 5506 622 5567 immunes.
638 5505 754 5566 Datum
768 5506 935 5577 Laterani,

27 5659 28 5662 ,
147 5603 934 5678 anonasmartii‚pontificatnostriannonono.

710 273 720 296 ²
746 321 973 380 nrisronrs.
998 322 1074 382 nra.
1100 323 1154 382 rx.

1334 491 1418 578 cvl

982 641 1033 700 Ad
1050 641 1256 714 episcopum,
1272 643 1439 702 decertum
1456 643 1489 702 et
1514 645 1772 704 irrestaurartum

1168 740 1395 814 laterenensis
1416 741 1580 800 dioecesis.

1271 865 1394 924 dmartii
1412 867 1490 924 laid.

1008 987 1126 1052 [aegeon
1141 987 1185 1039 lib.
1199 987 1243 1050 lX,
1255 989 1327 1052 epist.
1339 989 1394 1039 290.
1406 989 1463 1039 ldss.
1475 989 1510 1040 La
1523 987 1599 1040 Porta
1611 989 1646 1040 dn
1658 991 1752 1054 Thell]

984 1112 1100 1170 Mandat
1122 1113 1164 1170 eis
1185 1121 1217 1171 ut
1235 1113 1269 1171 Α.
1291 1115 1402 1182 mulier,
1418 1130 1481 1187 quie
1496 1117 1524 1172 S.
1542 1114 1623 1172 militi
1646 1118 1707 1172 viro
1723 1131 1776 1174 suo

1019 1201 1163 1257 licentiam
1179 1201 1347 1273 religionem
1366 1202 1487 1259 intrandi
1506 1211 1696 1285 concesserat,
1714 1205 1775 1276 ipsa

1020 1288 1056 1346 ad
1067 1289 1271 1346 monasterium
1283 1289 1395 1364 ingredi
1406 1289 1510 1348 idcireo
1520 1291 1586 1364 cogi
1600 1306 1656 1348 non
1671 1292 1775 1349 sinant.

1025 1424 1193 1486 Honorius
1204 1424 1388 1501 episcopus,
1400 1439 1515 1486 servus
1524 1439 1696 1486 servorum
1705 1427 1776 1496 Dei,

984 1519 1171 1581 venerabili
1198 1518 1292 1581 fratri
1296 1563 1356 1582 .....
1386 1522 1559 1598 episcopo,
1588 1523 1621 1583 et
1648 1521 1778 1584 dilectis

986 1616 1101 1678 tiliis...
1121 1616 1258 1688 decano,
1280 1619 1314 1678 et
1328 1618 1539 1679 thesaurario
1560 1619 1776 1694 lingonensi,

985 1713 1127 1774 salutem
1140 1714 1173 1776 et
1186 1713 1409 1790 apostolicam
1421 1713 1696 1778 benedictionem.

1027 1809 1235 1886 Significavit
1260 1810 1356 1872 nobis
1379 1814 1418 1872 A.
1445 1812 1567 1872 mulier
1589 1812 1676 1889 quod
1704 1827 1779 1874 cum

986 1907 1059 1983 ipsa
1094 1909 1127 1968 S.
1156 1907 1254 1968 militi
1281 1909 1353 1968 viro
1381 1923 1442 1970 sue
1472 1923 1622 1970 coram...
1652 1909 1801 1994 decano!

986 2003 1101 2064 Sancti
1131 2004 1280 2075 Quiriaci
1316 2003 1552 2072 Pruvinensis,
1583 2004 1655 2066 vlce
1683 2006 1779 2066 bonae

986 2099 1155 2162 memoriae
1181 2103 1218 2160 Ρ.
1239 2100 1484 2178 archiepiscopi
1515 2102 1718 2162 senonensis
1742 2102 1778 2162 ln

986 2195 1050 2257 bac
1068 2196 1162 2272 parte
1183 2196 1360 2272 dirigente,
1386 2197 1555 2258 licentiam
1578 2198 1781 2261 concesserit

986 2292 1184 2368 religionem
1194 2293 1693 2366 intrandi‚continentiaetamen
1703 2295 1780 2356 voto

948 2403 953 2413 ’
987 2389 1094 2452 eidem
1104 2390 1266 2466 injuncto,
1276 2391 1309 2452 et
1321 2394 1454 2467 recepta
1468 2390 1531 2452 fide
1541 2391 1582 2452 ab
1598 2391 1682 2468 ipsa,
1694 2391 1781 2467 quod

988 2487 1145 2562 perpetuo
1176 2487 1382 2560 contineret,
1419 2488 1507 2548 idem
1535 2488 1680 2550 decanus
1708 2489 1783 2564 post

988 2583 1109 2644 factam
1133 2582 1373 2660 professionem
1397 2600 1417 2646 a
1437 2585 1542 2646 milite
1564 2565 1731 2648 aniedicto
1744 2586 1779 2646 in

988 2680 1193 2742 monasterio
1219 2680 1256 2740 in
1286 2695 1351 2756 quo
1379 2681 1529 2742 babitum
1555 2682 1783 2756 assumpserat

988 2777 1228 2848 monaobalem,
1255 2777 1399 2837 asseruit
1425 2778 1530 2852 ipsam
1553 2776 1673 2838 debere
1696 2777 1781 2838 reli-

988 2873 1121 2948 gionem
1144 2873 1291 2942 intrare,
1317 2887 1516 2949 quamquam
1534 2873 1567 2934 id
1588 2874 1695 2949 primo
1714 2887 1780 2934 non

989 2969 1208 3046 expressisset
1232 2969 1351 3040 eidem,
1378 2971 1412 3031 et
1438 2970 1502 3030 hoc
1530 2984 1689 3046 expresso
1709 2970 1782 3045 ipsa

988 3066 1038 3126 illi
1060 3065 1230 3126 licentiam
1250 3081 1315 3127 non
1333 3065 1488 3138 dedisset,
1511 3079 1551 3128 ac
1572 3079 1646 3127 eam
1660 3067 1701 3127 ad
1717 3067 1782 3128 boc

990 3177 1048 3238 per
1078 3162 1301 3224 venerabilem
1330 3162 1467 3224 fratrem
1492 3163 1642 3225 nostrum
1670 3162 1783 3224 archi-

989 3259 1181 3337 episcopum
1203 3261 1427 3320 senonensem
1447 3260 1525 3322 feclt
1540 3260 1665 3336 pluries
1686 3276 1782 3320 com-

989 3357 1128 3428 moneri,
1153 3358 1287 3433 propter
1308 3357 1394 3434 quod
1415 3357 1530 3418 eadem
1552 3356 1592 3418 de
1618 3372 1782 3418 consensu

989 3453 1068 3514 dicti
1083 3453 1325 3530 archiepiscopi
1341 3456 1492 3516 nostrum
1510 3469 1611 3530 super
1625 3454 1688 3517 hoo
1702 3469 1784 3514 con·
1878 3441 1883 3451 '

990 3551 1101 3612 silium
1134 3551 1339 3628 imploravit.
1385 3553 1547 3624 Quocirca
1586 3552 1783 3612 mandamus

990 3649 1164 3724 quatenus,
1185 3649 1215 3708 si
1235 3649 1297 3710 est‘
1310 3649 1357 3709 ita
1377 3651 1409 3710 et
1432 3650 1483 3710 est
1504 3649 1581 3710 talis
1597 3648 1717 3719 aetafis,
1742 3648 1783 3708 de

990 3759 1054 3820 qua
1069 3745 1216 3821 suspicio
1235 3743 1353 3804 baberi
1370 3759 1436 3804 non
1454 3745 1574 3820 possit;
1600 3745 1706 3818 ipsam
1718 3759 1783 3803 ve-

989 3841 1059 3902 tum
1087 3841 1301 3903 continentiae
1331 3839 1573 3908 observantem,
1597 3840 1725 3901 intrare
1746 3840 1782 3898 in

989 3939 1230 3999 monasterium
1244 3936 1398 4046 cpmpelli
1417 3951 1484 3998 non
1505 3937 1703 4012 permittatis
1729 3936 1786 3997 in·

990 4035 1104 4096 vitam.
1121 4034 1212 4105 Quod
1238 4049 1267 4094 si
1286 4049 1353 4094 non
1368 4048 1482 4094 omnes
1497 4034 1550 4094 bis
1563 4033 1783 4109 exsequendis

990 4132 1162 4202 interesse,
1179 4133 1242 4192 etc.
1272 4131 1390 4192 Datum
1419 4131 1585 4201 Laterani,
1607 4132 1653 4191 Ill
1678 4145 1784 4190 nonas

991 4228 1114 4299 martii,
1129 4227 1342 4306 pontificatus
1357 4228 1462 4290 nostri
1479 4241 1566 4288 anno
1582 4241 1681 4288 nono.

1336 4459 1441 4548 avii

991 4611 1042 4672 Ad
1051 4611 1207 4672 abbatem
1218 4611 1252 4672 et
1262 4614 1420 4686 priorem
1429 4615 1464 4674 S.
1473 4615 1600 4682 chobi,
1609 4615 1782 4684 praeposi-

1031 4708 1105 4768 tum
1119 4709 1154 4768 S.
1171 4710 1323 4774 Qniriact
1342 4711 1383 4768 de
1398 4713 1556 4769 Prncotno
1577 4711 1784 4769 senonensis

1031 4807 1196 4866 dioecesis.
1720 4821 1725 4830 ·

1277 4881 1399 4938 dmartii
1417 4879 1495 4938 tate.

1016 4965 1143 5057 lllegest,
1154 4993 1248 5052 lile,
1261 4992 1335 5056 epist.
1346 4991 1401 5042 ald.
1412 4993 1470 5042 bles.
1482 4993 1598 5043 LaPorte
1610 4993 1645 5043 du
1657 4992 1751 5057 insit]

991 5110 1045 5164 Dat
1068 5108 1110 5164 eis
1130 5109 1305 5180 provinciam
1328 5121 1455 5175 cansam,
1472 5123 1535 5180 quaa
1554 5108 1627 5165 inter
1652 5108 1783 5167 abbatem

1027 5195 1205 5254 SanotiPetri
1216 5195 1289 5264 Vivi,
1301 5203 1329 5252 et
1344 5194 1575 5257 archidiaconum
1588 5189 1782 5255 senonensem

1027 5283 1199 5353 vertebatur,
1210 5283 1393 5340 terminandi.

1031 5408 1782 5484 Honoriusepiscopus,servusservorumbei,
1849 5467 1860 5476 .

992 5503 1121 5565 dilectis
1132 5504 1246 5565 filiis...
1264 5503 1385 5575 abbati,
1402 5507 1471 5568 et...
1486 5508 1590 5584 priori
1604 5511 1636 5569 S.
1654 5507 1781 5580 Jacobi,

993 5603 1025 5662 et
1039 5602 1216 5678 praeposito
1232 5603 1264 5663 S.
1278 5601 1424 5675 Quiriaoi
1446 5603 1486 5663 de
1502 5605 1658 5677 Pruvino,
1675 5607 1781 5666 Seno-
