4262 6382
957 245 1133 307 HONORII
1155 245 1202 306 ΙΙΙ
1223 246 1371 306 OPERA.

645 409 832 498 ccxxix

340 561 602 622 decertandum
617 563 813 636 episcopum
828 563 1133 624 Hitdcoemeuscm.

631 700 666 759 23
681 701 749 758 maii
764 701 844 759 titt.

488 823 650 889 [sudandam
665 824 770 889 Regisl„
784 825 816 884 ll,
831 823 985 891 1111171]

341 951 377 1008 Ut
397 949 549 1022 diligenter
574 951 718 1007 examinet
742 965 778 1008 an
799 950 833 1008 ad
858 919 1066 1009 absolutionem
1090 951 1135 1008 vel

375 1037 642 1095 condemnationem
673 1040 787 1097 ilenrici
817 1039 959 1108 Minuilte,
992 1040 1135 1112 prepositi

375 1127 403 1184 S.
425 1127 520 1184 llariae
535 1127 564 1183 in
579 1127 716 1196 Goslaria,
734 1143 919 1200 processurus
933 1129 979 1185 sit.

379 1262 547 1324 Honorius
557 1263 743 1340 episcopus,
753 1279 870 1326 servus
881 1279 1052 1326 servorum
1061 1263 1133 1336 Dei,

338 1359 524 1420 venerabili
537 1360 632 1420 tratri
646 1360 801 1438 episcopo
816 1361 1070 1434 Hildesemensi,
1086 1377 1137 1422 sa·

339 1443 441 1516 tutem
456 1458 489 1518 et
502 1456 725 1532 apostoticam
739 1458 1014 1522 benedictionem.

379 1555 538 1630 Expecta
557 1555 729 1632 praepositi
745 1559 777 1616 S.
795 1557 910 1618 Mariae
926 1557 961 1618 in
983 1556 1135 1618 Gestaria

338 1649 401 1712 luit
416 1652 620 1728 propositum
636 1669 749 1714 coram
769 1653 877 1726 nobis,
894 1654 981 1732 quod
1003 1655 1052 1726 tu,
1069 1669 1134 1716 no-

337 1747 485 1809 tantibus
514 1765 589 1810 eum
616 1751 813 1828 quibusdam
838 1753 969 1813 aemulis
995 1752 1066 1812 suis
1094 1752 1136 1812 de

338 1844 495 1907 haeretica
516 1847 691 1924 pravitate,
718 1865 785 1910 non
810 1850 1048 1922 examinatum,
1074 1865 1135 1910 nec

338 1943 537 2016 convictum,
572 1961 633 2006 nec
677 1946 877 2018 contessum,
915 1947 989 2022 capi
1027 1945 1135 2008 fecisti

338 2040 490 2102 eumdem
507 2041 539 2102 et
554 2042 717 2103 carcerali
737 2043 865 2105 detines
880 2042 1030 2104 custodia
1045 2059 1136 2105 man·

338 2137 491 2212 cipetum.
513 2138 605 2200 Unde
620 2139 792 2202 humiliter
807 2140 988 2217 postulavit
1003 2141 1040 2202 ut
1053 2157 1136 2202 exa-

338 2234 462 2295 minari
476 2235 586 2312 ipsum
607 2251 708 2313 super
726 2238 879 2300 articulis
899 2237 976 2298 lidei
996 2238 1136 2300 manda-

338 2346 462 2403 remus,
478 2333 520 2403 et,
541 2333 569 2392 si
581 2333 739 2396 inventus
754 2333 855 2397 luerit
879 2351 996 2412 sapere
1019 2337 1134 2397 contra

339 2427 436 2490 fldem
453 2430 486 2492 et
500 2431 597 2506 juxta
613 2431 805 2493 mandatum
820 2432 978 2494 Ecclesiae
1001 2432 1042 2492 ad
1063 2435 1135 2510 ejus

338 2542 406 2587 non
426 2526 566 2589 redierit
581 2528 754 2598 unitatem,
771 2530 929 2606 perpetuo
950 2529 1134 2591 faceremus

338 2637 414 2684 eum
430 2626 558 2686 carceri
580 2625 745 2703 deputari.
768 2627 851 2699 Quia
867 2642 946 2689 vero
962 2626 1135 2703 indignum

338 2719 508 2795 existeret,
540 2725 575 2784 ut
602 2724 635 2784 et
668 2723 830 2786 innocens
856 2724 1073 2787 damnaretur
1102 2726 1136 2787 et

336 2833 437 2895 poena
456 2834 523 2880 non
545 2821 741 2896 sequeretur
760 2821 869 2882 debita
894 2821 972 2883 iidei
994 2837 1134 2898 perver-

336 2931 457 2988 sorem,
495 2916 697 2980 fraternitati
738 2921 805 2980 tuae
846 2935 907 2996 per
945 2919 1134 2996 apostolica

337 3013 461 3090 scripta
472 3014 679 3087 mandamus,
692 3019 855 3092 quatenus
867 3016 1041 3094 praelatum
1053 3033 1136 3094 prae·

339 3112 482 3188 positum
497 3111 539 3173 ad
564 3114 767 3175 venerabilis
787 3113 903 3176 fratris
925 3115 1032 3176 nostri
1051 3118 1137 3176 Por-

338 3208 466 3269 tuensis
493 3209 652 3286 episcopi,
680 3212 879 3288 Apostolicae
902 3212 996 3274 Sedis
1020 3210 1133 3288 legati,

339 3306 394 3367 cui
406 3322 508 3383 super
522 3307 585 3368 hoc
599 3307 775 3384 dirigimus
798 3309 921 3386 scripta
941 3313 1055 3370 nostra
1075 3309 1136 3370 ad-

339 3403 442 3464 ducas
466 3404 692 3481 praesentiam,
718 3407 751 3466 et
776 3421 889 3467 coram
913 3423 964 3478 eo,
986 3406 1135 3483 praelatis

338 3499 511 3560 instructis
535 3501 571 3560 in
595 3516 692 3562 sacra
716 3502 839 3578 pagina
861 3503 902 3563 ad
923 3503 986 3564 hoc
1005 3504 1136 3579 specia-

338 3597 418 3657 liter
443 3598 645 3670 convocatis
683 3599 856 3660 examines
890 3600 1068 3677 diligenter
1094 3600 1135 3662 ad

338 3693 582 3757 absolutionem
605 3695 658 3758 vel
685 3697 992 3760 condemnationem
1015 3697 1133 3774 ipsius,

340 3795 439 3870 prout
458 3793 639 3855 secundum
664 3795 767 3856 Deum
789 3796 822 3857 et
845 3795 1038 3857 orthodoxae
1058 3795 1156 3872 fidei,

341 3891 520 3966 puritatem
536 3892 694 3969 expedire
708 3891 888 3962 videbitur,
904 3907 1132 3970 processurus

341 3988 460 4049 Datum
481 3989 648 4062 Laterani,
668 3992 699 4050 X
722 3989 884 4052 kalendas
899 3990 1000 4068 junii,
1021 3990 1135 4068 ponti-

342 4084 461 4148 ficatus
476 4086 583 4148 nostri
599 4102 688 4148 anno
704 4087 833 4150 oetam.

656 4381 823 4470 CCXXX

342 4541 394 4604 Ad
408 4543 601 4602 Hammeum
613 4543 767 4603 abbatem
778 4543 984 4603 monasterti
992 4541 1136 4603 Sancto-

382 4654 465 4700 rum
482 4639 584 4700 Petri
603 4639 637 4701 et
658 4641 762 4700 Pauli
783 4639 888 4712 atque
909 4639 1071 4700 Muurtttt
1095 4641 1135 4700 de

381 4739 548 4799 Ebersbet
586 4780 594 4796 .

633 4814 668 4872 ²3
683 4813 750 4872 maii
766 4813 845 4872 titt.

458 4947 637 5012 [Wurdlwcim
652 4947 723 4998 Nova
735 4946 857 5006 subsidia,
874 4945 1022 5011 11111171]

342 5085 546 5144 nonasterium
562 5083 611 5140 SS.
627 5082 703 5140 Petri
716 5089 745 5139 et
760 5081 840 5226 quuli
854 5087 939 5154 atque
951 5081 1075 5140 Mauritii
1086 5095 1132 5139 so·

377 5172 545 5243 ciorumque
560 5172 623 5243 ejus
640 5169 677 5228 de
698 5170 787 5228 libers
808 5170 876 5239 eim,
898 5170 984 5226 situm
1008 5170 1037 5226 in
1059 5184 1136 5243 page

376 5259 530 5317 Alsatiensi
543 5273 628 5332 super
642 5257 771 5330 fluvium,
786 5259 834 5331 qui
850 5258 952 5316 dicitur
963 5258 1034 5327 Ylla,
1051 5265 1133 5316 tuen·

378 5349 445 5406 dum
470 5349 588 5421 suscipit
617 5362 775 5422 omnesque
801 5348 863 5422 eius
884 5349 1084 5421 possessiones
1103 5361 1136 5405 ae

377 5437 452 5494 bona
467 5437 627 5494 confirmat.

383 5563 549 5626 Honorius
558 5563 744 5642 episcopus,
756 5579 871 5625 servus
882 5579 1053 5625 servorum
1063 5561 1133 5634 Dei,

1923 249 1990 310 n56

1191 402 1320 466 dilectis
1357 401 1436 464 liliis
1472 402 1618 464 Henrico
1652 400 1764 466 abbati
1792 404 1989 468 monasterii

1192 502 1388 562 Sanctorum
1403 499 1495 562 Petri
1510 501 1544 562 et
1557 501 1654 562 Pauli
1669 503 1769 578 atque
1781 502 1932 564 Mauritii
1945 503 1988 564 de

1192 597 1396 670 Ebersheim,
1414 601 1553 675 ejusque
1570 597 1731 660 iratribus
1751 601 1819 660 tam
1834 615 1988 676 praesen·

1189 694 1279 757 tibus
1304 711 1403 771 quam
1427 695 1549 756 suturis
1572 697 1762 772 regularem
1781 698 1886 759 vitam
1909 713 1988 774 pro-

1191 791 1289 852 fessis
1304 793 1339 852 in
1354 794 1548 869 perpetuam
1564 795 1770 884 memoriam.
1953 858 1959 870 ,

1230 889 1366 960 Quoties
1380 905 1399 950 a
1414 889 1509 950 nobis
1525 892 1658 966 petitur,
1676 891 1762 967 quod
1782 891 1939 967 religioni
1954 893 1988 954 et

1190 985 1359 1049 honestati
1372 987 1553 1048 convenire
1565 987 1783 1074 dignoscitur,
1800 989 1911 1077 animo
1924 1006 1987 1052 nos

1191 1083 1284 1147 decet
1304 1084 1420 1146 libenti
1435 1084 1628 1158 concedere,
1645 1085 1678 1147 et
1693 1083 1985 1162 petentium‘desi-

1190 1181 1293 1242 deriis
1310 1197 1493 1258 congruum
1508 1181 1707 1258 suffragium
1724 1183 1901 1260 impertiri.
1916 1187 1986 1246 Ea-

1191 1280 1335 1356 propter,
1347 1279 1460 1340 dilecti
1472 1280 1507 1340 in
1518 1280 1657 1340 Domino
1668 1279 1741 1352 tilii,
1752 1281 1875 1343 vestris
1883 1283 1986 1359 justis

1190 1375 1469 1452 postulationibus
1508 1376 1689 1438 clementer
1723 1379 1915 1450 annuimus
1952 1379 1985 1441 ei

1190 1472 1364 1550 praefatum
1379 1474 1619 1536 monasterium
1636 1476 1832 1537 sanctorum
1847 1477 1939 1538 Petri
1953 1477 1988 1538 et

1191 1570 1287 1631 Pauli
1302 1571 1401 1646 atque
1424 1571 1585 1644 Mauritii,
1602 1573 1836 1650 sociorumque
1851 1576 1924 1651 ejus
1945 1573 1986 1634 de

1191 1667 1395 1740 Ehersheim,
1412 1669 1513 1729 situm
1528 1669 1563 1730 in
1577 1685 1662 1746 pago
1674 1670 1868 1744 alsatiensi,
1885 1686 1986 1748 super

1191 1765 1329 1826 fiuvium
1356 1765 1413 1841 qui
1442 1765 1564 1828 dicitur
1591 1766 1680 1840 Ylla‚
1715 1768 1751 1828 in
1780 1784 1845 1844 quo
1872 1768 1987 1830 divino

1191 1863 1372 1940 mancipati
1387 1863 1467 1925 estis
1487 1863 1657 1941 obsequio,
1674 1864 1716 1925 ad
1739 1865 1912 1942 exemplar
1932 1865 1986 1926 le-

1191 1959 1266 2022 licis
1292 1960 1535 2022 recordationis
1564 1962 1658 2022 Lucii
1681 1977 1775 2038 papae
1799 1963 1988 2040 praedeces-

1191 2057 1277 2118 soris
1293 2058 1408 2130 nostri,
1433 2058 1494 2118 sub
1508 2058 1597 2119 beati
1622 2059 1712 2120 Petri
1727 2062 1761 2120 et
1779 2061 1893 2122 nostra
1908 2076 1988 2137 pro-

1189 2156 1333 2216 tectione
1360 2155 1571 2232 suscipimus,
1606 2157 1642 2218 et
1664 2157 1839 2232 praesentis
1870 2157 1988 2234 scripti

1190 2251 1365 2328 privilegio
1376 2253 1629 2324 communimus,
1645 2254 1807 2330 inprimis
1822 2254 1987 2331 siquidem

1190 2349 1383 2422 statuentes,
1407 2351 1443 2410 ut
1457 2350 1538 2411 ordo
1553 2351 1767 2422 monasticus,
1785 2351 1842 2428 qui
1864 2367 1988 2412 secun-

1190 2445 1267 2506 dum
1294 2446 1354 2508 Dei
1381 2448 1415 2509 ei
1445 2446 1534 2508 beati
1568 2447 1739 2508 Benedicti
1773 2449 1925 2524 regulam
1950 2450 1988 2510 in

1190 2543 1306 2605 eodem
1328 2545 1531 2606 monasterio
1553 2543 1726 2607 institutus
1751 2562 1825 2606 esse
1849 2547 1989 2622 dignos-

1191 2641 1287 2712 citur,
1304 2641 1472 2718 perpetuis
1487 2641 1610 2704 ibidem
1622 2643 1827 2720 temporibus
1840 2643 1988 2706 inviola-

1190 2738 1301 2800 biliter
1331 2737 1535 2802 observetur.
1563 2742 1731 2803 Praeterea
1761 2757 1987 2818 quascumque

1191 2836 1428 2912 possessiones,
1451 2851 1666 2913 quaecumque
1687 2837 1775 2900 bona
1798 2839 1886 2900 idem
1912 2854 1988 2901 mo-

1190 2933 1372 2995 nasterium
1392 2934 1428 2994 in
1449 2933 1703 3010 praesentiarum
1719 2937 1811 3013 juste
1829 2937 1862 2999 et
1883 2950 1988 2998 cano-

1191 3031 1265 3092 nice
1280 3030 1437 3109 possidet,
1464 3033 1521 3094 aut
1542 3032 1578 3092 in
1599 3031 1746 3094 futurum
1769 3033 1987 3096 concessione

1191 3128 1395 3204 pontiacum,
1413 3129 1591 3204 largitione
1605 3145 1721 3206 regum
1735 3132 1769 3193 ei
1782 3131 1984 3208 principum,

1191 3225 1358 3288 oblatione
1379 3226 1538 3298 fidelium,
1564 3242 1623 3288 seu
1645 3227 1723 3287 aliis
1742 3229 1842 3304 justis
1865 3228 1986 3300 medis,

1190 3324 1369 3399 praesiante
1394 3324 1546 3395 Domino,
1569 3324 1692 3401 poterit
1711 3324 1863 3403 adipisci,
1889 3325 1987 3386 firma

1189 3420 1284 3482 vobis
1309 3420 1497 3497 vestrisque
1520 3421 1771 3483 successoribus
1799 3423 1832 3485 et
1854 3421 1987 3484 illibata

1190 3517 1417 3592 permaneant.
1435 3517 1604 3594 inquibus
1626 3517 1697 3582 baec
1719 3520 1864 3596 propriis
1886 3519 1988 3581 duxi-

1190 3629 1263 3674 mns
1280 3614 1497 3690 exprimenda
1512 3614 1684 3676 vocabulis
1699 3637 1707 3676 ε
1723 3618 1847 3678 Locum
1862 3617 1984 3694 ipsum,

1189 3711 1226 3771 in
1251 3727 1315 3788 quo
1345 3711 1518 3788 praelatum
1542 3713 1780 3775 monasterium
1807 3714 1907 3776 situm
1934 3713 1987 3776 est

1191 3824 1265 3870 cum
1289 3808 1443 3869 omnibus
1466 3809 1678 3884 pertinentiis
1701 3810 1783 3872 suis.
1811 3813 1849 3872 In
1873 3811 1985 3884 Sulza,

1190 3907 1316 3968 curtem
1329 3906 1433 3982 portae
1448 3921 1522 3966 cum
1538 3906 1675 3968 decimis
1692 3908 1774 3978 suis,
1791 3909 1824 3970 ei
1838 3923 1914 3970 cum
1926 3909 1987 3970 de-

1190 4003 1285 4065 cimis
1309 4002 1413 4066 curiis
1437 4003 1473 4062 in
1496 4003 1599 4080 agris,
1625 4005 1730 4080 pratis
1752 4006 1785 4066 et
1803 4005 1922 4078 vineis
1947 4008 1986 4067 In

1190 4100 1444 4176 Regenesbeim,
1462 4100 1609 4162 decimas
1624 4101 1764 4162 duorum
1778 4117 1982 4164 mansorum.

1191 4201 1228 4258 Iu
1243 4197 1535 4266 Gundolvesheim,
1550 4197 1713 4260 decimam
1726 4199 1873 4276 quinque
1888 4215 1985 4260 man-

1191 4311 1314 4356 sorum.
1331 4297 1368 4356 In
1383 4295 1556 4366 Bercbolz,
1573 4295 1736 4358 decimam
1751 4297 1852 4358 unius
1863 4297 1982 4359 vineae.

1191 4396 1228 4454 In
1247 4392 1507 4477 Balderesbeirp,
1524 4393 1560 4453 in
1574 4394 1795 4465 battenheim,
1816 4394 1852 4456 in
1867 4395 1983 4456 Rolis·

1190 4490 1371 4562 elsesheim,
1393 4490 1427 4550 in
1439 4489 1652 4552 Bellenwilre
1670 4491 1826 4564 decimas,
1848 4507 1930 4569 quas
1948 4493 1984 4552 in

1190 4587 1239 4648 eis
1267 4585 1413 4660 babetis;
1439 4587 1601 4664 capellam
1627 4587 1726 4650 Cellae
1748 4605 1823 4649 cum
1847 4588 1985 4650 decimis

1190 4684 1307 4745 allodii
1328 4684 1391 4744 sui.
1409 4684 1578 4760 Capellam
1599 4685 1812 4760 sarmonzhe,
1828 4701 1904 4748 cum
1925 4686 1986 4748 de-

1191 4781 1287 4843 cimis
1301 4781 1419 4843 allodii
1440 4781 1503 4842 sui.
1526 4784 1564 4842 ln
1587 4783 1817 4858 Egeneslteim,
1839 4783 1985 4846 decimas

1191 4879 1290 4940 unius
1315 4879 1498 4940 Dominicae
1525 4880 1640 4942 curtis.
1671 4881 1708 4940 ln
1737 4880 1983 4956 Sigoltesheim,

1190 4979 1316 5038 curtem
1342 4975 1549 5038 Dominicam
1573 4993 1648 5038 cum
1670 4977 1825 5040 omnibus
1853 4993 1984 5055 appen-

1190 5074 1287 5136 diciis
1300 5071 1381 5144 suis,
1395 5073 1514 5146 vineis,
1528 5074 1620 5151 agris
1635 5075 1668 5135 et
1683 5075 1799 5150 pratis,
1813 5077 1847 5137 et
1860 5075 1984 5148 banno,

1190 5173 1224 5232 et
1237 5171 1398 5248 capellam
1413 5171 1520 5246 ipsius
1538 5172 1642 5232 curtis
1661 5187 1736 5233 cum
1755 5172 1910 5234 omnibus
1925 5174 1985 5235 de-

1190 5268 1285 5330 cimis
1302 5269 1420 5346 praedii
1440 5269 1491 5330 sui
1512 5271 1545 5330 et
1566 5285 1639 5330 cum
1658 5268 1795 5331 decimis
1810 5269 1985 5332 duodecim

1190 5383 1392 5438 mansorum,
1409 5367 1443 5428 et
1465 5366 1608 5428 aliorum
1627 5365 1768 5428 duorum
1788 5383 1984 5430 mansorum

1190 5463 1441 5541 argentinensis
1456 5463 1617 5526 ecclesiae.
1642 5466 1679 5524 in
1699 5465 1884 5538 Oleswilre,
1906 5481 1986 5527 cur-

1190 5563 1255 5624 tem
1271 5561 1475 5624 Dominicam
1496 5578 1569 5622 curn
1586 5559 1723 5624 decimis
1738 5562 1845 5638 ipsius
1866 5563 1984 5640 praedii
