4222 6374
220 299 277 362 aar
486 363 491 377 ,

555 463 673 556 CLXI

216 617 1011 693 ecmapatrametfratreeuoepuartssanctae

384 718 511 778 Mariae
522 719 848 791 asarmotumttana

489 855 523 913 19
542 857 639 929 aprilis
659 857 738 915 flii.

308 975 443 1042 [Strebllra
455 978 517 1030 Tab.
531 979 586 1030 ord.
598 980 701 1038 ibent,
711 994 738 1044 p.
748 979 802 1038 lte,
814 993 840 1030 u.
852 979 919 1045 llll]

214 1101 358 1160 Honorius
371 1101 522 1161 confirmat
540 1103 636 1162 domui
653 1102 804 1178 hospitalis
819 1105 931 1163 sanctie
946 1106 1006 1163 lla·

249 1191 298 1248 rie
329 1190 569 1250 'fheutonieorum
606 1192 741 1250 friderici
772 1195 799 1251 ll
828 1194 1008 1266 imperatoris

248 1279 429 1354 privilegium
444 1280 480 1338 de
493 1279 649 1340 redditibus
660 1282 764 1340 annuis
778 1282 829 1342 CC.
841 1282 934 1340 unciis
946 1283 1007 1340 auri

224 1453 228 1460 ι
248 1367 398 1425 Brundusii
412 1368 612 1442 percipiendis.

252 1503 430 1576 Honorius,
452 1506 527 1578 etc,
544 1505 703 1582 magistro
714 1505 748 1568 et
759 1505 929 1578 fratribus,
942 1504 1004 1568 010.

251 1600 353 1662 Justis
375 1602 557 1678 petentium
583 1603 760 1665 desideriis
783 1603 919 1679 dignum
943 1605 1004 1674 est,

211 1711 272 1758 nos
283 1695 416 1760 facilem
424 1698 573 1776 praebere
583 1715 781 1762 consensum
794 1700 827 1762 et
835 1701 923 1770 vola,
932 1715 1005 1776 quae

210 1807 232 1854 a
254 1795 396 1858 rationis
411 1796 545 1859 tramite
567 1812 633 1859 non
656 1796 857 1869 discordant,
886 1796 1006 1860 effectu

209 1895 431 1971 prosequente
457 1894 633 1970 complere.
662 1896 743 1956 Cum
770 1893 873 1971 igitur
894 1894 1004 1955 caris·

210 1989 315 2050 simus
344 1991 380 2052 in
413 1991 543 2054 christo
573 1992 662 2052 filius
685 1993 809 2058 noster,
835 1993 1005 2052 Romano-

209 2101 286 2147 rum
310 2088 493 2164 imperator
523 2103 654 2167 semper
691 2088 850 2165 augustus
881 2091 915 2150 et
942 2103 1005 2150 rex

210 2181 347 2255 Siciliae,
361 2184 397 2245 in
412 2185 545 2248 civitate
558 2183 737 2246 Brundusii
756 2183 797 2246 de
821 2183 1004 2246 redditibus

209 2277 280 2338 suis
295 2279 365 2342 sive
385 2277 426 2340 de
445 2279 650 2358 bajulatione
672 2280 743 2341 sive
758 2279 799 2340 de
819 2279 913 2351 sicle,
928 2294 1005 2356 spe·

209 2375 341 2437 cialiter
371 2392 431 2453 pro
457 2376 605 2438 emendis
640 2376 727 2438 albis
764 2376 931 2440 mantellis
962 2375 1003 2438 ad

210 2487 307 2533 usum
317 2472 457 2536 fratrum
469 2474 657 2536 vestrorum
670 2474 1003 2543 militumannuatim

209 2571 269 2632 CC.
279 2571 395 2632 uncias
411 2573 485 2632 auri
500 2571 540 2633 ad
552 2572 680 2648 pondus
694 2572 810 2633 Baruli
825 2571 919 2634 vobis
934 2573 1002 2632 im-

208 2668 327 2745 periali
351 2667 551 2732 liberalitate
574 2669 718 2742 donarit,
739 2670 808 2731 tam
832 2669 888 2730 diu
907 2669 1002 2730 vobis

208 2766 307 2826 annis
334 2766 477 2843 singulis
504 2766 725 2830 exsolvendas
751 2767 792 2828 de
819 2766 1002 2830 redditibus

209 2863 420 2940 supradietis,
438 2864 542 2926 donec
554 2865 701 2928 interris
716 2863 927 2927 laboratoriis
943 2879 1002 2925 seu

208 2961 285 3022 aliis
300 2961 567 3038 possessionibus
581 2962 689 3039 regni,
704 2962 895 3038 competens
908 2961 1001 3022 vobis

207 3057 416 3120 excambium
430 3059 613 3136 imperialis
628 3059 856 3121 munificentia
873 3059 1001 3134 largia-

206 3156 272 3226 tur,
301 3157 388 3219 sicut
415 3157 450 3218 in
479 3160 551 3235 eius
579 3157 755 3234 privilegio
781 3171 891 3220 aurea.
911 3155 1001 3217 bulla

207 3254 336 3315 munito
360 3255 590 3331 perspeximus
610 3254 793 3329 contineri;
812 3269 872 3316 nos
894 3254 1001 3330 ipsius

186 3343 190 3349 ’
206 3350 418 3428 imperatoris
431 3353 464 3414 et
477 3352 598 3414 vestris
611 3351 765 3430 precibus
780 3351 934 3413 inclinati
946 3351 1001 3412 do·

206 3449 374 3510 nationem
389 3450 507 3526 ipsam,
529 3451 615 3512 sicut
635 3451 689 3527 pie
704 3465 743 3511 ac
758 3448 898 3527 provide
912 3449 1000 3511 facta

206 3546 257 3608 est
271 3547 353 3608 etin
370 3546 443 3624 ipso
459 3547 633 3624 privilegio
648 3547 779 3625 plenius
799 3547 997 3619 continetur,

205 3643 403 3705 auctoritate
414 3644 604 3721 apostolica
617 3645 851 3706 confirmamus
866 3646 899 3706 et
913 3659 1000 3720 prae-

205 3741 310 3804 sentis
323 3741 438 3819 scripti
449 3742 633 3819 patrocinio
644 3743 897 3804 communimus.
907 3741 999 3802 Nulli

205 3854 297 3916 erg0,
310 3840 372 3901 etc.
387 3841 422 3900 Si
437 3841 512 3917 quis
526 3847 647 3912 autem,
661 3843 723 3902 etc.
735 3840 853 3901 Datum
866 3839 998 3900 Verulis

204 3935 282 3995 Xlll
296 3933 457 3996 kalendas
472 3934 552 3996 maii
565 3934 775 4012 pontificatus
791 3934 896 3996 nostri
910 3947 998 3996 anno

204 4031 314 4094 sexto.

530 4298 674 4385 CLXII·

236 4453 288 4514 dd
305 4453 489 4526 Pelopiam
512 4453 739 4512 elnonensem
760 4451 975 4524 episcopum,

350 4549 553 4622 apostoticae
572 4549 669 4608 Sedis
687 4547 849 4624 10001000.

476 4688 512 4745 att
531 4686 628 4761 aprilis
644 4687 734 4746 tila,

331 4819 478 4885 ffiaynald„
490 4819 584 4870 annal.
598 4819 706 4870 adanu.
721 4817 793 4876 1111,
804 4815 817 4881 1
829 4816 866 4881 1.]

201 4943 303 5004 Scribit
317 4959 349 5002 se
362 4943 398 5002 de
412 4943 497 5001 rebus
516 4945 610 5001 'ferrae
630 4943 741 5001 Sancte
760 4957 824 4999 cum
840 4940 994 5007 Friderioo,

236 5033 429 5092 Romanorum
466 5033 649 5105 imperatore,
679 5045 786 5090 novum
822 5029 994 5101 colloquium

236 5121 311 5196 apud
330 5121 475 5182 Veronam
500 5119 646 5190 indixisse,
676 5119 712 5177 ad
734 5118 810 5192 quod
832 5116 995 5176 invitandos

234 5210 396 5270 iohannem
412 5210 702 5284 Hierosolymitanum
722 5221 822 5282 regem
842 5208 995 5280 ipsumque

235 5300 383 5373 Pelagium
399 5298 536 5358 decernit.

239 5424 601 5502 Honoriusepiscopus,
611 5438 727 5485 servus
738 5437 910 5484 servorum
921 5420 991 5494 Dei,

199 5523 335 5600 Pelagio
368 5521 548 5584 albanensi
583 5521 757 5599 episcopo,
794 5519 992 5597 Apostolicae

199 5619 310 5694 Sedis,
328 5619 454 5698 legato,
472 5619 623 5690 salutem,
647 5622 709 5681 eto.

835 301 1064 362 EPISTOLAE.
1088 304 1166 364 LlB.
1190 305 1245 364 Vl.

1802 306 1860 367 138

1105 461 1255 524 Caelestis
1291 461 1433 524 altitudo
1466 460 1598 526 consilii
1625 479 1669 526 ex
1700 463 1755 526 bis
1784 480 1859 543 quae

1066 558 1153 620 mala
1177 559 1342 631 videntur,
1363 559 1450 621 bona
1474 561 1567 623 novit
1590 561 1711 624 elicere
1738 563 1778 624 et
1793 561 1857 623 ad·
1913 606 1919 622 ,

1064 668 1162 717 versa
1196 655 1340 720 feliciter
1377 657 1411 719 in
1447 673 1605 735 prospera
1641 661 1856 722 commutare.

1064 752 1156 814 Licet
1182 753 1286 829 igitur
1310 769 1446 829 gravem
1477 741 1643 832 jacturam
1672 755 1705 818 et
1731 757 1857 833 grande

1063 849 1277 926 opprobrium
1292 851 1327 912 in
1343 851 1492 928 partibus
1507 852 1741 916 transmarinis
1751 869 1858 931 nuper

1063 961 1181 1023 passus
1196 947 1298 1009 fuerit
1311 949 1452 1026 populus
1463 949 1683 1023 Christianus,
1696 951 1729 1012 et
1738 951 1855 1012 inimi-

1063 1043 1111 1104 cis
1135 1043 1212 1105 fidei
1235 1045 1389 1108 videatur
1416 1046 1515 1108 nimis
1539 1061 1697 1123 prospere
1723 1063 1858 1109 succes-

1063 1140 1158 1212 sisse,
1173 1155 1345 1217 speramus
1359 1144 1472 1206 tanmn
1487 1144 1522 1204 in
1538 1159 1589 1216 eo,
1600 1145 1635 1204 in
1649 1147 1744 1221 atrius
1755 1160 1858 1206 manu

1062 1239 1180 1300 cuneta
1196 1239 1274 1301 sunt
1287 1239 1395 1316 posita
1409 1241 1443 1303 et
1455 1244 1550 1318 eujus
1567 1257 1663 1302 nemo
1674 1243 1782 1318 potest
1795 1257 1854 1302 re·

1062 1335 1180 1397 sistere
1216 1337 1396 1409 voluntati,
1430 1339 1517 1416 quod
1551 1339 1702 1416 permisit
1735 1337 1856 1400 cadere

1062 1449 1158 1493 suum
1184 1435 1368 1496 exercitum
1397 1437 1433 1498 ut
1464 1435 1654 1513 resurgeret
1679 1436 1797 1498 fortior
1821 1436 1855 1498 et

1061 1545 1179 1606 passus
1194 1531 1245 1592 est
1264 1532 1415 1594 infideles
1430 1532 1515 1608 erigi
1529 1536 1567 1596 ut
1581 1535 1715 1610 gravius
1728 1533 1852 1594 allide-

1060 1627 1187 1689 rentur.
1211 1631 1291 1690 Gum
1321 1629 1411 1690 enim
1441 1630 1633 1692 carissimus
1663 1631 1699 1691 in
1721 1631 1852 1692 Christo

1061 1723 1150 1785 filius
1166 1725 1279 1787 noster
1295 1725 1492 1804 Fredericus
1507 1729 1731 1789 Romanorum
1746 1728 1854 1805 impe-

1059 1822 1152 1882 rator
1177 1837 1308 1899 semper
1327 1825 1487 1900 augustus
1508 1825 1542 1886 et
1561 1839 1623 1885 rex
1646 1824 1771 1886 Siciliae
1790 1825 1853 1886 du·

1060 1918 1137 1979 dum
1158 1919 1194 1980 in
1217 1920 1328 1983 animo
1343 1923 1475 1996 gereret
1498 1921 1539 1982 ad
1554 1921 1784 1996 liberationem
1799 1923 1854 1984 in-

1059 2015 1196 2077 tendere
1208 2019 1320 2078 Terrae
1336 2017 1478 2090 Sanctae,
1492 2033 1580 2080 nunc
1593 2013 1852 2096 propteroasum
1876 2016 1881 2024 '

1059 2113 1116 2188 qui
1135 2113 1257 2175 accidit
1271 2114 1371 2190 digno
1392 2113 1506 2177 dolore
1529 2116 1708 2192 permotus,
1730 2117 1763 2179 et
1777 2117 1853 2178 ani-

1059 2209 1167 2271 maius
1175 2210 1335 2272 divinitus
1343 2211 1384 2272 ad
1396 2212 1621 2276 ulciscendam
1629 2214 1755 2276 taniam
1767 2213 1852 2292 inju-

1059 2306 1143 2368 riam
1159 2307 1280 2369 Christi
1295 2309 1328 2371 et
1342 2309 1455 2386 populi
1470 2310 1663 2383 Christiani,
1676 2312 1768 2374 tanto
1784 2311 1852 2373 fer-

1058 2404 1190 2466 ventius
1202 2405 1244 2467 ad
1256 2405 1289 2466 id
1305 2421 1341 2468 se
1353 2408 1520 2483 praeparat
1530 2407 1850 2486 etaccingitquanto

1058 2501 1166 2577 ipsum
1186 2503 1335 2579 praedicti
1354 2519 1452 2566 casus
1471 2504 1656 2568 adversitas
1681 2509 1715 2568 01
1736 2506 1851 2583 indig-

1058 2599 1149 2661 natio
1174 2600 1405 2663 vehementius
1424 2602 1595 2668 animavit.
1615 2605 1766 2680 Denique
1789 2619 1850 2666 nos

1057 2696 1090 2758 et
1110 2696 1182 2773 ipse
1201 2697 1242 2759 ad
1260 2698 1293 2758 id
1309 2698 1512 2761 unanimiter
1533 2699 1742 2763 intendentes
1758 2700 1849 2764 cele·
1891 2725 1897 2738 ,

1056 2792 1115 2854 bre
1129 2794 1331 2871 colloquium
1347 2809 1453 2872 nuper
1467 2795 1644 2858 habuimus
1659 2797 1856 2873 specialiter·

1056 2907 1116 2967 pro
1132 2891 1264 2967 negotio
1277 2892 1523 2967 memorat03-et
1536 2894 1611 2970 post
1624 2894 1746 2955 multos
1760 2895 1851 2957 trao-

1055 2992 1145 3053 tatus
1169 3009 1270 3070 super
1290 2993 1354 3055 hoe
1377 2993 1631 3070 diligentissime
1647 2994 1778 3058 habitos
1792 2995 1852 3058 de·

1056 3105 1145 3150 mum
1166 3090 1375 3153 concorditer
1394 3091 1616 3168 disposuimus
1638 3092 1728 3155 aliud
1744 3093 1850 3156 collo-

1056 3187 1170 3264 quium
1195 3187 1230 3248 in
1257 3187 1455 3250 lumbardia
1476 3189 1512 3250 in
1536 3190 1675 3251 civitate
1698 3193 1858 3264 Veronae„

1056 3285 1145 3346 circa
1164 3284 1283 3346 festum
1301 3283 1390 3346 beati
1405 3286 1540 3348 Martini
1556 3287 1743 3363 proximum
1757 3287 1848 3349 cele-

1054 3381 1165 3454 brare,
1182 3383 1217 3443 in
1232 3399 1297 3460 quo
1312 3398 1374 3444 nos
1393 3384 1426 3445 et
1448 3383 1521 3460 ipse
1540 3383 1720 3461 imperator
1734 3399 1851 3462 perso-

1055 3479 1178 3541 naliter
1192 3494 1268 3540 esse
1280 3479 1500 3552 decrevimus,
1513 3482 1652 3543 Domino
1668 3483 1853 3557 aunuente,

1054 3581 1087 3638 et
1099 3576 1140 3638 ad
1156 3575 1238 3639 illud
1253 3577 1454 3640 christianos
1468 3578 1636 3655 principes
1652 3579 1720 3641 tam
1736 3580 1848 3642 eccle·

1054 3673 1209 3736 siastioos
1230 3689 1330 3751 quam
1354 3675 1550 3747 mundanos,
1566 3691 1605 3737 ac
1626 3675 1741 3738 fideles
1762 3675 1849 3740 alios

1054 3786 1137 3847 quos
1151 3770 1309 3847 expedire
1321 3771 1508 3832 videbimus
1520 3787 1716 3844 convocare,
1729 3773 1766 3833 ut
1775 3789 1851 3851 pro·

1054 3867 1180 3928 secutio
1191 3866 1271 3929 dicti
1280 3867 1417 3943 negotii,
1428 3867 1513 3944 quod
1523 3868 1728 3930 Christianos
1739 3869 1858 3945 tangit.

1053 3963 1273 4026 communiter
1294 3964 1480 4036 universos,
1504 3971 1578 4026 curm
1608 3964 1850 4028 deliberatione

1053 4061 1088 4121 iu
1114 4059 1206 4122 tanto
1232 4060 1366 4136 negotio
1390 4061 1580 4123 necessaria
1607 4061 1789 4135 ordinetur,
1810 4063 1856 4126 et

1053 4157 1202 4224 universi
1225 4158 1259 4220 01
1280 4157 1404 4234 singuli
1426 4172 1466 4220 eo
1488 4159 1596 4235 magis
1610 4161 1780 4237 proprium
1795 4160 1848 4239 ip-

1053 4255 1522 4334 sumnegotiumrepulautes,
1534 4274 1598 4334 quo
1610 4273 1685 4320 oum
1698 4259 1852 4337 ipsorum·

1052 4353 1195 4416 cousilio
1214 4353 1247 4416 et
1264 4353 1504 4417 deliberatione
1524 4355 1711 4418 ordinatum
1733 4355 1858 4430 fuerit,

1052 4450 1093 4512 ad
1114 4450 1197 4513 illud
1217 4451 1484 4529 prosequendum
1503 4451 1622 4514 fortius
1642 4454 1855 4516 animentur..

1052 4549 1133 4608 Gum
1158 4547 1262 4624 igitur
1283 4547 1324 4608 ad
1348 4548 1457 4625 ipsum
1483 4548 1695 4626 colloquium,
1716 4550 1752 4610 in
1780 4565 1849 4628 quo

1051 4645 1118 4706 tam
1128 4643 1169 4706 de
1181 4644 1287 4721 ipsius
1298 4644 1510 4721 imperatoris
1522 4646 1677 4722 passagio
1690 4661 1789 4723 quam
1803 4647 1845 4709 do

1051 4741 1128 4802 aliis
1151 4741 1321 4817 negotium
1347 4741 1615 4818 contingentibus
1637 4743 1844 4804 decrevimus

1052 4839 1183 4916 plenius
1207 4839 1378 4910 ordinare,
1405 4839 1584 4902 invitemus
1611 4839 1850 4902 charissimum-

1051 4937 1086 4997 in
1099 4936 1231 4998 Christo
1243 4935 1349 4996 filium
1364 4937 1514 4998 nostrum
1528 4939 1547 4999 J
1549 4936 1715 4998 ohannem
1730 4950 1846 5013 regem

1050 5031 1399 5110 Hierosolymitamum
1415 5033 1590 5103 illustrem,
1603 5032 1851 5112 0110000000--

1048 5129 1101 5192 ier
1114 5130 1226 5191 notam
1247 5129 1446 5190 industriam
1465 5127 1853 5207 0100010100]0000100-Δ

1048 5229 1129 5289 tiam
1140 5228 1242 5300 tuam,
1255 5226 1378 5288 habere
1388 5229 1479 5287 tuam
1488 5242 1617 5304 quoque
1630 5229 1854 5304 praesentiam.

1048 5325 1253 5395 affectemus,
1272 5323 1473 5386 fraternitati
1496 5325 1561 5386 tuae
1579 5339 1639 5401 per
1652 5326 1845 5401 apostolica

1048 5421 1172 5500 scripta
1189 5419 1384 5482 mandamus
1402 5423 1563 5498 quatenus
1581 5421 1761 5498 superbos
1780 5421 1848 5484 ha-

1047 5518 1842 5595 bensconsiliumcumipsoregeetpatriarchaet

1047 5616 1134 5689 aliis,
1149 5631 1232 5692 quos
1249 5614 1290 5676 ad
1306 5614 1369 5677 hoc
1383 5616 1506 5678 videris
1522 5615 1736 5693 opportunos,
1753 5617 1843 5694 quod
