4262 6382
196 241 286 310 661Ι

197 410 309 486 tegere
330 411 363 472 et
377 425 492 471 earum
515 411 670 482 maxime,
699 427 772 488 quae
802 411 994 488 specialiter

196 507 238 568 ad
253 507 452 584 apostolicae
469 507 563 570 Sedis
584 509 616 570 et
630 509 778 569 nostram
800 509 994 586 dispositio-

146 604 151 612 '
195 621 272 666 nem
284 606 506 682 respiciuntet
519 607 871 682 tutelamllapropter,
880 607 992 667 dilecti

195 703 232 762 in
253 705 392 764 Domino
409 703 480 776 11111,
495 704 616 764 vestris
637 705 738 780 justis
755 699 991 780 postulationi}-

196 799 259 860 hus
274 800 454 861 clementer
477 801 666 873 annuimus,
697 803 731 861 et
753 797 992 862 monasterium

196 899 354 969 vestrum,
371 898 406 957 in
418 913 482 976 quo
497 897 612 958 divino
635 899 815 975 mancipati
830 899 910 959 estis
933 899 993 961 ob-

197 995 322 1072 6616616,
350 996 392 1056 ad
422 996 593 1072 exemplar
614 994 721 1057 felicis
751 997 991 1058 recordatiouis

195 1092 376 1154 Alexandri
399 1095 445 1153 111
465 1107 571 1170 papae,
589 1094 844 1170 praedecessoris
872 1093 989 1165 nostri,

196 1190 257 1252 sub
268 1190 357 1251 beati
373 1189 463 1252 Petri
478 1195 511 1252 61
532 1191 647 1252 666116
663 1188 868 1267 protectione
879 1192 990 1253 susci-

197 1288 316 1364 pimus,
334 1288 500 1364 elipeum,
522 1288 609 1366 quod
634 1286 825 1366 specialiter
851 1289 992 1366 Aposto-

197 1386 270 1446 licae
288 1385 383 1446 Sedis
398 1385 548 1446 61666111
562 1386 649 1462 J'uris
669 1386 795 1458 existit,
813 1386 993 1448 confirma-

196 1499 269 1543 mus
280 1483 497 1560 etpraesentis
524 1483 640 1559 scripti
656 1483 832 1559 privilegio
849 1497 992 1545 commu-

197 1581 318 1651 nimus,
340 1579 535 1652 statuentes
548 1583 584 1641 ut
605 1594 828 1658 quascumque
852 1597 990 1658 posses-

195 1677 320 1749 siones,
331 1676 641 1755 quaecumquehona
654 1678 741 1739 idem
753 1679 991 1740 monasterium

195 1777 232 1836 in
248 1775 501 1851 praesentiarum
511 1776 600 1852 juste
613 1776 646 1837 et
658 1775 818 1837 canonice
833 1777 989 1854 possidet,

196 1871 254 1932 aut
267 1872 461 1933 infuturum
475 1873 691 1934 concessione
706 1873 910 1950 pontificum,
926 1874 993 1935 lar-

194 1970 321 2045 6111666
354 1984 469 2045 regum
505 1971 560 2032 vel
584 1972 791 2048 principum,
823 1971 992 2034 oblatione

195 2066 353 2139 fidelium,
378 2083 437 2128 seu
452 2068 529 2128 aliis
551 2067 784 2145 justismodis,
812 2070 991 2146 praestante

193 2164 343 2236 Domino,
361 2163 483 2241 poterit
505 2165 656 2241 adipisci,
680 2165 775 2228 ilrma
795 2167 890 2228 vobis
909 2183 990 2228 ves-

192 2261 321 2337 trisque
348 2261 598 2324 successoribus
631 2264 664 2324 et
700 2263 829 2325 illibata
858 2277 992 2342 perma-

196 2359 308 2419 neant.
326 2359 493 2436 inquibus
509 2360 580 2421 haec
595 2361 739 2438 propriis
754 2359 909 2422 duximus
931 2378 992 2423 ex·

194 2455 367 2532 primenda
380 2456 552 2518 vocabulis
561 2479 568 2518 :
577 2459 698 2520 Villam
708 2456 988 2532 Sanctilticharii,

193 2554 229 2613 in
240 2571 304 2630 qua
314 2554 401 2616 idem
413 2556 651 2617 monasterium
666 2557 765 2617 situm
775 2558 910 2618 estcum
921 2556 990 2618 tota

193 2651 421 2713 ecclesiastica
437 2653 577 2729 Justilia,
600 2653 633 2714 et
647 2654 789 2730 quadam
816 2655 910 2730 parte
939 2653 990 2715 so·

193 2748 384 2810 reusiscum
398 2749 585 2826 parochiali
601 2751 752 2812 ecclesiae
771 2751 901 2812 Sanctae
916 2753 990 2812 Ma-

191 2845 252 2906 riae
274 2849 307 2908 61
328 2846 466 2922 66661116
492 2847 639 2922 ejusdem
667 2848 774 2923 villae3
791 2849 990 2909 Forestense

192 2945 442 3014 monasterium,
468 2944 583 3005 villam
601 2945 739 3019 'Bogarii
764 2960 838 3006 cum
861 2943 989 3006 duabus

192 3039 342 3116 partibus
359 3039 562 3100 decimarum
574 3040 716 3116 frugum3
733 3042 987 3124 novamvillam;¹

192 3138 358 3214 Busejum,
373 3137 589 3212 saigniacum,
606 3137 814 3212 musiacum,
843 3140 986 3216 Majcch,

191 3233 344 3304 Nocrias,
376 3233 542 3305 Riverias,
572 3234 763 3309 argeutum,
781 3235 989 3311 Gujencurch

192 3345 267 3389 cum
295 3330 406 3401 altari,
423 3331 524 3392 terris
552 3331 585 3392 et
607 3331 727 3403 vineis,
744 3330 778 3393 et
800 3347 938 3393 nemora
953 3333 988 3393 in

191 3427 363 3502 dansiac03
381 3426 622 3490 altareJulliau
637 3443 711 3489 cum
727 3429 821 3490 curte
834 3431 867 3491 et
881 3429 987 3506 perti-

191 3524 313 3586 nentiis
334 3524 420 3599 suis;
449 3525 556 3587 611616
577 3525 709 3598 Brachi,
729 3526 834 3588 altare
849 3527 986 3598 6611661,

190 3621 601 3684 Bredunenseooenobium
613 3640 687 3685 cum
698 3623 906 3700 appendiciis
918 3625 987 3684 suis

193 3721 226 3780 61
248 3718 434 3795 parochiali
450 3720 602 3782 ecclesia.
627 3723 664 3782 ln
691 3722 884 3798 episcopatu
899 3724 987 3782 Tor-

191 3817 327 3876 nacensi
340 3816 466 3889 villam,
480 3818 686 3895 quaedicitur
696 3820 841 3896 Capella.
853 3821 891 3880 ln
902 3821 988 3880 Leo·

191 3913 297 3974 diensi
306 3914 508 3991 episcopatu,
520 3915 646 3988 villam,
662 3931 735 3994 quae
746 3917 870 3979 dieitur
880 3917 988 3978 Mater

124 4023 129 4031 ·
191 4009 321 4071 mortua
337 4027 410 4072 cum
420 4012 512 4074 curte
526 4013 559 4074 et
569 4013 785 4089 appendiciis,
796 4013 986 4076 molendina

191 4105 458 4181 (16(1116666611,
484 4106 645 4183 villenas,
673 4111 883 4187 Baispergas,
908 4111 986 4172 nhil

192 4204 325 4268 montis.
339 4206 550 4278 Wiverentii,
567 4207 767 4279 colomintii‚
785 4208 984 4282 Grambusii,

189 4303 429 4378 Laspanarum,
453 4305 656 4377 Mitiencurt,
677 4304 829 4366 nebulosi
852 4306 984 4380 montis,

189 4399 222 4460 et
244 4400 284 4460 de
308 4399 461 4461 vallibus.
479 4401 642 4463 indictum
662 4403 783 4474 autem,
801 4403 887 4466 61661
900 4404 985 4465 hac-

187 4497 285 4558 tenus
311 4497 455 4560 66616616
488 4503 600 4560 vestra
626 4499 772 4560 secunda
800 4499 885 4562 teria
913 4501 987 4579 post

190 4592 277 4654 diem
291 4595 505 4656 Pentecostes
518 4595 881 4671 celebrareconsuevit,
890 4598 986 4659 vobis

189 4691 434 4763 confirmamus,
452 4693 484 4754 et
506 4694 638 4771 nequis
655 4709 725 4762 ecs,
742 4694 798 4771 qui
821 4695 985 4772 adipsum

189 4787 350 4849 indictum
364 4791 581 4852 convenerint
594 4791 629 4851 in
642 4791 749 4864 bonis,
764 4793 817 4854 vel
834 4793 985 4870 personis

188 4884 368 4957 offendere,
393 4886 446 4946 vel
468 4886 646 4949 molestare
659 4891 848 4966 praesumat,
871 4891 987 4952 auoto-

188 4983 286 5044 ritate
296 4982 486 5059 apostolica
501 4983 725 5060 prohibemus.
740 4987 889 5049 Oheunte
905 5003 985 5049 vero

186 5082 231 5152 te,
247 5096 336 5144 nnnc
361 5079 509 5159 eJusdem
537 5079 602 5142 loci
627 5081 756 5156 abbate,
787 5085 985 5146 veltuorum

188 5177 334 5254 quolibet
358 5193 599 5250 successorum,
617 5180 729 5241 nullus
755 5181 816 5243 tibi
840 5181 987 5259 qualibet

187 5275 409 5351 subreptionis
424 5277 558 5344 astutia,
580 5293 638 5338 seu
665 5277 827 5340 violentia
850 5295 1007 5356 praepo--

188 5374 298 5444 natur,
316 5373 382 5434 nisi
395 5389 493 5450 quem
508 5374 629 5436 iratres
639 5377 805 5436 communi
820 5393 985 5439 consensu

187 5471 239 5530 vel
249 5471 391 5532 fratrum
407 5487 484 5549 pars
496 5473 631 5534 consilii
642 5473 790 5535 sanioris
803 5476 984 5536 secundum

189 5567 245 5627 Dei
261 5568 424 5640 timorem,
442 5567 474 5630 et
487 5569 574 5631 beati
591 5571 761 5633 Benedicti
778 5573 927 5647 regulam
944 5574 983 5634 de

795 249 1027 311 EPISTOLAE.
1050 249 1129 310 LIB.
1152 249 1262 334 1161.Ι

1785 249 1846 310 6112

1049 409 1253 483 eodem,·vel
1279 409 1320 470 de
1335 409 1475 485 collegio
1491 409 1629 472 alterius
1644 408 1795 483 cenobii,
1812 411 1843 475 si

1047 507 1094 567 ibi
1108 506 1229 584 aliquis
1244 505 1285 568 ad
1305 503 1369 567 hoc
1389 508 1539 583 regimen
1551 508 1671 584 dignus
1690 509 1842 584 repertus

1048 604 1663 681 66616661,6161116116161166611661,
1676 606 1733 682 qui
1745 607 1842 682 juxta

1048 703 1219 780 antiquam
1230 702 1380 763 ecclesiae
1394 704 1516 763 vestrae
1534 703 1807 764 consuetudinem
1821 717 1842 763 a

1048 798 1452 879 quocumquemalueritis
1466 799 1623 874 episcopo
1632 795 1756 876 absque
1764 813 1844 875 616-

1047 895 1192 958 sessione
1207 897 1239 958 61
1254 893 1475 972 promissione
1490 895 1667 972 qu‘uslibet
1679 895 1841 958 obedien·

1047 994 1101 1055 tiae
1116 993 1341 1055 consecretur.

1086 1091 1236 1152 Chrisma
1251 1087 1343 1164 vero,
1359 1091 1471 1152 oleum
1483 1092 1645 1162 sanctum,
1664 1101 1843 1152 consecra·

1046 1189 1155 1250 tiones
1177 1189 1334 1250 altarium
1361 1189 1420 1249 seu
1447 1187 1674 1256 basilicarum,
1699 1188 1841 1249 ordina·

1047 1283 1154 1347 tiones
1168 1285 1420 1359 monachorum,
1432 1301 1492 1350 seu
1506 1281 1786 1362 clericorum,·qul
1798 1284 1840 1345 ad

1046 1397 1159 1445 sacros
1174 1385 1307 1448 ordines
1321 1384 1445 1447 1661161
1455 1383 1671 1461 promovendi
1682 1397 1702 1444 a
1713 1383 1841 1444 dioece-

1047 1497 1129 1542 sano
1145 1481 1334 1559 suscipietis
1349 1483 1517 1559 episcope,
1535 1481 1564 1541 si
1576 1479 1708 1558 quidem
1723 1481 1842 1542 catho-

1046 1577 1131 1640 licus
1143 1579 1244 1640 laverit
1259 1579 1292 1641 et
1306 1581 1447 1655 gratiam
1461 1580 1559 1656 atque
1574 1577 1841 1640 communionem

1046 1676 1352 1754 apostolicaesedis
1377 1676 1542 1748 hahuerit,
1558 1677 1592 1738 et
1614 1691 1654 1736 ea
1682 1675 1786 1752 gratis
1808 1676 1842 1736 61

1047 1773 1170 1852 absque
1196 1775 1264 1835 ulla
1298 1775 1462 1852 pravitate
1489 1774 1633 1836 voluerit
1665 1773 1838 1834 exhibere.

1045 1871 1202 1949 Alioquin
1217 1872 1317 1934 liceat
1330 1871 1425 1933 vobis
1440 1887 1536 1949 quem
1551 1871 1736 1932 malueritis
1745 1869 1839 1931 adire

1047 1969 1245 2040 antistitem,
1275 1968 1331 2046 qui
1363 1970 1477 2030 nostra
1505 1968 1607 2030 161166
1640 1967 1838 2028 auctoritate

1046 2065 1131 2143 quod
1147 2066 1333 2143 postulatur
1358 2065 1539 2140 indulgeat.
1557 2067 1724 2126 Praeterea
1752 2079 1840 2140 prae-

1046 2163 1131 2226 senti
1146 2165 1270 2240 scripto
1286 2163 1454 2224 sancimus
1466 2163 1502 2226 61
1516 2163 1628 2222 661166
1648 2161 1838 2238 archiepis-

1046 2277 1158 2338 copus,
1183 2262 1237 2322 vel
1262 2262 1447 2338 episcopus,
1479 2276 1539 2322 seu
1569 2259 1837 2331 archidiaconus,

1045 2359 1098 2420 vel
1113 2358 1258 2420 decanus
1286 2360 1322 2420 in
1337 2358 1530 2436 praescripto
1555 2357 1758 2419 monasterio
1785 2355 1840 2417 vel

1046 2455 1259 2533 presbyteris,
1277 2473 1336 2517 seu
1349 2455 1571 2532 burgensibus
1584 2454 1732 2532 ejusdem
1749 2453 1839 2514 villae

1045 2555 1159 2616 contra
1172 2554 1344 2630 antiquam
1358 2553 1556 2626 libertatem,
1567 2553 1773 2629 potestatem,
1785 2547 1839 2612 vel

1042 2651 1310 2728 jurisdictionem
1326 2651 1506 2729 quamlibet
1525 2650 1647 2711 audeat
1668 2663 1836 2718 exercere,

1045 2745 1838 2810 autineademvillaoontraeamdemlibertatem

1041 2848 1098 2921 jus
1127 2845 1320 2921 parochiale
1341 2845 1523 2921 requirere.
1553 2845 1640 2904 Sane
1668 2842 1839 2904 novalium

1044 2941 1242 3012 vestrorum,
1256 2957 1328 3018 quae
1344 2941 1488 3019 propriis
1501 2940 1654 3001 manibus
1665 2943 1723 3001 661
1731 2953 1839 3015 sump-

1043 3038 1131 3101 tibus
1146 3039 1267 3112 colitis,
1287 3039 1358 3100 sive
1373 3039 1413 3100 de
1427 3038 1639 3100 nutrimentis
1650 3037 1838 3100 vestrorum

1044 3137 1249 3209 animalium,
1267 3136 1413 3198 6611666
1433 3135 1528 3199 vohis
1543 3135 1689 3197 decimas
1711 3149 1841 3212 praesu-

1044 3237 1112 3296 mat
1120 3235 1266 3311 exigere.
1280 3235 1447 3297 Praeterea
1460 3234 1657 3296 auctoritate
1669 3231 1840 3310 Apostoli·

1044 3349 1081 3393 ca
1094 3333 1318 3410 prohibemus,
1327 3349 1368 3394 66
1376 3333 1478 3394 611661
1486 3333 1586 3393 116661
1598 3331 1836 3408 possessiones,

1044 3445 1125 3507 quas
1142 3445 1160 3490 a
1176 3432 1289 3494 vestro
1299 3428 1611 3501 monasteriotenet,
1624 3425 1840 3488 sinelicentia

1043 3526 1172 3590 abbatis
1195 3530 1230 3590 et
1249 3528 1386 3604 66611611
1413 3527 1532 3604 cuique
1558 3528 1593 3587 in
1613 3525 1693 3597 vita,
1719 3525 1772 3587 vel
1801 3523 1837 3583 ln

1043 3625 1148 3686 morte
1178 3626 1357 3686 alienando
1390 3626 1583 3687 concedere.
1622 3622 1838 3684 Decernimus

1042 3737 1134 3798 erge,
1147 3722 1277 3784 6166111
1293 3725 1428 3784 omnino
1444 3723 1616 3783 hominum
1631 3721 1731 3781 liceat
1746 3734 1837 3794 pree·

1026 3818 1148 3898 iatum
1163 3819 1402 3881 monasterium
1415 3820 1540 3881 temere
1559 3817 1765 3895 perturbare,
1780 3814 1839 3876 aut

1042 3918 1113 3993 ejus
1129 3917 1358 3993 possessiones
1373 3915 1518 3984 auferre,
1537 3916 1591 3977 vel
1606 3915 1735 3976 ablatas
1749 3911 1836 3974 reti-

1042 4029 1133 4085 nere,
1147 4029 1205 4075 seu
1221 4013 1423 4090 quibuslibet
1437 4011 1670 4074 vexationibus
1680 4011 1834 4088 fatigare,

1042 4111 1097 4172 sed
1112 4110 1242 4172 illibata
1258 4112 1370 4172 omnia
1391 4111 1424 4173 61
1450 4111 1579 4187 integra
1598 4109 1838 4172 conserventur

1042 4223 1168 4280 eorum,
1178 4222 1238 4285 pro
1249 4222 1388 4284 quorum
1401 4207 1653 4284 gubernatione,
1662 4222 1701 4268 ac
1710 4207 1838 4268 susten·

1040 4305 1167 4368 tatione
1195 4321 1354 4366 66666666
1385 4305 1471 4378 6661,
1499 4305 1614 4366 usibus
1638 4303 1836 4367 omnimodis

1041 4403 1224 4480 prolatura,
1247 4403 1339 4463 salva
1356 4401 1662 4480 sedisapostolicae
1685 4401 1836 4464 auctori-

1041 4501 1120 4562 tate.
1151 4500 1199 4562 Ad
1227 4500 1387 4562 indicium
1418 4504 1540 4572 autem,
1571 4501 1656 4578 quod
1690 4500 1838 4563 vestrum

1041 4598 1281 4661 monasterium
1296 4599 1487 4676 specialiter
1498 4599 1616 4675 adjus,
1631 4597 1837 4674 etperceptae

1041 4712 1060 4758 a
1076 4699 1226 4758 Romana
1242 4696 1390 4758 Ecclesia
1407 4693 1570 4757 libertatis
1586 4693 1681 4756 nobis
1694 4693 1837 4755 nostris-

1041 4791 1366 4870 quesuccessorlbus
1383 4791 1515 4852 unciam
1540 4791 1614 4851 auri
1639 4791 1737 4852 annis
1765 4790 1838 4850 sin-

1040 4891 1128 4966 gulis
1144 4890 1352 4969 persolvetis.
1371 4890 1405 4950 Si
1419 4889 1564 4966 igiturin
1577 4887 1723 4950 iuturum
1734 4887 1837 4949 eccle·

1041 4988 1176 5049 siastica
1201 4987 1416 5048 saecularisve
1440 5001 1583 5062 persona
1604 4985 1691 5046 hanc
1714 4985 1836 5047 nostrae

1041 5083 1288 5147 constitutionis
1310 5082 1465 5160 paginam
1491 5083 1600 5144 sciens
1622 5083 1737 5144 contra
1762 5097 1836 5144 eam

1040 5185 1165 5244 temere
1184 5183 1300 5243 venire
1323 5181 1512 5254 tentaverit,
1529 5181 1674 5242 secundo
1696 5181 1836 5243 tertiove

1041 5279 1253 5350 commonita,
1271 5278 1337 5338 nisi
1358 5278 1651 5355 praesumptionem
1675 5293 1769 5338 suam
1785 5277 1838 5338 di·

1039 5395 1104 5455 gna
1121 5376 1350 5439 satisfactione
1365 5375 1560 5448 correxerit,
1582 5375 1753 5452 potestatis
1769 5375 1834 5436 ho·-

1040 5475 1197 5552 nurisque
1219 5473 1271 5534 sui
1287 5471 1449 5548 dignitate
1474 5473 1597 5544 careat,
1615 5487 1772 5549 reamque
1799 5487 1835 5533 se

1040 5573 1153 5634 divino
1164 5571 1293 5649 judicio
1317 5570 1462 5632 existere
1486 5571 1526 5632 de
1553 5571 1741 5647 perpetrata
1764 5569 1833 5631 ini-
