4274 6388
786 311 1014 374 EPISTOLAE.
1037 313 1115 376 LlB.
1138 315 1193 377 vi.

171 314 232 376 aas
1750 311 1811 394 aas

174 471 271 544 culis,
286 471 343 549 qui
358 470 394 534 ln
414 469 563 550 ejusdem
578 471 827 548 compositionis
846 471 966 536 litteris
1059 473 1165 537 iustis
1190 473 1371 551 petentium
1398 473 1572 538 desideriis
1597 471 1735 551 dignum
1759 472 1812 535 est

174 569 396 642 continentur,
425 568 512 631 sicut
536 569 610 630 sine
641 569 804 646 pravitate
829 569 966 647 provide
1021 585 1082 632 nos
1110 570 1241 632 facilem
1269 571 1419 650 praebere
1446 587 1643 634 consensum
1667 570 1701 633 et
1720 570 1809 642 sota,

174 665 267 732 iacta
283 667 333 728 est
354 667 387 728 et
407 666 448 727 ab
468 666 608 742 utraque
630 667 725 742 parte
751 669 868 744 sponte
891 683 968 728 sus-
1021 683 1134 746 quasa
1155 667 1296 731 rationis
1310 669 1443 731 tramite
1457 684 1523 730 non
1538 668 1739 740 discordant,
1756 666 1811 728 ei-

175 764 287 840 cepta,
309 763 506 825 auctoritate
524 763 714 840 apostolica
734 763 967 826 confirmamus
1022 764 1110 827 iectu
1141 766 1362 843 prosequente
1399 765 1575 842 complere.
1615 764 1809 842 Enpropter,

175 862 210 924 et
233 861 408 937 praesentis
431 860 546 938 scripti
570 860 755 938 patrocinio
781 859 967 924 communi·
1022 861 1133 924 dilecti
1148 861 1183 923 in
1194 863 1333 925 Domino
1344 861 1416 936 tilii,
1427 861 1548 924 vestris
1556 861 1656 940 justis
1667 861 1811 939 postula·

175 972 260 1029 mus,
283 957 348 1018 etc.
370 957 463 1018 Nulli
482 972 562 1032 ergo
584 957 719 1020 omnino
734 957 905 1020 bominum
920 956 966 1018 li·
1021 958 1171 1020 tionibus
1189 958 1352 1030 inclinati,
1367 959 1638 1040 compositionem
1652 959 1812 1024 intervos

176 1055 251 1116 oeat
268 1053 357 1116 hanc
380 1053 536 1131 paginam
558 1054 681 1115 nostrae
707 1053 968 1116 confirmationis
1023 1054 1293 1118 etrenerabilem
1305 1056 1442 1118 tratrem
1456 1054 1813 1130 nostrumarcnispis-

175 1149 361 1226 intringere
378 1151 432 1213 vel
451 1151 483 1212 ei
497 1167 582 1214 ausu
595 1151 774 1213 temerario
789 1151 966 1214 conbaire.
1022 1165 1140 1228 copum
1159 1155 1382 1224 Bremensem,
1406 1167 1507 1229 super
1527 1151 1734 1214 coniectione
1755 1165 1816 1212 sen

178 1247 214 1309 Si
229 1247 304 1323 quis
318 1248 429 1309 autem
448 1248 512 1309 hoc
526 1248 690 1310 attentare
707 1247 967 1325 praesumpserit,
1022 1249 1214 1326 receptione
1233 1249 1422 1311 chrismatis
1444 1249 1667 1311 amicabiliter
1683 1247 1812 1319 initam,

176 1343 440 1420 indignationem
455 1345 692 1421 omnipotentis
714 1346 774 1408 Dei
797 1346 830 1407 et
850 1345 967 1407 beato·
1024 1346 1111 1408 sieut
1126 1346 1198 1407 sine
1213 1347 1377 1423 pravitate
1393 1345 1529 1423 provide
1546 1345 1634 1408 lacta
1653 1345 1703 1406 est
1721 1343 1754 1406 et
1773 1341 1815 1404 ab

176 1455 251 1502 rum
275 1441 366 1502 Petri
392 1443 424 1504 et
447 1441 554 1514 Pauli,
580 1443 804 1519 apostolorum
824 1444 906 1519 eius,
933 1455 969 1504 se
1023 1444 1165 1521 utraque
1177 1443 1270 1520 parte
1285 1445 1402 1520 sponte
1414 1442 1558 1520 recepta,
1569 1442 1601 1503 et
1614 1443 1648 1502 in
1664 1440 1813 1518 ejnsdem

176 1537 308 1600 noverit
322 1537 545 1599 incursurum.
562 1539 681 1600 Datum
701 1539 868 1611 Laterani,
891 1540 969 1599 Xlll
1023 1541 1266 1618 archiepiscopi
1277 1540 1398 1603 litteris
1408 1538 1606 1611 continetur,
1618 1537 1815 1600 auctoritate

177 1632 339 1696 kalendas
360 1634 503 1712 augusti,
525 1636 737 1712 pontificatus
759 1635 865 1698 nostri
879 1651 968 1697 anno
1022 1636 1214 1714 Apostolica
1228 1637 1460 1699 confirmamus
1474 1637 1506 1698 et
1514 1635 1688 1713 praesentis
1699 1633 1814 1710 scripti

178 1731 285 1793 sexto.

464 1963 685 2050 dcxxxix
716 2035 719 2042 .

218 2113 271 2174 Ad
284 2112 437 2174 abbatem
452 2112 485 2174 ct
498 2113 703 2174 conventum
717 2113 752 2174 S.
772 2109 925 2173 Vincenti

468 2210 669 2270 Laudunen.

466 2339 502 2397 ao
517 2339 579 2412 June
599 2340 678 2398 rara.

196 2463 313 2527 [Regest.,
323 2461 368 2513 lib.
381 2463 422 2523 Vl,
435 2461 510 2528 epist.
529 2462 585 2514 438.
598 2463 656 2514 liss.
668 2464 706 2514 La
716 2463 794 2513 Porta
812 2462 846 2513 du
859 2461 953 2527 rhein]

254 2586 304 2644 Eis
317 2595 430 2646 veteres
447 2588 592 2646 novalium
612 2581 738 2645 decimas
752 2585 892 2646 concedit.

218 2712 398 2784 Honorius,
417 2711 492 2783 etc,
511 2712 641 2774 dilectis
662 2711 779 2774 tiliis...
797 2711 919 2785 abbati,
937 2712 970 2775 et

180 2809 357 2871 conventui
373 2808 487 2871 Sancti
502 2810 668 2872 vincentii
683 2810 875 2872 Laudunen.

217 2903 294 2965 Non
316 2902 457 2966 iacimus
478 2903 625 2980 iniquam
645 2904 814 2982 injuriam,
830 2903 886 2965 sed
902 2904 969 2966 uti-

178 3015 254 3061 mur
277 3000 386 3077 potius
403 3003 480 3078 jure
500 3001 626 3074 nostro,
649 3017 749 3078 quum
775 3000 815 3061 de
840 2999 968 3063 collata

179 3097 277 3160 nobis
298 3113 318 3160 a
337 3099 405 3160 Deo
421 3097 626 3175 plenitudine
640 3097 813 3175 potestatis
827 3099 969 3175 gratiam

178 3193 319 3256 iacimus
338 3194 519 3271 specialem
533 3194 612 3264 illis,
634 3207 774 3272 quorum
794 3195 912 3257 merita
935 3195 968 3256 id

177 3292 373 3368 exposcunt.
396 3291 483 3354 Hinc
512 3291 565 3353 est
593 3291 680 3369 quod
705 3292 823 3355 merito
847 3291 968 3354 vestrae

177 3387 350 3464 religionis
372 3386 510 3462 inducti,
534 3387 568 3452 et
585 3389 757 3466 provocati
779 3391 968 3452 nostrorum

177 3485 460 3562 predecessorum
474 3486 646 3563 exemplis,
661 3486 718 3564 qui
732 3502 820 3564 saepe
831 3501 969 3550 conces-

177 3580 263 3644 sisse
278 3582 401 3644 similia
416 3583 666 3660 dignoscuntur,
683 3584 853 3645 novalium
871 3583 967 3652 deoi-

176 3693 248 3740 mas
262 3679 298 3739 in
311 3679 381 3740 illis
395 3679 491 3742 robis
502 3679 714 3742 concedimus
727 3681 919 3754 territoriis,
932 3680 968 3741 in

176 3773 295 3852 quibus
308 3775 453 3837 decimas
465 3777 594 3838 veteres
612 3776 781 3849 obtinetis,
798 3793 873 3838 cum
888 3791 967 3839 vero

179 3868 272 3952 [non]
290 3872 334 3934 sit
350 3888 505 3949 magnum
520 3873 568 3935 ibi
588 3873 698 3936 minus
713 3874 895 3936 concedere
912 3873 968 3935 ubi

176 3971 284 4047 majus
310 3969 459 4030 noscitur
479 3985 554 4031 esse
573 3986 776 4033 concessum.
798 3971 890 4033 Nulli
914 3987 969 4032 er·

176 4079 230 4142 go,
251 4066 327 4139 etc,
344 4067 465 4128 nostras
481 4067 705 4144 concessionis
720 4067 915 4144 intringere.
933 4069 968 4130 si

177 4161 251 4239 quis
265 4164 387 4235 autem,
408 4165 470 4225 etc.
489 4164 607 4225 Datum
627 4163 795 4240 Laterani,
811 4167 889 4228 Xlll
906 4165 969 4228 ka·-

176 4257 292 4321 lendas
305 4259 447 4336 augusti,
462 4277 550 4324 anno
565 4253 671 4326 sexto.

510 4497 638 4588 CCXL

198 4649 249 4708 An
266 4647 504 4724 propositum,
526 4651 694 4711 decanum
710 4649 744 4711 et
759 4650 947 4724 capitutum

427 4749 719 4823 Hernbnrpenses.

465 4876 497 4934 21
516 4875 579 4949 julii
598 4877 677 4936 1222.

257 4997 443 5064 [Lappenbsrg
457 4997 594 5064 liunberg.
608 4999 802 5066 nrkund.,1,p.
816 4999 884 5066 deb]

185 5113 425 5187 compositionem
438 5127 524 5187 super
536 5113 715 5172 coniectione
729 5130 781 5173 seu
792 5115 957 5190 receptione

373 5201 537 5261 chrismatis
550 5204 593 5261 eis
607 5203 767 5262 confirmat.

214 5319 382 5379 Honorius
392 5319 580 5397 episcopus,
590 5336 705 5381 servus
718 5319 964 5394 servorumDei,

174 5413 305 5476 dilectis
320 5414 410 5488 tiliis,
426 5417 616 5494 praeposito,
633 5416 759 5478 decano
774 5420 808 5479 et
821 5417 966 5494 capitulo

174 5510 432 5588 Hamburgensi,
457 5515 598 5578 salutem
622 5513 655 5578 et
677 5514 892 5593 apostolicam
907 5514 967 5578 be-

175 5607 407 5672 nedictionem.

1023 1735 1208 1811 patrocinio
1235 1735 1487 1805 communimus,
1515 1735 1578 1794 etc.
1605 1731 1698 1794 Nulli
1733 1744 1812 1806 ergo

1025 1832 1158 1892 omnino
1173 1831 1344 1892 hominum
1359 1831 1458 1893 liceat
1471 1829 1559 1889 hanc
1569 1829 1724 1906 paginam
1740 1841 1814 1888 nos·

1023 1927 1084 1990 trae
1100 1927 1362 1990 confirmationis
1384 1925 1577 2002 intringere,
1598 1925 1651 1987 rel
1674 1925 1705 1986 ei
1728 1939 1813 1985 ausu
1944 1909 1950 1926 ⁸

1023 2025 1201 2086 temerario
1232 2025 1409 2086 contraire.
1443 2024 1479 2085 Si
1507 2023 1581 2100 quis
1614 2023 1723 2082 autem
1749 2021 1813 2082 hoc

1024 2122 1186 2185 attentare
1200 2121 1459 2199 praesumpserit,
1475 2118 1736 2196 indignationem
1746 2132 1815 2178 om·

1024 2219 1202 2296 nipo'tentis
1218 2219 1278 2281 Dei
1302 2220 1335 2281 et
1358 2217 1528 2280 beatorum
1553 2216 1644 2279 Petri
1664 2217 1697 2278 et
1715 2213 1812 2276 Pauli

1017 2317 1248 2395 apostolorum
1269 2319 1354 2393 eJus,
1376 2331 1412 2376 se
1437 2316 1566 2377 noverit
1587 2313 1811 2375 incursurum.

1023 2414 1142 2474 Datum
1177 2412 1343 2486 Laterani,
1382 2415 1444 2473 llll
1476 2410 1637 2473 kalendas
1668 2407 1812 2484 augusti,

1023 2510 1233 2589 pontificatus
1248 2508 1354 2572 nostri
1369 2525 1456 2571 anno
1471 2509 1576 2570 sexto.

1345 2876 1493 2964 GCXLI

1022 3029 1075 3092 Ad
1087 3029 1300 3104 Stephanum
1313 3029 1354 3090 cte
1373 3029 1538 3092 Columna
1557 3027 1812 3098 modweonnnn,

1062 3126 1096 3188 et
1110 3126 1259 3188 Petrum
1277 3127 1448 3202 merone,
1466 3129 1575 3198 Papae
1594 3123 1812 3198 emptorem,

1061 3222 1492 3286 Pantsttscornrnonantes.
1541 3273 1544 3280 .

1313 3353 1349 3412 td
1363 3349 1427 3424 julii
1446 3349 1525 3410 rata.

1039 3477 1174 3545 [bouquet
1188 3477 1246 3530 lise.
1257 3475 1303 3528 des
1314 3475 1390 3536 litet,
1402 3475 1509 3620 {glp
1519 3473 1574 3525 ⁷¹8.
1584 3474 1693 3538 liegest„
1702 3472 1746 3524 lib.
1755 3473 1800 3534 vi,

1354 3569 1394 3622 ep*
1461 3592 1468 3606 υ
1595 3572 1597 3576 1

1023 3661 1189 3735 blancham,
1213 3663 1377 3736 campanie
1403 3660 1591 3729 comitissam,
1618 3658 1812 3718 eedmisstica

1057 3767 1178 3812 censura
1192 3753 1258 3825 cogi
1277 3750 1357 3824 iubet
1376 3749 1412 3808 ad
1430 3748 1598 3808 solvendam
1612 3747 1668 3806 civi
1683 3749 1813 3806 Romano

1058 3841 1220 3915 pecuniam,
1240 3853 1325 3912 wem
1341 3853 1392 3911 pro
1411 3838 1516 3896 comita
1532 3836 1680 3896 Bremensi
1700 3847 1733 3894 se
1746 3831 1812 3892 red·

1058 3929 1180 3990 diturum
1196 3928 1374 4002 promiserat.

1061 4053 1228 4118 Honorius
1245 4053 1470 4130 episcopus...,
1485 4048 1615 4112 dilectis
1639 4047 1716 4112 tiliis
1739 4047 1814 4110 Ste-

1021 4151 1132 4232 phano
1163 4151 1203 4214 de
1229 4151 1387 4213 Columna
1417 4146 1618 4210 subdiacono
1648 4148 1682 4209 et
1713 4144 1812 4208 Petro

1023 4247 1174 4326 Gregorii
1193 4247 1347 4324 scriptori
1362 4245 1487 4320 nostro,
1499 4243 1651 4308 Parisios
1667 4257 1814 4306 commo-

1021 4345 1187 4418 rantibus,
1202 4345 1264 4408 ete.

1061 4443 1207 4505 Dilectus
1233 4442 1321 4503 tilius
1345 4441 1470 4502 Paulus
1495 4439 1635 4502 loannis
1659 4437 1809 4509 Mocerii,

1022 4541 1106 4603 civis
1121 4544 1300 4612 Romanus,
1317 4554 1378 4600 sua
1399 4538 1494 4600 nobis
1518 4537 1676 4614 petitione
1694 4550 1811 4597 mons-

1021 4639 1122 4704 travit
1136 4638 1234 4716 quod,
1251 4652 1351 4714 quum
1362 4639 1432 4713 jam
1447 4635 1544 4697 tertio
1559 4633 1663 4696 nobili
1677 4632 1811 4693 mulieri

1022 4736 1199 4799 comitissae
1223 4733 1411 4810 Campaniae
1438 4728 1618 4810 [blanchae]
1648 4729 1813 4790 direxeri-

1021 4851 1096 4895 mus
1112 4833 1234 4910 scripta
1249 4832 1375 4901 nostra,
1389 4830 1425 4891 ut
1436 4827 1467 4888 ei
1483 4827 1625 4889 solveret
1637 4824 1812 4902 qnamdam

1023 4946 1185 4994 summam
1196 4928 1346 5006 pecuniae
1362 4941 1460 5004 quam
1481 4925 1553 5002 ipse
1571 4922 1693 4984 dudum
1709 4921 1809 4982 clarae

1021 5026 1191 5090 memorias
1203 5025 1353 5087 Waltero
1370 5021 1539 5085 Bremensi
1553 5019 1665 5080 comiti
1680 5019 1812 5079 mantua-

1020 5127 1079 5199 vit,
1107 5124 1184 5186 licet
1212 5121 1402 5201 promiserit
1427 5135 1463 5180 se
1495 5116 1669 5194 pecuniam
1704 5116 1811 5194 ipsam
1840 5182 1843 5190 ¹

1021 5223 1127 5286 eidem
1143 5221 1243 5282 certis
1258 5217 1409 5281 terminis
1424 5209 1638 5286 reddituram,
1655 5213 1741 5275 siout
1755 5229 1812 5290 ap·

1020 5320 1115 5400 paret
1135 5333 1194 5396 per
1215 5332 1292 5378 suas
1307 5315 1435 5376 litteras
1450 5311 1630 5383 evidenter,
1645 5327 1733 5372 nunc
1753 5310 1809 5371 ta-

1020 5433 1096 5479 men
1129 5413 1381 5494 promissionem
1409 5426 1503 5472 suam
1532 5409 1713 5486 adimplere
1742 5421 1811 5468 non

1021 5515 1127 5587 curat,
1142 5526 1296 5576 asserens
1311 5525 1347 5570 se
1364 5507 1514 5586 praedicti
1528 5507 1659 5568 comitis
1674 5505 1808 5576 terram,

1019 5612 1150 5675 ratione
1169 5613 1265 5688 cujus
1284 5608 1326 5670 ab
1351 5621 1391 5670 ea
1412 5602 1644 5684 requirebatur
1663 5600 1809 5664 debitum
