4258 6394
352 250 412 310 483
961 245 1138 308 HONORII
1159 246 1206 309 111
1227 247 1377 310 OPERA.
1448 343 1454 352 ¹
1931 254 2000 314 484

351 408 496 471 viriliter
503 407 686 470 sustinere:
701 408 845 470 sciturus
855 405 941 483 quod
952 401 1055 482 sdper
1064 406 1138 478 hoc,
1193 404 1236 468 de
1254 405 1466 482 eleemosyna
1489 403 1626 484 inclyte
1646 405 1889 471 recordationis
1907 409 2001 472 Phi-

352 505 385 568 et
400 506 427 566 si
442 508 591 567 Romana
605 503 752 566 Ecclesia
768 502 945 580 plurimum
965 501 1139 573 laboravit,
1196 502 1279 579 lippi
1292 501 1397 579 patris
1411 502 1472 571 tui,
1489 501 1531 563 ad
1556 503 1682 578 negotii
1705 505 1854 581 ejusdem
1878 507 2000 570 subsi-

353 613 418 664 non
433 603 539 663 solum
555 601 727 679 spirituale
740 599 797 661 sed
810 599 1034 676 ettemporale
1048 598 1142 660 auxi·
1195 597 1287 660 dium
1300 598 1527 660 transmisisti.
1545 601 1654 672 Quare
1669 599 1712 664 de
1732 603 1790 664 tua
1809 605 1998 667 serenitate

352 700 433 761 lium
449 699 534 777 quod
548 699 654 776 potuit
676 696 905 774 impendendo,
923 696 1141 758 nihilominus
1194 695 1394 757 confidimus
1414 695 1447 758 et
1465 711 1649 772 speramus,
1677 699 1763 774 quod
1790 699 1849 760 ilie
1872 701 1929 778 qui
1944 702 1994 764 ad
2108 691 2109 752 3

350 799 461 858 tamen
475 795 582 872 parati
596 810 656 855 nos
677 810 801 866 sumus,
818 795 851 854 et
862 793 1008 854 laborem
1021 792 1062 853 ad
1078 792 1141 853 hoc
1195 791 1259 854 hoc
1272 793 1340 856 tam
1355 794 1505 870 prompte
1524 795 1617 857 tuum
1642 795 1790 857 animum
1815 798 1992 870 excitavit,

349 906 532 961 assumere,
550 892 583 952 et
597 889 817 952 consiliumet
831 889 996 950 auxilium
1010 889 1139 964 imper·
1194 887 1295 951 lactet
1309 889 1410 952 etiam
1424 889 1521 966 quod,
1545 891 1633 953 sicut
1647 907 1706 967 par
1724 891 1810 954 alias
1824 893 1953 958 litteras
1967 911 1993 958 a

349 989 418 1050 tiri.
432 987 573 1050 Solliciti
588 987 1141 1063 praetereasumuseterimusquo·
1194 986 1251 1046 tua
1279 985 1479 1048 sublimitate
1506 987 1720 1064 requirimus,
1747 989 1808 1052 tibi
1836 1007 1992 1056 assumes

351 1081 448 1146 modo
481 1070 707 1160 circumpositi
742 1083 936 1160 praedictum
969 1082 1140 1158 negotium
1194 1082 1304 1158 ipsum
1318 1083 1500 1159 negotiare,
1517 1083 1696 1148 stilludad
1712 1086 1992 1152 hudemsuino-

350 1181 494 1254 foveant,
519 1177 551 1242 et
576 1182 684 1242 tecum
706 1178 861 1240 inimicos
884 1179 977 1256 pacis
1003 1180 1037 1240 et
1062 1178 1139 1240 fidei
1194 1178 1293 1239 minis
1314 1179 1408 1242 ettui
1423 1177 1560 1242 honoris
1575 1183 1609 1244 et
1630 1183 1748 1246 saletis
1770 1188 1990 1260 augmentum

350 1279 605 1355 persequantur.
632 1278 750 1337 Datum
775 1276 941 1348 Laterani,
957 1274 1067 1336 idibus
1082 1275 1141 1336 de·
1194 1274 1337 1339 feliciter
1349 1278 1570 1354 prosequeris.
1588 1280 1629 1342 tet
1641 1279 1774 1355 quidem
1792 1293 1861 1348 lon
1876 1283 1990 1348 credi·-

350 1374 502 1447 oemhris,
520 1373 731 1451 pontificatus
746 1373 853 1436 nostri
866 1387 953 1435 anno
968 1372 1096 1436 octavo.
1193 1375 1314 1436 musta
1328 1373 1454 1452 aliqmd
1477 1374 1568 1438 aliud
1593 1387 1695 1452 agere
1716 1379 1879 1452 possead
1898 1395 1989 1456 prae-

1194 1485 1287 1541 sens,
1315 1470 1403 1532 unde
1431 1471 1579 1534 ditinum
1607 1475 1641 1534 st
1664 1475 1868 1550 spostolicae
1891 1477 1988 1542 sedis

1193 1567 1336 1640 gratiam
1349 1567 1485 1630 facilius
1494 1571 1765 1646 assequaris,rel
1774 1573 1862 1648 quod
1876 1574 1986 1650 magis

681 1667 804 1754 LXVI
1191 1663 1342 1740 adrsgni
1356 1665 1406 1726 tui
1431 1665 1555 1728 emtrrnr
1567 1667 1732 1744 pertineat
1756 1671 1788 1731 et
1809 1669 1982 1736 honorem.

348 1821 399 1880 Ad
421 1820 630 1880 Ludovtcum
650 1820 742 1889 VIII,
766 1819 988 1880 Francorum
1006 1825 1135 1892 recem.
1191 1761 1986 1940 ffitieffljglrteessfiffilsssJgsqgfflgfflitffigs
2109 1845 2110 1856 ’

606 1943 874 2003 1311111111113.
1192 1955 1280 2017 inter
1302 1957 1335 2018 te
1357 1972 1397 2020 ac
1419 1957 1628 2020 carissimum
1656 1960 1692 2022 in
1717 1961 1849 2024 Christo
1877 1961 1983 2025 titium

361 2071 497 2135 [bouquet
511 2066 856 2126 sescenisnummis.
870 2067 979 2132 Regest,
998 2065 1042 2116 lib.
1055 2061 1122 2128 viti,
1191 2055 1342 2115 noshem
1362 2054 1527 2117 illustrem
1550 2071 1666 2132 l'essffl
1687 2058 1817 2134 Angli&
1831 2059 1983 2124 intendi·

663 2147 738 2212 epist.
754 2147 820 2211 tet]
1191 2165 1264 2209 mus
1286 2164 1476 2226 prorogare.
1512 2152 1630 2214 Datum
1667 2155 1836 2227 Laterani,
1871 2155 1984 2218 idibus

346 2265 499 2331 Honorius,
525 2277 582 2338 quo
610 2261 795 2330 ludovicum,
825 2265 999 2322 Francorum
1023 2276 1135 2336 regem,
1192 2245 1387 2319 decembris,
1404 2248 1614 2324 pontificatus
1629 2252 1735 2314 nostri
1748 2268 1836 2314 anno
1849 2253 1981 2316 octavo.

380 2351 492 2410 facilius
513 2351 628 2409 inducat
642 2350 678 2408 ad
697 2349 911 2423 suscipiendum
927 2349 1065 2408 adversus
1085 2347 1134 2408 Al-

378 2440 515 2516 bigeuses
530 2437 680 2496 haereticos
694 2439 810 2508 bellum,
826 2438 919 2496 eidem
931 2438 966 2496 de
982 2451 1135 2512 prorogan-

296 2595 309 2615 ]
381 2527 426 2585 dis
447 2526 610 2584 interlitum
630 2532 658 2584 et
679 2524 792 2598 Augila
806 2540 906 2600 regam
921 2525 1045 2583 induciis
1057 2533 1132 2584 sats·
1513 2538 1658 2629 LXVII

380 2629 451 2689 gere
463 2631 494 2672 se
508 2615 635 2674 nunciat.

383 2741 550 2803 Honorius
559 2739 1134 2820 episcopus...carissimoinchristo
1189 2687 1241 2746 Ad
1261 2689 1470 2752 mmmm
1493 2693 1587 2763 Μ’
1602 2696 1822 2755 mmmm
1845 2710 1980 2772 ''edem-

343 2838 411 2898 tilio
423 2838 600 2910 landerice,
620 2838 743 2900 illustri
764 2839 835 2915 regi
848 2841 1063 2910 Francorum,
1078 2852 1135 2899 sa·
1451 2819 1625 2880 1419111111·
1639 2822 1721 2884 ¹²²³·

342 2932 455 3005 lutam,
472 2938 535 2998 etc,
1204 2936 1342 3004 [bouquet
1352 2939 1413 2992 Rcc.
1426 2941 1469 2992 des
1479 2942 1555 3002 llic,
1569 2943 1636 3004 xlx,
1649 2945 1705 2998 ttr.
1717 2947 1826 3012 Regest„
1836 2948 1882 3000 lr'b.
1893 2951 1962 3009 vlll,

271 3078 274 3084 ·
382 3033 505 3108 Dignas
524 3035 593 3094 Deo
613 3031 730 3094 laudes
745 3035 778 3095 et
790 3028 851 3094 tibi
872 3033 1056 3110 gratiarum
1071 3049 1131 3098 ac·
1505 3022 1580 3088 epist.
1594 3023 1661 3090 1351

341 3129 451 3192 tiones
465 3129 643 3189 immensas
656 3127 833 3190 referimus
847 3128 944 3206 quod,
971 3127 1058 3191 sicut
1073 3145 1133 3191 ta·
1188 3125 1343 3184 lustantius
1365 3127 1425 3200 agit
1439 3129 1582 3188 llouorius
1600 3130 1675 3204 apud
1690 3147 1800 3207 regem,
1823 3143 1855 3194 ut
1873 3135 1975 3196 edver-

341 3224 502 3288 nerabilis
519 3224 619 3286 trater
643 3225 756 3286 noster
778 3225 973 3286 Portuensis
997 3226 1131 3302 episco-
1221 3228 1271 3270 ⁸¹¹⁸
1282 3215 1451 3288 Albigtsssess
1461 3225 1591 3290 1101θῦ111
1602 3224 1975 3296 exsurgat3ethmslrtenm

343 3336 404 3399 pus
429 3319 623 3401 [conradus]
651 3337 763 3382 coram
791 3319 886 3382 nobis
917 3322 950 3384 et
973 3321 1132 3383 fratribus
1222 3301 1257 3359 de
1272 3303 1434 3363 blonteiorti
1450 3313 1554 3364 terram
1570 3321 1652 3366 snam
1672 3310 1887 3383 regisdominio
1906 3314 1974 3372 sub·

342 3417 466 3479 nostris
481 3417 665 3494 proposuit,
683 3417 941 3494 praedecessores
962 3418 1037 3480 tuos
1065 3434 1131 3480 non
1217 3389 1306 3462 iioefe
1318 3399 1448 3464 mmmm
1463 3407 1527 3452 ⁹⁸⁸⁰
1543 3395 1673 3468 ⁸P⁰¹¹⁶⁰b

341 3514 452 3574 minus
479 3513 662 3576 christiana
691 3513 865 3577 devotione
889 3531 987 3592 quam
1008 3531 1131 3590 genere
1221 3527 1388 3588 Honorius
1401 3527 1835 3608 episcopus-carissimis
1844 3537 1976 3600 Christo

340 3609 513 3680 imitando,
536 3611 571 3670 in
595 3611 677 3688 ipsis
691 3611 757 3672 tuae
772 3611 997 3675 coronationis
1011 3612 1128 3686 initiis,
1185 3621 1253 3683 filio
1266 3623 1444 3698 Ludovico,
1458 3626 1582 3690 illustri
1594 3629 1664 3708 pegi
1681 3633 1898 3706 Francorum,
1913 3651 1974 3696 sa.

340 3710 605 3795 quantacumque
626 3708 685 3770 tibi
710 3709 899 3770 sollicitudo
912 3709 1128 3784 incumberet,
1185 3717 1297 3791 lutam,
1315 3719 1378 3782 etc,

340 3806 462 3868 Christi
477 3807 645 3883 negotium
655 3806 830 3883 propricet
842 3821 1050 3870 communem
1063 3809 1130 3871 uti·
1224 3815 1303 3878 Cum
1319 3831 1416 3893 rages
1436 3818 1470 3882 et
1483 3821 1650 3900 principes
1666 3823 1853 3900 christiani,
1870 3844 1973 3906 prop.

338 3903 464 3966 litatem
479 3904 616 3982 1111131ω
631 3919 838 3980 1111311011θῦ1,
855 3919 956 3981 Super
970 3904 1056 3967 111010
1071 3905 1130 3967 ΑΙ·
1183 3913 1234 3974 ter
1248 3913 1431 3977 Ecclesiam
1446 3918 1585 3980 matrem
1601 3935 1708 3994 suam,
1725 3938 1768 3983 ex
1782 3940 1848 4000 qua
1868 3926 1975 4004 spiri-

337 3999 524 4076 higensium
547 4000 817 4062 christianissimi
838 4001 1001 4079 principis
1016 4003 1129 4064 osten·
1182 4011 1318 4072 tualiter
1340 4012 1410 4076 nati
1438 4014 1526 4088 sunt,
1551 4015 1584 4078 st
1607 4033 1706 4094 quam
1730 4035 1750 4081 a
1774 4020 1916 4096 Christo,
1939 4023 1976 4088 ut

338 4097 415 4160 disti
428 4097 540 4176 (prout
549 4097 672 4174 injuria
684 4096 760 4158 fidei
769 4097 963 4160 orthodoxae
973 4100 1006 4162 te
1021 4097 1127 4180 angit)
1182 4122 1256 4168 eam
1282 4109 1485 4186 temporibus
1519 4112 1589 4174 suis
1623 4114 1768 4189 foveant,
1798 4134 1974 4196 suscepere

338 4193 949 4272 1111111111.110111111110111101111011111
964 4194 1128 4258 desectum
1182 4205 1349 4280 tuendam,
1366 4209 1433 4268 Deo
1448 4209 1626 4274 teneantur
1638 4211 1776 4277 reddere
1791 4215 1974 4294 rationem

336 4291 444 4352 intua
460 4307 561 4352 causa
579 4290 745 4351 sustinere
763 4290 909 4365 volebas,
926 4309 1024 4370 quam
1039 4293 1127 4355 idern
1181 4317 1284 4380 grave
1312 4303 1412 4367 nimis
1440 4303 1539 4368 debes
1574 4323 1692 4384 gerere
1721 4327 1761 4373 ao
1785 4311 1973 4392 indignum,

337 4388 518 4465 negotium,
533 4387 600 4448 tuis
620 4387 652 4448 ei
665 4403 732 4448 non
754 4387 1038 4463 subvenientibus,
1055 4391 1127 4452 dis·
1182 4399 1268 4478 quod
1284 4399 1372 4462 intra
1387 4401 1547 4465 terminos
1572 4418 1654 4481 regn

336 4484 493 4564 pendium
514 4485 685 4562 pateretur
700 4507 707 4545 ε
725 4485 811 4547 unde
827 4486 974 4564 praelatis
997 4489 1030 4550 et
1049 4488 1127 4550 aliis
1182 4495 1333 4572 partibus
1356 4497 1595 4576 albigensium,
1625 4497 1776 4568 haeretici
1799 4507 1977 4572 manifesto

336 4583 392 4666 qui
408 4598 444 4646 se
459 4582 634 4644 occasione
649 4581 728 4644 iacti
742 4583 791 4646 tui
806 4583 847 4646 ab
863 4585 968 4664 ipsius
983 4584 1129 4648 subveu-
1182 4607 1221 4654 ac
1236 4593 1401 4672 intrepide
1428 4596 1626 4673 impugnant
1654 4601 1848 4676 Ecclesiam,
1874 4604 1973 4667 fldem

334 4680 425 4745 tione
447 4680 573 4756 11080ffl
586 4679 811 4754 retrahebant,
829 4681 961 4744 facilem
977 4684 1010 4744 et
1024 4681 1124 4744 beni·
1181 4690 1398 4753 christianam
1413 4697 1588 4767 evacuant,
1606 4697 1639 4758 et
1657 4697 1842 4763 dilacerant
1861 4701 1971 4778 ipsum

334 4793 434 4854 anam
449 4776 593 4838 tribuisti
608 4777 777 4840 licentiam
790 4777 896 4839 eidem
912 4779 1057 4853 negotio,
1072 4795 1128 4840 re-
1182 4787 1359 4850 Christum.
1385 4791 1479 4852 certe
1501 4791 1808 4858 Nabuchodonosor
1831 4813 1894 4860 rex
1910 4798 1973 4860 ne-

335 4875 413 4938 licto
426 4875 495 4948 tuo,
507 4876 729 4952 personaliter
742 4873 937 4937 intendendi
949 4873 1008 4955 (1).
1024 4876 1127 4937 Deni—
1182 4885 1297 4958 crevit,
1319 4885 1432 4948 dicens
1455 4909 1462 4948 :
1480 4890 1687 4966 Quicumque
1705 4895 1862 4959 crearer
1884 4898 1974 4960 ems·

335 4988 410 5050 que,
440 4973 579 5035 allectus
615 4973 720 5050 ipsius
757 4971 986 5046 magnitudine
1020 4974 1053 5035 te
1083 4973 1126 5036 ad
1177 4985 1527 5056 permanaturam
1540 4989 1695 5060 Stdraclt,
1712 4992 1973 5056 1111111111-

334 5070 580 5148 producendum
599 5069 694 5130 illum
714 5069 885 5139 inactum,
903 5069 989 5130 Sicut
1003 5070 1123 5145 decuit,
1180 5081 1369 5156 derasam
1384 5081 1655 5154 carentcarent,
1668 5087 1702 5147 et
1716 5089 1971 5154 comessorum

332 5167 533 5247 impellente,
548 5167 661 5228 decem
670 5164 775 5226 millia
786 5180 974 5228 marcarum
982 5169 1123 5244 argenti,
1180 5179 1217 5236 tre
1231 5179 1443 5250 dispersione
1455 5175 1516 5258 (2).
1534 5179 1569 5248 Si
1582 5196 1662 5258 ergo
1686 5181 1798 5248 taliter
1822 5185 1886 5248 fuit
1908 5203 1971 5252 rex

370 5325 504 5400 (1101111,
519 5323 660 5395 flagrante
677 5319 812 5380 Ludovici
833 5323 911 5394 regis
931 5338 997 5382 cum
1012 5325 1126 5398 anglise
1179 5347 1293 5404 scopus,
1317 5333 1426 5390 eisdem
1449 5333 1575 5407 benigne
1594 5339 1773 5398 concessisse
1793 5341 1969 5402 hodericum

332 5393 543 5479 regedissidio,
557 5391 666 5464 praelati
687 5399 716 5449 et
730 5393 777 5450 elii
796 5394 1005 5467 regisclientes
1019 5395 1125 5478 ahelto
1179 5403 1322 5461 licentiam
1349 5404 1486 5462 militandi
1511 5405 1649 5464 adversus
1672 5409 1852 5483 albigenses.
1877 5415 1967 5486 <eou-

332 5483 362 5524 rn
377 5465 525 5538 hlhrgeusr
540 5471 614 5520 terra
635 5461 764 5535 gerendo
779 5464 954 5530 recederent,
974 5474 1124 5525 certiorem
1179 5474 1270 5548 quet.)

332 5537 400 5596 tecit
414 5535 570 5593 liopertum
583 5533 695 5605 legatus
715 5534 861 5592 conradus
882 5537 1047 5596 Portuemis
1061 5540 1122 5612 api·
1214 5543 1255 5616 (1)
1272 5546 1355 5612 hen,
1369 5559 1410 5612 ut,
1426 5545 1470 5603 96,
