4222 6374
148 275 168 336 6
763 267 992 332 erraneum.
1016 267 1095 334 ute.
1120 267 1174 327 vr.

148 431 180 494 ei
193 443 276 492 ausu
290 428 468 492 temerario
481 427 659 491 contraire.
677 426 802 504 siquis
827 427 939 490 autem

149 528 211 590 hoc
223 527 388 590 attentare
409 525 658 602 praesumpserit
676 523 940 600 indignationem

149 623 381 700 omnipotentis
396 623 455 685 Dei
468 624 502 686 et
510 623 683 686 beatorum
696 621 787 684 Petri
796 621 829 684 et
843 620 941 683 Pauli

149 721 372 798 apostolorum
400 722 484 797 ejus,
508 735 545 782 se
567 719 698 784 noverit
712 719 939 782 incursurum.
1043 765 1045 770 ,

148 818 265 878 Datum
287 816 461 888 Laterani,
491 816 601 880 idibus
630 815 774 892 augusti,
801 814 941 893 pontifl-

147 915 241 976 oatus
253 915 359 977 nostri
373 929 462 976 anno
477 915 582 976 sexto.

516 1235 572 1324 VI

440 1389 491 1450 Ad
505 1389 654 1450 cosdem.

415 1519 448 1578 13
468 1518 583 1592 augusti
596 1517 675 1576 1111.

145 1641 244 1708 [Fontis
258 1641 367 1701 1161666,
380 1644 400 1692 1.
415 1641 526 1701 cxxix,
539 1655 565 1706 p.
579 1637 772 1700 1110,Βί11116111,
786 1635 944 1702 1161166116]

156 1765 232 1827 Villa
252 1765 480 1825 (1611661161666
501 1779 566 1823 cum
585 1765 644 1820 suis
665 1761 841 1836 pertinentiis
861 1775 932 1818 eon·

302 1855 399 1911 ventui
415 1852 596 1910 Heenonensi
608 1849 801 1908 confirmatur.

184 1981 357 2046 Honorius
367 1967 554 2056 episeopus,
565 1991 860 2040 servusservorum
870 1975 943 2050 Dei,

143 2079 279 2142 dilectis
305 2077 416 2140 abbati
449 2077 482 2138 et
512 2075 690 2138 couventui
724 2073 943 2146 Hasnouien„

144 2177 289 2244 salutem
309 2176 342 2236 et
353 2173 570 2252 apostolicam
583 2170 859 2234 benedictionem.

184 2274 292 2336 iustis
317 2271 500 2349 petentium
529 2269 705 2332 desideriis
729 2269 867 2344 dignum
894 2269 945 2333 est

144 2387 207 2434 nos
236 2369 369 2432 facilem
398 2367 548 2446 praebere
580 2381 789 2438 consensum,
813 2366 846 2428 et
867 2367 944 2430 rota

142 2484 217 2546 quae
246 2482 267 2529 a
294 2466 437 2528 rationis
455 2465 588 2528 tramite
609 2479 677 2526 non
691 2462 881 2528 discordant
894 2464 946 2526 el-

143 2565 238 2632 16616
281 2565 501 2642 prosequente
536 2561 713 2639 complere.
750 2561 942 2639 Eapropter,

142 2663 262 2726 dilecti
282 2663 319 2722 in
340 2661 480 2724 Domino
496 2659 568 2734 filii,
584 2660 706 2722 vestris
717 2659 818 2736 justis
834 2659 945 2736 preci·

143 2759 204 2822 bus
238 2758 402 2830 inclinati,
425 2757 541 2820 villam
565 2756 605 2818 de
629 2756 844 2830 Montiniaoo,
869 2772 944 2820 cum

144 2857 253 2929 curte,
269 2856 374 2928 silvis,
387 2855 503 2932 pratis,
518 2854 669 2926 vivariis,
683 2853 887 2916 molendinis
911 2857 944 2918 61

143 2954 221 3016 aliis
242 2953 450 3031 pertinentiis
470 2953 551 3024 suis,
569 2968 641 3029 quae
665 2949 760 3014 bonae
775 2951 943 3014 memoriae

146 3051 315 3114 Riohildis
326 3049 385 3130 (1),
397 3050 567 3112 comitissa
577 3047 761 3112 Montensis
774 3048 944 3110 monaste·

144 3149 196 3210 rio
214 3147 333 3209 vestro
347 3146 472 3208 iutuitu
486 3145 628 3207 contulit
641 3144 786 3221 pietatis,
803 3144 890 3208 sicut
904 3159 944 3206 ea

146 3245 262 3308 omnia
270 3247 361 3321 juste
380 3259 420 3304 ac
434 3242 573 3320 pacifice
586 3241 774 3319 possidetis,
791 3243 825 3304 et
841 3241 877 3304 in
891 3241 944 3318 ip-

146 3343 217 3405 sius
235 3340 413 3404 comitissae
428 3339 630 3403 authenticis
649 3338 808 3402 coniectis
823 3339 944 3402 exinde

146 3441 273 3504 dicitur
296 3438 473 3510 contineri,
487 3437 583 3500 vobis
609 3437 643 3500 61
669 3451 729 3513 per
756 3452 815 3500 vos
837 3437 944 3500 eidem
1031 3470 1048 3494 .

147 3535 364 3608 monasterio,
380 3535 578 3598 auctoritate
602 3534 794 3612 Apostolica
817 3534 944 3596 666116-
1011 3581 1013 3586 .

147 3651 294 3707 mamus,
329 3634 363 3696 et
396 3632 570 3710 praesentis
606 3631 722 3709 scripti
758 3632 944 3708 patrocinio

146 3732 403 3796 commuuimus,
417 3729 511 3792 Nulli
526 3743 606 3805 ergo
625 3729 762 3791 omnino
772 3729 944 3790 hominum

148 3830 251 3892 116661
263 3829 351 3892 hanc
365 3829 522 3906 paginam
541 3826 664 3888 nostrae
679 3826 944 3890 confirmationis
961 3847 965 3855 ·

147 3927 344 4003 intringere,
360 3925 416 3986 vel
428 3924 460 3986 ei
474 3940 559 3986 ausu
571 3923 751 3986 temerario
764 3924 941 3986 contraire.

149 4027 186 4088 Si
207 4023 282 4102 quis
298 4022 408 4085 autem
429 4022 493 4083 hoc
512 4021 677 4084 attentare
696 4021 945 4098 praesumpserit

148 4121 411 4198 indignationem
438 4118 674 4196 omnipotentis
693 4118 752 4182 Dei
774 4119 807 4182 et
823 4118 943 4182 heato-

148 4233 225 4280 rum
238 4218 328 4279 Petri
347 4219 380 4279 et
395 4217 490 4278 Pauli
504 4216 730 4293 apostolorum
743 4219 816 4292 ejus
829 4232 865 4281 se
878 4233 943 4278 no·

148 4315 239 4378 terit
259 4315 481 4376 incursurum.
509 4314 628 4374 Datum
642 4314 810 4385 Laterani,
834 4313 944 4375 idibus

148 4412 296 4490 augusti,
313 4411 527 4490 pontificatus
541 4409 648 4470 nostri
661 4424 749 4470 anno
762 4410 868 4473 sexto,

186 4577 227 4652 (1)
239 4577 376 4648 1116111116,
390 4584 533 4636 comtesse
542 4577 578 4634 (16
589 4575 745 4634 Flendreet
759 4576 794 4634 de
809 4577 944 4648 Heinaut,

148 4653 228 4708 avait
240 4647 346 4721 epouse
360 4648 517 4717 Beudouin‚
530 4645 696 4706 surnomme
706 4645 841 4716 dellens,
851 4657 945 4707 comte

148 4719 186 4778 de
205 4719 337 4788 Flandre,
353 4721 435 4778 villo
450 4718 486 4775 (16
511 4734 545 4776 oe
567 4733 644 4776 nom.
663 4721 718 4776 Par
730 4733 782 4775 son
804 4721 944 4802 mariage,

150 4792 206 4849 elle
232 4790 326 4848 reunit
344 4789 473 4864 lesdeux
491 4787 601 4848 comtes
613 4788 772 4846 ensemble.
789 4789 866 4846 cette
879 4805 943 4847 reu·

150 4863 221 4919 6166
242 4875 279 4918 66
301 4860 371 4918 dura
392 4875 447 4931 que
466 4859 592 4944 pendent
614 4861 640 4916 le
663 4859 709 4916 vie
728 4859 764 4916 (16
785 4859 943 4928 Baedunia,

151 4932 196 4990 les
214 4930 323 4990 comtes
335 4936 423 5004 ayant
437 4928 481 4988 116
521 4929 637 5004 artagds
653 4939 733 4988 entre
750 4945 796 4987 ses
811 4929 885 4990 deux
902 4931 946 4990 tila

150 5003 272 5060 Arnoult
298 4999 498 5060 surnomme'le
536 4999 944 5071 6111661666111116666661,

1351 432 1428 520 vll

1281 585 1332 644 aa
1355 584 1501 644 6666661.

1261 713 1295 771 13
1314 710 1522 786 6666611111.

999 837 1099 902 [Foede
1110 837 1254 899 11616661.
1266 834 1378 894 cxxix,
1391 849 1417 900 p.
1429 833 1484 893 rot,
1496 833 1619 884 Biblioth.
1632 832 1790 901 Rationale]

997 961 1154 1022 conventui
1175 959 1356 1020 Hesnonenei
1377 957 1496 1032 majoris
1518 965 1546 1015 et
1573 959 1699 1016 Furnum
1716 957 1791 1018 villae
1851 1017 1853 1030 ,

1138 1047 1174 1106 (16
1188 1049 1284 1107 Monte
1298 1049 1415 1105 Petraeo
1434 1045 1647 1104 confirmantur.
1741 1097 1746 1102 .

1037 1174 1206 1236 Honorius
1215 1173 1401 1252 episcopus,
1412 1187 1528 1234 servus
1539 1173 1791 1246 servorumDei,

961 1279 967 1300 ”
997 1270 1128 1334 (11166116
1154 1271 1233 1332 tiliis
1255 1269 1367 1332 abbati
1394 1269 1428 1332 61
1453 1270 1630 1332 conventui
1656 1272 1792 1334 Hesuo-

997 1368 1111 1442 nansi,
1140 1368 1331 1432 salutemet
1348 1366 1566 1446 apostolicam
1585 1365 1792 1430 henedictio-

938 1535 941 1574 ⁵
997 1481 1140 1624 neIIrstis
1167 1561 1350 1638 petentium
1382 1561 1558 1624 desideriis
1586 1561 1723 1638 dignum
1743 1563 1794 1626 est

997 1674 1058 1720 nos
1069 1657 1200 1720 facilem
1215 1656 1364 1736 praebere
1377 1673 1574 1720 consensum
1585 1660 1618 1721 et
1629 1659 1706 1721 vota
1719 1675 1793 1736 quae

998 1771 1018 1816 a
1045 1755 1185 1818 rationis
1209 1755 1342 1818 tramite
1366 1751 1433 1816 non
1457 1754 1649 1818 discordant
1672 1754 1795 1818 effectu

998 1854 1216 1930 prosequente
1229 1851 1406 1928 complere.
1420 1853 1623 1930 eapropter
1634 1852 1794 1914 dilectiin

998 1950 1138 2012 Domino
1164 1948 1238 2020 dlii,
1263 1948 1385 2011 vestris
1402 1950 1503 2028 justis
1525 1949 1679 2026 precihus
1694 1950 1794 2012 incli-

998 2047 1078 2118 nati,
1098 2047 1273 2123 majoriam
1292 2046 1326 2108 et
1349 2045 1483 2108 furnum
1502 2046 1592 2110 villae
1615 2048 1657 2108 de
1680 2049 1794 2112 Monte

998 2145 1135 2208 Petroso
1163 2142 1210 2226 (2)
1244 2159 1319 2205 cum
1347 2144 1557 2220 pertinentiis
1587 2145 1791 2218 eorumdem,

998 2241 1085 2303 sicut
1098 2257 1138 2303 ea
1148 2242 1237 2322 juste
1252 2257 1292 2304 ao
1307 2241 1446 2318 pacifice
1461 2242 1639 2321 possidetis
1651 2243 1746 2306 vohis
1761 2244 1795 2306 et

998 2353 1057 2416 per
1069 2355 1128 2400 vos
1143 2339 1345 2402 monasterio
1360 2341 1483 2412 vestro,
1498 2340 1696 2402 auctoritate
1709 2343 1795 2420 Apo·

998 2437 1116 2498 stolica
1147 2436 1381 2498 confirmamus
1408 2439 1442 2500 et
1474 2438 1649 2514 praesentis
1678 2438 1794 2516 scripti

998 2533 1183 2610 patrocinio
1194 2534 1446 2595 communimus.
1456 2534 1550 2596 Nulli
1562 2551 1641 2612 ergo
1657 2537 1792 2598 omnino

997 2631 1168 2692 hominum
1182 2631 1283 2694 liceat
1296 2631 1385 2693 hanc
1398 2631 1554 2709 pagiuam
1571 2632 1793 2695 confirmatio·

997 2729 1050 2789 nis
1068 2727 1263 2804 infringere,
1279 2732 1342 2791 etc.
1366 2729 1402 2791 Si
1421 2729 1505 2807 quis,
1522 2729 1597 2802 etc,
1618 2729 1791 2792 beatorum

998 2825 1088 2888 Petri
1103 2826 1136 2887 et
1157 2825 1254 2887 Pauli
1272 2825 1496 2903 apostolorum
1515 2828 1587 2904 ejus
1606 2841 1643 2887 se
1661 2828 1793 2888 noverit

997 2924 1220 2984 incursurum.
1250 2923 1369 2984 Datum
1397 2922 1564 2996 Laterani,
1588 2922 1698 2984 idibus
1724 2939 1791 2984 au-

997 3019 1097 3096 gusti,
1111 3018 1321 3098 poutificatus
1336 3019 1443 3084 nostri
1457 3035 1545 3082 anno
1561 3020 1666 3084 sexto.

1347 3279 1448 3368 VIII

1283 3432 1336 3492 ao
1361 3433 1507 3493 eosdem.

1264 3560 1298 3619 ra
1312 3561 1428 3634 augusti
1447 3561 1526 3620 1111.

999 3683 1095 3748 [Fonds
1107 3685 1218 3744 Meroen,
1230 3691 1251 3735 t.
1264 3685 1376 3748 CXXIX,
1386 3700 1413 3750 p.
1426 3685 1481 3746 1111,
1499 3684 1620 3736 Biblioth.
1633 3685 1792 3752 1161166616]

1037 3809 1195 3870 conventui
1221 3810 1402 3868 Hasuouensi
1425 3809 1609 3868 confirmetur
1629 3811 1695 3871 villa
1714 3811 1751 3870 de

1147 3896 1359 3958 Wauvrechein
1374 3911 1440 3956 cum
1455 3898 1644 3972 pertiuentiis.

1037 4024 1205 4086 Honorius
1215 4024 1402 4101 episcopus,
1412 4025 1528 4086 servus
1538 4027 1790 4102 servorumDei,

997 4121 1127 4182 dilectis
1152 4119 1231 4180 filiis
1258 4119 1371 4182 abbati
1399 4122 1433 4183 61
1455 4121 1633 4184 conventui
1662 4125 1794 4184 116666-

997 4219 1119 4288 616661,
1142 4218 1284 4280 salutem
1307 4218 1339 4280 61
1359 4219 1574 4298 apostolicam
1589 4219 1795 4286 benedictio-

998 4333 1085 4377 nem.

1036 4414 1140 4478 Justis
1169 4414 1352 4493 petentium
1381 4413 1556 4478 desideriis
1580 4417 1718 4494 dignum
1742 4420 1793 4481 est

997 4581 1136 4640 66611616
1150 4587 1225 4640 cette
1244 4580 1379 4640 donatiuo
1395 4579 1562 4658 tl’aooaye.

1034 4651 1075 4725 (1)
1103 4655 1142 4709 Le
1165 4652 1270 4723 village
1296 4652 1331 4709 de
1353 4653 1631 4728 mouchy-Lepreon,
1654 4657 1701 4728 qui
1725 4664 1794 4716 veut

998 4721 1059 4779 dire
1074 4723 1214 4795 pierreux,
1233 4730 1276 4780 est
1290 4723 1363 4781 situe
1381 4724 1452 4780 dans
1470 4725 1496 4780 le
1508 4723 1623 4782 diocese
1637 4727 1761 4796 d'rirres,
1776 4726 1793 4784 6

998 4792 1073 4851 deux
1088 4793 1177 4852 lienes
1197 4799 1225 4850 61
1250 4793 1344 4852 (166116
1364 4793 1400 4850 (16
1418 4801 1493 4852 66116
1511 4797 1587 4863 ville,
1610 4804 1691 4854 entre
1711 4797 1736 4854 la
1752 4798 1791 4854 ri·

998 4862 1076 4946 aiere
1095 4873 1124 4921 61
1146 4863 1172 4922 16
1191 4863 1284 4956 grand
1302 4865 1417 4922 chemin
1443 4864 1479 4924 (16
1497 4865 1640 4936 cambrai,
1665 4883 1714 4924 sur
1736 4882 1793 4928 666

999 4935 1156 4991 elevatione
1171 4933 1311 5008 Labbeye
1328 4935 1364 4992 de
1382 4937 1509 5005 Hesnon,
1524 4944 1604 4993 outre
1622 4936 1648 4992 16
1662 4937 1793 5010 majorite

999 5013 1028 5062 et
1044 5006 1069 5061 le
1086 5004 1149 5061 leur
1162 5004 1246 5062 bonel
1268 5005 1370 5077 qu’elle
1390 5003 1534 5078 possiduit
1552 5005 1632 5063 audit
1653 5008 1789 5083 11666116-

29 5083 45 5095 ··
149 5079 246 5132 666116
266 5043 946 5157 (1611166116616661161616666616,66116(
1000 5078 1139 5147 Lepreux,
1161 5091 1180 5158 p
1205 5074 1334 5134 detenuit
1358 5077 1512 5159 Ι6661666
1533 5075 1667 5158 demaine
1690 5087 1796 5138 61666

149 5141 442 5202 6661161611616661.
466 5141 594 5226 Rrohrlde
612 5151 778 5226 6616161611
798 5142 946 5217 beaucoup
999 5146 1092 5204 bonne
1106 5153 1195 5220 partie
1219 5145 1255 5203 de
1279 5146 1306 5203 la
1324 5161 1487 5203 servirem-re
1503 5163 1509 5204 :
1524 5145 1653 5220 leveque
1676 5149 1792 5209 d'Arras

149 5213 263 5288 l'dglise
290 5221 319 5305 61
343 5213 473 5288 l’abbaye
491 5213 528 5271 (16
543 5215 737 5304 8616116666
761 5212 797 5270 de
819 5215 944 5298 liemon,
1000 5191 1425 5300 666661611166116.1111661166Ι
1441 5231 1477 5273 66
1493 5218 1570 5289 parle
1585 5233 1640 5312 pas
1649 5217 1686 5277 de
1699 5235 1733 5304 ce
1747 5220 1795 5279 do-

150 5284 947 5440 1111611161611111111161111111
1000 5287 1793 5431 11111161111611111111111111111111111

150 5425 801 5510 1166116666611616661,66ὀη6666166166
815 5439 944 5486 commu·
1000 5427 1137 5510 confirmo
1150 5427 1225 5508 donc
1238 5429 1397 5510 seolement
1414 5374 1436 5487 I
1448 5429 1539 5488 l'abba
1560 5431 1615 5488 ela
1631 5435 1794 5503 possession

150 5503 270 5554 rement
294 5497 380 5554 ltontr
405 5497 647 5570 nyseus-Lenes,
672 5495 804 5568 elorgnee
821 5495 857 5553 de
872 5495 946 5554 (1661(
1000 5498 1035 5555 (16
1049 5498 1136 5556 ladrto
1155 5505 1286 5571 61616616
1301 5505 1330 5556 61
1344 5497 1383 5556 (16
1395 5497 1467 5570 lour,
1481 5445 1584 5572 qu’eIle
1605 5502 1681 5559 avait
1697 5501 1797 5562 116616

150 5566 242 5625 116666
257 5567 331 5626 dela
347 5511 411 5625 viiIe
429 5567 464 5626 de
478 5569 570 5628 llous.
582 5567 735 5638 Honorius,
752 5581 845 5640 parsu
859 5567 946 5636 bulte,
1001 5569 1016 5626 d
1032 5584 1084 5628 son
1097 5569 1241 5628 demaine.
