4258 6394
315 305 375 366 503
1844 295 1857 308 ”
1896 299 1958 360 504

932 299 1107 406 norietur
1129 301 1175 360 111
1196 300 1343 360 OPERA.

314 459 730 526 venerabilibusfratribus
743 457 1108 535 11111οω1001,Μο-
1161 457 1275 522 0101101
1290 457 1480 528 saeculares,
1495 457 1552 534 qui
1565 471 1624 533 pro
1637 457 1784 520 violenta
1796 471 1957 518 manuum

202 572 207 580 ·
315 561 453 637 guatino
468 559 500 621 et
515 558 707 620 Coloniensi
721 557 981 634 archiepiscopis
996 557 1030 618 et
1043 571 1106 616 eo·
1162 554 1340 631 injectione
1353 552 1956 614 000110011111110010100111111οη0·

316 672 390 719 rum
402 655 623 732 suffraganeis
638 655 671 716 et
685 655 816 716 dilectis
830 654 908 715 filiis
921 653 1107 721 abbatibus,
1163 651 1242 723 dati,
1276 667 1350 712 cum
1381 650 1561 712 dioecesani
1586 650 1734 727 episcopi
1761 649 1883 732 litteris
1912 651 1955 712 ad

316 754 495 831 prioribus,
508 753 654 824 decanis,
669 751 928 823 archidiaconis,
948 750 1110 828 praeposi-
1164 748 1282 808 Sedem
1309 748 1531 823 Apostolicam
1557 747 1740 817 venientes,
1764 747 1806 808 ab
1839 747 1956 810 eodem

315 852 359 914 tis
372 852 405 912 et
416 851 494 912 aliis
507 850 724 912 ecclesiarum
741 850 887 926 praelatis
900 865 959 925 per
973 847 1110 924 Magde-
1163 844 1295 906 vinculo
1319 847 1510 906 mereantur
1531 843 1672 906 absolvi.
1697 843 1803 904 villas
1830 847 1953 916 autem,

315 947 514 1024 burgensem
529 948 562 1010 et
572 947 803 1010 coloniensem
816 945 1022 1022 provinciam
1034 960 1110 1006 oon·
1162 940 1197 999 in
1221 940 1340 1017 quibus
1361 939 1447 999 bona
1474 939 1707 1016 praedictorum
1729 939 1898 1016 praepositi
1923 941 1958 1002 et

317 1045 453 1116 stitutis,
478 1043 620 1107 salutem
646 1046 680 1106 et
701 1044 925 1122 apostolicam
952 1043 1110 1104 benedic·
1163 1037 1399 1098 canonicorum
1412 1037 1465 1097 vel
1478 1034 1650 1098 hominum
1663 1052 1797 1097 suorum
1812 1036 1958 1112 pervio-

315 1141 451 1204 tionem.
1163 1135 1298 1196 lentiam
1315 1133 1447 1196 detenta
1466 1134 1600 1200 fuerint,
1617 1133 1776 1210 quamdiu
1798 1133 1844 1194 ibi
1866 1135 1954 1206 sunt,

356 1241 431 1300 Non
444 1240 568 1317 absque
581 1242 695 1304 dolore
710 1241 819 1302 cordis
835 1241 868 1302 et
882 1239 1025 1316 plurima
1037 1253 1110 1315 per·
1162 1220 1331 1293 interdicti
1347 1231 1520 1292 sententiae
1539 1231 1744 1307 supponatis.
1759 1231 1851 1291 Datis
1864 1233 1958 1292 Late
2018 1249 2024 1258 ·

316 1336 508 1400 turbatione
524 1337 712 1410 didicimus,
727 1338 813 1414 quod
830 1337 876 1398 ita
893 1337 927 1398 in
943 1336 1109 1414 plerisque
1163 1329 1248 1400 rani,
1276 1344 1381 1389 nonas
1408 1329 1569 1406 januarii,
1606 1328 1818 1405 pontificatus
1848 1329 1957 1390 nostri

316 1433 466 1511 partibus
486 1435 711 1496 ecclesiastica
736 1449 878 1497 censura
904 1432 1107 1504 dissolvitur,
1164 1441 1252 1487 anno
1267 1426 1395 1488 001110.

315 1532 350 1592 01
364 1533 534 1594 canonicae
549 1533 724 1594 sententiae
740 1532 902 1594 severitas
918 1530 1106 1600 enervatur,

316 1628 353 1690 ut
366 1627 431 1690 viri
446 1629 605 1704 religiosi,
616 1631 648 1692 et
658 1629 693 1689 111
704 1629 861 1700 maxime,
873 1628 928 1705 qui
942 1643 1002 1703 per
1014 1626 1108 1689 Sedis

315 1727 514 1802 Apostolicae
541 1727 716 1805 privilegia
745 1726 865 1804 majori
889 1726 1004 1787 donati
1032 1724 1109 1784 sunt

316 1822 479 1898 libertate,
494 1825 617 1901 passim
640 1841 659 1886 a
681 1823 951 1885 malefactoribus
971 1822 1110 1882 101110-

313 1921 422 1998 jurias
438 1923 623 1983 sustineant
635 1924 668 1984 et
682 1923 829 1998 rapinas,
844 1921 921 1982 darm
936 1921 993 1980 vix
1008 1920 1107 1979 inve-

317 2019 419 2092 nitur,
437 2020 493 2097 qui
509 2035 657 2094 congrua
671 2019 739 2079 illis
760 2018 964 2096 protectione
988 2014 1110 2077 subve-

316 2114 399 2186 niat,
423 2117 456 2178 et
470 2133 529 2192 pro
553 2116 695 2178 fovenda
714 2131 897 2193 pauperum
916 2113 1109 2176 innocentia

318 2228 354 2273 se
370 2229 500 2274 murum
517 2213 721 2274 defensionis
737 2213 891 2290 opponat.
912 2210 1110 2288 Specialiter

319 2312 442 2383 autem,
469 2310 581 2372 dilecti
605 2311 666 2372 filii
686 2311 883 2387 praepositus
906 2313 938 2371 et
957 2308 1109 2371 canonici

1530 1685 1594 1770 CX

1304 1837 1356 1896 Ad
1377 1838 1572 1910 episcopum
1592 1837 1811 1898 suessionen.
1862 1807 1870 1826 ³

1428 1965 1585 2038 9januarii
1605 1965 1683 2024 1111.

1174 2088 1295 2151 inanest,
1306 2088 1351 2138 lib·
1365 2087 1429 2148 illl,
1445 2089 1519 2152 epist.
1536 2087 1589 2138 171.
1601 2089 1657 2140 llas.
1669 2089 1706 2140 La
1718 2088 1794 2138 Porto
1805 2087 1839 2138 du
1850 2088 1943 2153 111011]

1163 2212 1278 2272 Mandat
1291 2221 1322 2271 ut
1335 2214 1364 2269 in
1379 2212 1517 2285 quosdam
1533 2227 1592 2270 1010
1612 2211 1745 2270 dioecesis
1760 2219 1865 2271 statuat
1881 2213 1957 2285 quod

1410 2301 1494 2359 fuerit
1508 2301 1700 2360 statuendum.

317 2409 512 2470 monasterii
527 2409 648 2470 Montis
671 2409 787 2470 Sereni
801 2407 928 2470 ordinis
939 2409 971 2468 S.
984 2410 1110 2481 Augus·
1203 2419 1382 2490 Honorius,
1399 2421 1474 2492 ete„
1491 2418 1678 2479 venerabili
1692 2417 1786 2480 fratri
1791 2462 1851 2479 ,,,,,
1869 2419 1958 2496 epis-

306 2505 391 2596 timi,
422 2505 508 2582 quoa
535 2506 576 2567 ad
601 2509 785 2568 Romanam
809 2506 991 2567 Ecclesiam
1017 2502 1109 2566 nullo
1164 2531 1246 2593 cono
1262 2517 1487 2588 suessionen,
1515 2516 1655 2577 salutem
1679 2517 1712 2578 et
1734 2515 1957 2592 apostolicam

316 2604 460 2682 pertinet
474 2603 649 2676 mediante,
664 2605 732 2665 tam
749 2604 789 2664 de
808 2601 1036 2680 frequentibus
1051 2602 1108 2660 in·
1163 2612 1439 2674 benedictionem,

313 2701 426 2780 iuriis,
456 2719 555 2780 (luam
583 2701 622 2764 de
649 2703 721 2778 1130
755 2700 948 2778 (1101111131)
980 2697 1109 2760 defectu
1203 2711 1252 2770 Ex
1275 2711 1333 2770 tua
1354 2709 1581 2772 insinuatione
1605 2709 1781 2773 didicimus
1797 2709 1958 2788 quasdam

312 2797 454 2874 justitia)
483 2800 735 2874 601118161168,
762 2797 1016 2858 universitatem
1033 2811 1111 2858 les·
1163 2821 1239 2867 esse
1266 2807 1300 2866 in
1325 2806 1382 2868 tua
1415 2807 1552 2868 dioecesi
1582 2808 1742 2868 ecclesias
1771 2807 1956 2883 regulares,

316 2895 402 2956 tram
417 2896 538 2958 litteris
559 2897 726 2974 petierunt
737 2895 937 2973 Apostolicis
953 2893 1107 2967 excitari,
1164 2903 1352 2964 nioeeesene
1375 2903 1436 2965 tihi
1458 2907 1535 2981 jure
1563 2903 1739 2981 subjectns,
1760 2903 1795 2965 pn
1817 2920 1958 2982 quarum

316 2993 364 3054 ita
385 2993 420 3055 ut
440 2993 595 3056 videlicet
616 2993 664 3054 eis
687 2993 722 3054 in
746 2989 1017 3056 tribulationibus
1040 2989 1109 3049 suis

318 3090 435 3150 contra
448 3090 677 3152 malefactores
691 3106 806 3152 eorum
823 3089 976 3166 prompta
988 3087 1111 3150 debea-

316 3187 361 3248 tis
387 3187 659 3263 magnanimitate
683 3201 896 3262 consurgere,
921 3187 957 3248 ut
978 3183 1019 3248 ab
1048 3199 1111 3245 an-

317 3285 437 3360 gustiis
460 3301 542 3360 quas
571 3285 737 3350 sustinent
759 3285 792 3344 et
813 3282 979 3360 pressuris
999 3282 1109 3344 vestro

318 3383 447 3458 possint
460 3381 615 3458 praesidio
627 3381 804 3457 respirare.
822 3379 964 3456 Ideoque
980 3379 1111 3440 univer·

319 3477 410 3540 sitati
433 3480 553 3540 vestras
577 3494 637 3554 per
656 3477 845 3556 Apostolica
868 3476 992 3553 scripta
1014 3491 1111 3536 man-

319 3575 435 3636 damus
461 3577 560 3653 alque
585 3574 810 3653 praecipimus,
837 3575 999 3650 quatenus
1020 3571 1107 3645 illos,

319 3673 375 3752 qui
392 3673 617 3748 possessiones
631 3673 683 3734 vel
699 3688 753 3733 res
768 3688 827 3732 seu
838 3672 953 3734 domos
969 3669 1111 3748 praedic-

317 3772 427 3848 ¹torum
441 3771 612 3848 praepositi
625 3772 658 3832 et
671 3769 918 3839 canonicorum,
935 3769 988 3831 vel
1007 3767 1111 3830 homi·

318 3885 397 3930 num
420 3885 568 3940 suorum,
588 3868 813 3930 irreverenter
831 3866 1026 3936 invaserint,
1053 3865 1111 3928 aut

319 3983 359 4042 ea
373 3967 496 4046 injuste
511 3966 723 4037 detinuerint,
744 3981 817 4041 quae
839 3963 921 4040 ipsis
946 3963 1110 4024 01111111-

319 4065 430 4128 mento
457 4063 684 4124 decedentium
717 4061 960 4139 relinquuntur,
988 4076 1048 4121 seu
1077 4060 1110 4120 in

319 4161 378 4222 eos
400 4161 515 4222 contra
538 4159 736 4236 apostolicae
762 4158 856 4218 Sedis
880 4157 1008 4220 indulta
1034 4173 1112 4219 sen-

217 4332 222 4343 ,
318 4258 457 4319 tentiam
482 4255 835 4319 excommunicationis
859 4271 918 4316 seu
942 4255 1111 4318 interdicti

320 4355 593 4431 praesumpserint
628 4353 851 4430 promulgare,
878 4354 932 4414 vel
966 4352 1111 4413 decimas

319 4450 469 4512 laborum
488 4451 528 4511 de
551 4451 649 4513 terris
675 4450 802 4518 habitis¹
821 4452 897 4513 ante
913 4451 1109 4522 Concilium,

319 4563 402 4624 quas
417 4547 560 4626 propriis
574 4547 725 4610 manibus
739 4550 797 4608 aut
810 4547 995 4624 sumptibus
1010 4562 1112 4608 exco-

318 4645 402 4714 lunt,
418 4661 476 4710 seu
498 4646 708 4709 nutrimentis
725 4661 850 4717 eorum,
868 4645 990 4720 spretis
1005 4647 1113 4720 Apos-

318 4744 428 4806 tolicae
454 4745 548 4805 Sedis
572 4744 757 4821 privilegiis
781 4744 980 4819 extorquere
1004 4741 1113 4801 moni·

317 4843 408 4904 tione
439 4842 622 4918 praemissa,
649 4841 678 4902 si
711 4840 789 4901 laici
822 4837 946 4899 fuerint
980 4836 1112 4914 publice

318 4939 466 5001 candelis
489 4940 640 5001 accensis
660 4935 1013 5000 excommunicationis
1035 4951 1113 4996 sen-

319 5038 423 5100 tentia
439 5037 628 5114 percellatis
646 5058 653 5096 :
678 5036 802 5095 sivero
818 5033 931 5094 cleriei
944 5032 996 5092 vel
1010 5048 1113 5094 cano-

318 5135 385 5196 nici
411 5136 584 5212 regulares
616 5149 674 5194 seu
710 5129 865 5190 monachi
892 5129 1025 5201 fuerint,
1055 5146 1112 5191 eos

319 5233 542 5310 appellatione
556 5231 683 5292 remota
703 5227 744 5288 ab
768 5227 876 5288 officio
897 5231 930 5289 et
950 5227 1112 5290 beneficio

320 5331 540 5408 suspendatis,
570 5327 722 5388 neutram
754 5325 941 5388 relaxaturi
977 5326 1113 5386 senten-

319 5429 411 5497 tiam,
428 5429 532 5488 donec
548 5423 730 5502 jamdictis
755 5425 932 5500 praeposito
957 5427 989 5488 et
1010 5439 1113 5485 cano-

320 5526 406 5588 nicis
421 5525 517 5602 plene
535 5521 753 5594 satisfaciant,
780 5523 813 5587 et
830 5523 898 5584 tam
921 5521 1000 5586 laici
1014 5537 1111 5598 quam

1164 3001 1360 3078 quibusdam
1375 3002 1552 3062 saeoulares
1570 3002 1694 3074 clerici,
1712 3002 1747 3062 in
1761 3001 1956 3079 quibusdam

1164 3113 1242 3160 vero
1265 3098 1344 3160 laici
1364 3099 1611 3161 commorantur
1633 3121 1640 3158 :
1664 3100 1751 3160 unde
1773 3100 1957 3160 'maximum

1165 3195 1369 3268 scandalum,
1385 3212 1485 3272 quum
1499 3197 1535 3256 in
1551 3196 1675 3258 eisdem
1692 3197 1844 3258 ecclesiis
1858 3211 1960 3272 regu-

1164 3293 1252 3353 lares
1267 3309 1341 3356 esse
1356 3292 1507 3365 debeant,
1521 3294 1571 3355 est
1585 3293 1766 3355 subortum.
1777 3293 1959 3355 Asserebas

1163 3391 1302 3466 insuper
1321 3390 1406 3467 quod
1431 3392 1466 3451 in
1493 3391 1610 3452 eadem
1625 3391 1760 3452 dioecesi
1783 3392 1960 3452 101110011-

1164 3487 1259 3559 nulli,
1276 3475 1566 3564 0001011100110111
1582 3504 1642 3564 pro
1662 3504 1728 3549 non
1743 3487 1853 3549 soluta
1867 3489 1961 3549 vice-

1165 3584 1259 3656 sima,
1274 3584 1409 3661 quidam
1423 3599 1502 3646 vero
1525 3599 1584 3661 pro
1606 3586 1784 3661 injectione
1799 3601 1958 3646 manuum

1163 3679 1200 3740 in
1215 3680 1393 3755 religiosas
1406 3695 1566 3756 personas
1581 3682 1613 3743 et
1628 3681 1806 3743 saeculares
1819 3681 1960 3742 clericos

1165 3777 1517 3855 excommunicationis
1527 3777 1959 3840 sententiamincurrerunt.

1167 3873 1260 3934 Unde
1276 3873 1410 3950 petebas
1426 3875 1462 3935 ut
1482 3875 1517 3934 in
1542 3875 1649 3951 primo
1664 3875 1806 3937 articulo
1825 3877 1961 3952 propter

1166 3970 1370 4040 scandalum,
1390 3971 1425 4030 in
1446 3971 1591 4032 seeundo
1614 3972 1692 4049 quia
1713 3972 1888 4034 multitudo
1909 3972 1962 4034 est

1165 4066 1200 4126 in
1216 4081 1328 4138 causa,
1346 4067 1523 4128 consillum
1550 4067 1766 4144 dignaremur
1792 4069 1961 4146 Apostoli-

1166 4178 1240 4226 cum
1254 4162 1423 4226 adhibere.
1436 4165 1578 4241 Ideoque
1601 4163 1802 4227 fraternitati
1815 4166 1882 4228 tuae
1899 4181 1961 4243 per

1165 4259 1353 4336 apostolica
1389 4261 1512 4336 scripta
1547 4260 1758 4333 mandamus,
1795 4262 1961 4339 quatenus

1166 4357 1254 4417 circa
1270 4356 1447 4431 praedictas
1462 4358 1621 4418 ecclesias
1636 4357 1832 4421 auctoritate
1845 4359 1960 4420 nostra

1166 4451 1332 4524 suffultus,
1358 4453 1580 4530 appellatione
1604 4455 1801 4530 postposita,
1833 4455 1959 4516 statuas

1167 4550 1252 4626 quod
1275 4551 1456 4610 secundum
1481 4553 1584 4612 Derim
1609 4549 1709 4613 fuerit
1735 4552 1959 4613 statuendum.

1167 4648 1467 4709 llxoommunicatis
1486 4663 1565 4708 vero
1588 4647 1788 4726 hujusmodi,
1806 4647 1961 4710 satisfac-

1165 4744 1256 4805 tione
1271 4745 1312 4806 ab
1327 4745 1409 4821 ipsis
1424 4759 1483 4820 pro
1499 4745 1585 4806 facto
1597 4745 1765 4806 vicesimae
1780 4745 1959 4807 sufficienti

1166 4843 1309 4918 recepta,
1332 4845 1365 4903 et
1386 4857 1542 4903 manuum
1564 4843 1779 4919 injectoribus
1800 4843 1960 4919 injuriam

1167 4939 1274 5015 passis
1310 4937 1590 5001 satisfacientibus
1623 4939 1879 5017 competenter„
1897 4940 1961 5000 bac

1166 5036 1421 5097 vicedumtaxat
1431 5037 1628 5098 auctoritate
1638 5039 1751 5098 nostra
1762 5037 1961 5098 beneficium

1167 5132 1388 5194 absolutionis
1403 5134 1587 5209 impendas,
1609 5132 1705 5194 nobis
1731 5134 1960 5212 quantitatem,

1167 5245 1266 5306 quam
1284 5244 1384 5306 super
1401 5231 1567 5292 vicesimae
1583 5230 1962 5307 satisfactionereoepe-

1167 5327 1226 5399 ris,
1242 5325 1366 5404 absque
1378 5343 1479 5388 morae
1490 5327 1661 5405 dispendio
1675 5327 1817 5392 fideliter
1824 5343 1963 5404 *expres-

1167 5441 1276 5485 surus.
1293 5428 1411 5486 Datum
1427 5425 1594 5497 Laterani,
1612 5426 1727 5504 quinto
1747 5426 1962 5510 1101100111-

1166 5523 1221 5604 rii,
1237 5538 1324 5584 anno
1340 5523 1469 5584 001110.
