4258 6394
284 215 340 274 431
899 218 1074 282 nonnuli
1096 219 1142 279 ΙΙΙ
1163 216 1311 280 OPERA}
1872 214 1934 274 432

284 371 383 445 bere,
420 373 566 436 dicentes
608 375 862 437 communitates
902 377 1078 454 praedictas
1133 376 1230 436 nardi
1261 376 1439 438 Petruzioii
1469 374 1501 437 et
1533 367 1611 437 tiliis
1638 369 1745 450 Egidii
1777 370 1930 446 Curiatii,

286 483 385 542 posse
409 471 473 531 hoc
498 486 586 533 anno
606 471 727 533 iterum
750 472 928 533 cottumari
950 488 1010 550 pro
1031 475 1080 536 tot
1132 473 1186 533 vei
1215 489 1328 534 eorum
1352 472 1616 550 iideJussoribus,
1633 471 1719 536 sicut
1740 487 1818 549 pars
1834 470 1931 547 pedi·

284 567 500 644 sequentibus
524 571 633 640 annis,
652 569 738 644 quod
759 559 964 630 contractum
986 569 1079 632 debi-
1133 571 1204 630 tum
1219 571 1254 630 in
1277 573 1389 631 nostra
1406 570 1585 646 praesentia
1608 567 1814 646 recognovit,
1830 567 1932 630 resti-

283 665 352 724 tum
366 663 449 724 solvi
463 665 754 742 possithdjiciuni
767 665 960 742 etiamquod
972 665 1079 727 sicol—
1132 666 1267 728 tuantur
1282 666 1371 728 inira
1385 665 1784 740 duosmensesHugoiino
1797 663 1926 741 Majoli,

284 759 369 822 lecta
395 761 468 821 tisri
495 761 602 832 debet,
619 763 670 823 est
690 761 844 823 iacienda
867 779 927 839 per
944 762 1075 835 libram,
1132 763 1321 835 Gualiredo,
1339 763 1569 824 Guaiiredutio
1584 761 1929 838 Tribaldi‚Pegolotto

284 873 384 936 quum
408 858 443 918 in
473 859 565 934 pacis
596 859 684 920 serie
710 859 920 920 contineatur
945 875 1079 936 expres·
1131 860 1164 921 et
1177 863 1387 921 Bonaccurso
1402 861 1567 937 quondam
1583 860 1769 936 capitaneis
1782 859 1929 920 militum

284 971 368 1022 sum,
386 957 422 1017 ut
435 973 536 1032 quum
556 957 628 1017 lieri
650 956 757 1029 debet,
779 957 837 1018 liat
855 957 998 1019 fideliter
1019 973 1078 1034 per
1131 957 1164 1016 et
1198 958 1284 1032 parti
1313 971 1427 1018 eorum
1462 972 1483 1018 a
1521 957 1692 1034 praedictis
1718 955 1929 1034 Bonajuncta

284 1051 475 1128 parochiam
490 1054 541 1116 vel
567 1053 740 1130 capellam.
762 1053 856 1116 Unde
878 1071 978 1130 super
998 1055 1078 1116 alte·
1133 1053 1328 1125 Constantii,
1350 1053 1502 1116 iohanne
1525 1052 1713 1122 Rusticelli,
1728 1053 1851 1116 etaliis
1872 1069 1932 1115 ca-

283 1149 413 1210 ratione
438 1151 630 1226 hujusmodi
657 1151 697 1212 ad
728 1152 850 1213 nostrae
877 1150 1078 1228 interpreta—
1132 1151 1275 1226 pitaneis
1291 1151 1456 1229 quondam
1479 1152 1625 1228 peditum
1644 1152 1807 1213 eteorum
1822 1152 1929 1228 parte.

282 1246 384 1309 tionis
400 1247 574 1309 oraculum
599 1263 774 1310 recurrere
796 1249 984 1311 curavistis.
1008 1251 1077 1312 Nos
1132 1249 1170 1308 nt
1186 1247 1215 1308 si
1231 1248 1309 1325 quid
1325 1249 1426 1325 piosa
1442 1249 1540 1310 dictis
1554 1248 1793 1325 Bonojohanne
1805 1248 1838 1310 et
1850 1247 1930 1310 tiliis

283 1343 386 1420 igitur
419 1346 526 1406 lelicis
561 1346 730 1407 memoriae
762 1345 948 1408 innocentii
982 1361 1077 1423 papae
1132 1344 1239 1419 Egidii
1264 1344 1415 1418 Curiatii,
1443 1346 1496 1408 vel
1527 1357 1642 1407 eorum
1678 1345 1930 1422 fidejussoribus

282 1441 538 1518 praedecessoris
563 1443 668 1504 nostri
692 1441 824 1514 litteris,
840 1441 960 1520 quibus
980 1443 1077 1504 dictae
1132 1442 1326 1518 capitaneos
1333 1443 1481 1519 peditum
1490 1445 1522 1506 et
1535 1457 1650 1505 eorum
1661 1443 1788 1518 partem
1803 1443 1929 1520 proba-

282 1539 469 1600 concordiee
489 1541 587 1602 tenor
608 1543 658 1600 est
683 1539 723 1601 de
751 1539 853 1601 verbo
874 1540 916 1600 ad
939 1539 1077 1600 verbum
1131 1539 1201 1599 tum
1215 1537 1318 1600 fuerit
1331 1540 1509 1616 recepisse,
1525 1540 1739 1616 fidejussores
1749 1540 1928 1617 praedicto-

282 1637 437 1708 insertus,
460 1637 639 1712 diiigenter
661 1637 830 1714 inspectis,
847 1640 881 1699 et
895 1636 1007 1698 habito
1021 1653 1079 1697 su·
1131 1651 1205 1696 rum
1221 1641 1254 1697 et
1269 1637 1413 1698 aliorum
1429 1637 1486 1715 qui
1501 1638 1701 1715 jnraverunt
1716 1653 1791 1700 cum
1805 1637 1926 1700 militi-

283 1749 342 1810 pra
363 1734 416 1794 his
437 1732 577 1796 fratrum
601 1737 790 1797 nostrorum
815 1734 968 1807 consilio,
982 1732 1077 1795 vobis
1132 1731 1193 1794 hus
1206 1731 1316 1805 dictis,
1333 1733 1615 1797 absolventes:iia
1630 1735 1742 1808 tamen
1757 1736 1843 1814 quod
1859 1735 1923 1809 illi,

152 1843 156 1852 ’
280 1831 480 1894 auctoritate
494 1832 709 1909 presentium
725 1832 977 1908 respondemus,
993 1847 1078 1892 com·
1132 1829 1188 1905 qui
1201 1831 1349 1907 tempore
1363 1831 1510 1894 mandati
1526 1833 1622 1894 erant
1636 1833 1670 1894 in
1682 1833 1776 1910 parte
1791 1833 1925 1911 capita-

282 1929 462 1990 munitates
484 1929 639 2005 superius
660 1929 792 1990 notatas
811 1928 992 1989 secundum
1014 1944 1079 1990 sae-
1132 1941 1270 1988 neorum
1293 1928 1451 2004 peditum,
1478 1929 1687 1992 satisfaciant
1705 1931 1773 1992 tam
1798 1930 1833 1990 in
1860 1930 1924 2003 his,

284 2025 424 2100 pedictee
439 2025 626 2087 concordiae
642 2025 781 2088 sormam
798 2041 863 2086 non
878 2024 1000 2087 debere
1014 2024 1078 2086 hoc
1132 2037 1231 2098 quam
1243 2023 1279 2083 in
1296 2023 1373 2084 aliis
1388 2023 1520 2097 debitis,
1539 2024 1798 2101 obligationibus
1812 2026 1846 2088 et
1860 2041 1925 2087 ex-

282 2138 372 2182 anno
387 2122 508 2182 iterum
523 2123 712 2194 cottumari,
731 2139 792 2184 nec
807 2122 923 2183 haberi
942 2137 986 2184 ex
1005 2138 1079 2184 ver·
1132 2120 1256 2196 pensis,
1271 2136 1476 2197 quaseorum
1486 2123 1678 2198 capitaneos
1691 2122 1811 2184 iecisse
1820 2139 1927 2200 usque

281 2217 333 2286 bis
351 2217 537 2280 concordiae
557 2217 756 2294 supradictae
771 2217 858 2294 quod
878 2218 1017 2279 collecta
1034 2218 1078 2279 sit
1131 2216 1173 2278 ad
1202 2217 1381 2280 adventum
1415 2219 1548 2281 venturi
1574 2221 1727 2296 proximo
1753 2220 1927 2296 potestatis

215 2333 218 2340 ·
283 2315 435 2377 iacienda
475 2331 534 2391 per
563 2315 694 2387 libram,
719 2315 778 2376 sed
800 2315 896 2392 juxta
929 2315 1077 2391 ejusdem
1131 2327 1191 2390 pro
1205 2328 1321 2376 eorum
1334 2315 1533 2378 utilitatibus
1549 2316 1732 2395 apparebit.

281 2412 383 2474 verba
401 2429 459 2489 per
473 2412 666 2489 parochiam
681 2412 734 2474 vei
747 2411 909 2489 capeliam
926 2412 1076 2473 fideliter.
1170 2410 1247 2471 «Ad
1271 2411 1344 2473 haec
1366 2412 1519 2474 volumus
1547 2416 1580 2476 et
1609 2414 1804 2476 mandamus
1839 2413 1925 2478 inira

282 2509 373 2582 Quod
399 2509 544 2587 qualiter
569 2509 711 2585 intelligi
747 2507 876 2581 debeat,
904 2509 1076 2586 sequentia
1131 2507 1214 2570 duos
1226 2524 1357 2570 menses
1372 2510 1504 2572 restitui
1515 2509 1629 2572 domos
1639 2512 1801 2584 etterras,
1818 2511 1927 2574 homi-

282 2607 383 2668 verba
404 2607 587 2679 declarant,
602 2607 759 2670 videlicet
780 2623 840 2683 per
856 2607 947 2668 viros
963 2606 1077 2668 fideles
1132 2619 1192 2666 nes
1206 2605 1240 2668 et
1254 2605 1321 2666 alia
1334 2605 1421 2666 bona
1434 2609 1501 2667 tam
1514 2605 1550 2668 in
1564 2609 1699 2670 civitate
1707 2624 1805 2687 quam
1818 2610 1924 2680 extra,

278 2707 470 2787 juramento
485 2705 673 2777 adstrictos
692 2705 778 2782 quod
794 2719 867 2766 eam
888 2704 1012 2767 iaciant
1026 2704 1079 2766 di·
1131 2703 1308 2765 occasione
1320 2704 1419 2765 istius
1429 2703 1605 2768 discordiae
1621 2705 1801 2774 subtracta,
1819 2706 1928 2768 omni-

282 2803 436 2880 iigenter,
459 2803 588 2866 nullum
614 2803 773 2875 amicitia,
791 2802 1078 2878 consanguinitate
1131 2799 1193 2860 bus
1209 2815 1252 2862 ex
1266 2802 1522 2878 utrequeparte,
1539 2805 1572 2865 et
1587 2803 1692 2864 loveae
1703 2805 1735 2866 et
1747 2804 1835 2866 muri
1848 2801 1926 2864 iacti

282 2901 335 2962 vel
350 2901 425 2963 dolo
450 2901 597 2977 quolibet
612 2903 821 2962 excusantes.
838 2900 980 2977 ideoque
1002 2900 1079 2961 uni·
1132 2900 1311 2974 atempore
1325 2901 1358 2961 et
1377 2899 1412 2960 in
1427 2899 1575 2977 tempore
1589 2901 1727 2964 Jordani
1742 2901 1925 2962 Perusino-

281 2997 433 3060 versitati
448 2999 568 3058 vestrae
584 2995 644 3056 sub
657 2995 768 3057 debito
784 2995 965 3066 fidelitatis,
979 2996 1079 3058 inter·
1131 3010 1205 3056 rum
1226 2997 1410 3073 potestatis,
1432 2997 1504 3058 sine
1528 2997 1726 3060 auctoritate
1755 2997 1882 3060 domini
1906 3012 1927 3058 a

282 3093 466 3156 minatione
488 3091 722 3164 anathematis,
744 3107 783 3152 ac
799 3107 896 3168 poena
920 3092 1011 3152 mille
1035 3093 1078 3154 li·
1131 3093 1226 3168 parte
1240 3093 1385 3169 peditum
1398 3094 1595 3171 pervincas,
1607 3094 1757 3156 casalina
1773 3097 1805 3156 et
1819 3098 1927 3157 terras

281 3191 417 3252 brarum
441 3188 591 3250 districte
620 3187 843 3264 praecipiendo
870 3187 1075 3261 mandamus,
1132 3188 1303 3249 hominum
1325 3191 1594 3265 partismilitum,
1611 3191 1644 3253 et
1659 3193 1694 3254 in
1709 3192 1774 3254 viis
1787 3191 1927 3270 publicis

283 3289 446 3363 quatenus
458 3287 573 3346 contra
592 3285 841 3360 responsionem
854 3287 1002 3346 nostram
1025 3286 1078 3345 ni·
1132 3283 1348 3346 destruantur
1371 3288 1404 3346 et
1424 3287 1497 3346 sine
1523 3286 1657 3348 illorum
1681 3290 1850 3364 expensis,
1869 3287 1927 3366 qui

283 3383 334 3444 hil
357 3382 488 3460 penitus
522 3381 695 3442 molientes
717 3381 752 3442 in
773 3381 1014 3457 tranquillitate
1038 3397 1078 3444 ac
1132 3379 1254 3441 damna
1270 3382 1360 3456 passi
1375 3381 1462 3453 sunt,
1476 3381 1681 3444 reducantur
1698 3384 1734 3444 in
1751 3383 1927 3458 pristinum

283 3497 376 3558 pace,
399 3495 472 3557 quae
495 3478 622 3553 agenda
645 3477 733 3550 suni,
761 3477 847 3538 sicut
864 3478 929 3538 viri
948 3478 1077 3554 providi
1131 3477 1264 3549 statum,
1282 3478 1396 3554 januis
1413 3481 1583 3554 portarum
1603 3479 1748 3540 civitatis
1776 3480 1811 3539 in
1843 3479 1927 3540 locis

283 3578 426 3638 lactatis.
455 3576 574 3650 Datum
607 3573 777 3646 Laterani,
805 3576 880 3637 Viti
917 3574 1077 3637 kalendas
1132 3572 1283 3649 pristinis
1298 3573 1455 3650 repositis
1473 3573 1505 3635 et
1528 3574 1657 3647 locatis,
1677 3577 1821 3653 quotque
1840 3575 1928 3636 muri

282 3676 405 3748 martii,
422 3673 633 3751 pontificatus
649 3671 755 3734 nostri
774 3688 862 3734 anno
887 3672 1042 3735 secundo.
1132 3669 1347 3730 castellionis
1360 3669 1504 3730 liliorum
1518 3670 1616 3732 Fusci
1625 3686 1684 3748 per
1694 3673 1829 3748 eosqui
1837 3672 1928 3747 ipsos

322 3770 1079 3850 «Praecipiimusautem,uthaecomniaincon·
1132 3765 1276 3827 diruisse
1304 3768 1506 3840 noscuntur,
1535 3783 1681 3844 congrue
1715 3769 1926 3846 reparentur.

282 3869 691 3946 stitutooonscriptajuret
701 3883 838 3930 servare
852 3869 1009 3944 potestas,
1022 3868 1077 3945 qui
1133 3863 1299 3924 Caeterum
1324 3879 1398 3924 cum
1423 3865 1510 3940 parti
1537 3864 1679 3926 militum
1701 3865 1736 3926 in
1764 3865 1929 3928 incisione

280 3971 500 4045 protempore
522 3965 633 4036 luerit,
650 3980 689 4026 ac
705 3979 745 4026 ea
763 3963 873 4041 jurari
898 3967 931 4026 et
950 3965 1078 4026 servari
1133 3959 1289 4022 arborum
1314 3961 1347 4023 et
1366 3961 1594 4024 combustione
1615 3961 1788 4024 domorum
1806 3962 1930 4025 tuerint

283 4067 393 4126 iacere
403 4063 444 4125 ab
459 4061 613 4124 omnibus
624 4060 814 4122 hominibus
830 4061 976 4128 civitatis
988 4063 1021 4125 ei
1033 4061 1080 4122 di·
1134 4057 1209 4118 data
1223 4057 1355 4129 damna,
1372 4057 1585 4135 praecipimus
1599 4059 1636 4120 ut
1646 4059 1926 4136 dictisHugolino,

283 4161 416 4222 strictus
430 4156 787 4234 saepiusdictorumqui
800 4155 864 4216 sibi
872 4157 1077 4233 juraverint,
1134 4153 1312 4216 Guallredo
1331 4155 1364 4216 et
1389 4153 1466 4216 aliis
1480 4155 1646 4232 quondam
1670 4156 1855 4234 capitaneis
1870 4156 1930 4216 mi-

283 4259 413 4326 etasuo
426 4256 739 4324 etiamsuccessore,
753 4253 1077 4330 necjuretureidem,
1136 4250 1233 4312 litum
1249 4251 1336 4312 inira
1353 4252 1435 4312 duos
1460 4267 1591 4314 menses
1605 4269 1665 4329 pro
1690 4254 1820 4315 damnis
1847 4253 1929 4330 ipsis

284 4369 345 4416 uec
355 4351 517 4412 habeatur
529 4365 588 4426 pro
599 4349 774 4426 potestate,
785 4349 922 4410 consule
936 4351 994 4413 aut
1005 4365 1080 4412 rec-
1133 4349 1168 4408 in
1179 4349 1420 4426 quinquaginta
1431 4349 1577 4427 quinque
1586 4349 1681 4411 libris
1692 4350 1732 4412 de
1743 4351 1929 4412 communis

283 4445 817 4526 torenisipraemissajuraverint.
830 4447 1079 4524 etquicunque
1134 4461 1266 4507 camera
1280 4445 1433 4518 satisfiat,
1449 4446 1570 4523 datque
1586 4446 1803 4509 nibilominus
1824 4448 1930 4510 totum

279 4547 407 4627 jurabit
432 4547 476 4620 oi,
502 4545 543 4608 de
571 4544 691 4606 caetero
709 4547 801 4621 juret
826 4544 926 4616 istud,
953 4560 1016 4606 nec
1039 4546 1080 4607 de
1134 4543 1264 4604 salvum
1277 4558 1449 4621 equorum,
1467 4544 1522 4619 qui
1538 4559 1605 4604 non
1617 4543 1751 4606 luerunt
1765 4544 1930 4606 emendati

283 4645 483 4716 constitutis,
509 4643 564 4704 ubi
587 4657 626 4704 ea
649 4641 751 4704 scribi
780 4641 994 4718 praecipimus
1012 4658 1078 4704 an·
1135 4656 1154 4702 a
1177 4641 1340 4717 principio
1359 4640 1549 4716 potestariae
1571 4641 1655 4702 Boni
1676 4643 1816 4702 Bacenis
1842 4641 1931 4704 inira

283 4745 422 4816 unatim,
443 4741 654 4819 aliquatenus
675 4739 861 4802 deleantur.
879 4740 1080 4801 intendamus
1135 4753 1195 4798 sex
1219 4753 1352 4802 menses
1376 4737 1509 4813 utrique
1533 4738 1620 4814 parti
1644 4754 1704 4815 per
1736 4739 1931 4815 potestatem

283 4843 383 4906 etiam
396 4843 558 4918 quatenus
573 4836 742 4914 octaginta
759 4837 792 4898 et
813 4852 931 4898 novem
942 4836 1036 4898 librae
1049 4838 1082 4897 et
1135 4833 1292 4906 futurum,
1328 4834 1508 4896 secundum
1539 4836 1625 4912 quod
1664 4837 1699 4899 in
1725 4838 1817 4898 carta
1839 4835 1931 4913 pacis

283 4942 349 5002 duo
373 4939 483 5010 solidi,
500 4953 539 4999 ac
558 4935 672 4998 decem
688 4935 721 4996 et
738 4935 812 4995 octo
830 4935 928 5010 petiae
951 4935 1079 4994 Masto—
1136 4930 1232 4992 tactae
1245 4947 1305 5008 per
1313 4930 1484 4992 dominum
1499 4933 1629 4994 sancta,
1644 4932 1791 4995 basilicae
1806 4933 1931 4994 duode-

285 5035 365 5096 rolae
378 5035 431 5095 vel
447 5031 664 5108 aequivalens,
675 5044 747 5105 quae
763 5029 969 5105 Bonajuncta
983 5029 1082 5088 Cons-
1135 5029 1200 5090 cim
1215 5029 1446 5106 Apostolorum
1466 5029 1695 5107 presbyterum
1715 5029 1930 5102 cardinalem,

285 5131 394 5202 tertii,
406 5130 576 5194 iohannes
592 5124 775 5204 Rusticelli,
789 5127 883 5200 lingo
894 5125 935 5186 de
950 5125 1078 5197 Priore,
1136 5126 1169 5188 et
1181 5125 1348 5187 Bobonem
1362 5125 1507 5188 oddonis
1529 5126 1673 5188 Bubonis
1689 5129 1769 5188 tunc
1782 5128 1930 5204 potesta-

230 5249 232 5252 ·
286 5227 473 5307 Reynerius
499 5226 539 5286 de
559 5223 763 5294 Dentesalvl,
790 5221 979 5294 saladinus,
996 5224 1082 5282 Her·
1136 5224 1202 5285 tem
1218 5223 1458 5284 Perusinorum
1471 5223 1602 5301 plenius
1618 5223 1817 5286 continetur.

283 5342 429 5393 mannus
444 5321 602 5392 Tribaldi,
619 5320 742 5382 Consul
758 5319 958 5388 carlevaris,
975 5319 1081 5381 etalii
1176 5337 1195 5380 s
1210 5319 1412 5396 adjicientes
1423 5319 1653 5388 nihilominus,
1670 5321 1842 5394 indebita,
1859 5337 1932 5398 quae

287 5424 455 5504 capitanei
469 5419 634 5500 quondam
645 5417 790 5495 peditum
804 5433 878 5478 cum
892 5416 1082 5479 hominibus
1140 5433 1199 5494 per
1214 5417 1431 5494 Suppolinum
1454 5416 1620 5494 quondam
1645 5419 1855 5494 capitaneum
1870 5418 1934 5478 mi-

288 5524 392 5604 partis
416 5537 485 5584 suan
510 5518 699 5595 hahuerunt
714 5531 732 5576 a
747 5515 986 5592 Bonojohanne
1001 5517 1083 5577 Ber·
1138 5515 1245 5586 litum,
1273 5514 1358 5576 sicut
1373 5514 1511 5595 apparet
1526 5529 1585 5592 per
1600 5514 1857 5582 instrumentum
1871 5517 1934 5576 Be-
