4274 6388
312 289 369 350 271
931 295 1106 358 HONORII
1128 299 1174 359 111
1195 297 1343 362 OPERA·
1892 289 1953 354 272

313 446 561 510 venerabilibus
570 447 985 531 fratribnsarcbiepiscopo
994 455 1103 516 Seno-

313 546 411 606 neusi
426 546 460 606 et
470 545 692 622 suffraganeis
705 551 789 627 ejus,
805 549 992 612 salutemet
1005 555 1106 628 Apos-

312 641 447 702 tolicam
462 639 735 706 benedictionem.
1112 721 1117 728 ,

354 739 428 799 Non
443 736 568 816 absque
580 739 693 802 dolore
708 743 817 804 cordis
828 746 862 806 et
875 744 1019 821 plurima
1033 743 1107 806 tur-

313 833 447 896 batione
472 834 664 909 didicimus,
694 839 778 915 quod
803 840 851 902 ita
876 841 911 902 in
939 841 1106 918 plerisque

313 930 463 1007 partibus
485 932 713 995 ecclesiastica
735 950 876 996 censura
900 936 1104 1008 dissolvitur,

315 1029 392 1100 etc..
407 1029 446 1089 ct
458 1031 496 1089 ta
509 1032 604 1091 dudm
617 1035 863 1106 capomatius.
875 1033 993 1096 Datum
1005 1033 1106 1096 Late-

313 1127 401 1196 rani,
426 1126 486 1186 XV
504 1123 665 1188 kalendas
687 1127 866 1203 februarii,
897 1131 1107 1209 pontificatus

315 1220 422 1284 nostri
439 1237 527 1283 anno
546 1223 697 1301 septimo.

666 1524 755 1612 LIV

315 1684 367 1744 Ad
380 1683 533 1744 abbatem
555 1685 596 1745 dc
610 1683 723 1745 Portu
744 1686 849 1760 Regis
870 1685 1109 1746 carcercareer

642 1783 786 1842 ordinate.

574 1919 607 1976 t8
624 1918 747 1991 januarii
769 1919 847 1978 1223.

502 2039 597 2105 [Gallia
616 2040 765 2100 christiana,
788 2039 832 2104 Ν,
853 2040 923 2106 lis]

317 2163 447 2224 abbatie
461 2164 576 2222 tutelam
592 2163 709 2237 suscipit
724 2163 842 2238 ejusque
853 2179 954 2222 omnes
965 2163 1110 2222 libertates

353 2257 382 2308 et
396 2252 590 2310 immunitates
603 2253 937 2325 auctoritatenpostolica
949 2251 1108 2310 confirmet.

357 2385 527 2451 Honorius
538 2387 724 2464 episcopus,
734 2387 1108 2460 serrusservorumDei,

318 2483 449 2548 dilectis
461 2486 496 2546 in
505 2483 635 2545 Christo
645 2482 776 2544 filiabus
787 2481 963 2544 abbatissae
975 2499 1112 2549 monas-

318 2583 396 2646 terii
420 2583 461 2643 de
482 2582 583 2642 Portu
603 2581 703 2657 Regis
726 2580 955 2642 cisterciensis
970 2580 1108 2652 ordinis,

318 2682 457 2757 ejusque
477 2677 658 2750 sororibus,
683 2679 752 2738 tam
778 2675 998 2754 praesentibus
1012 2692 1112 2754 quam

319 2775 453 2844 futuris,
469 2775 657 2852 regularem
669 2774 772 2837 vitam
786 2773 957 2851 professis

359 2875 397 2934 lu
416 2871 547 2934 Christo
564 2871 756 2948 religiosam
785 2871 887 2932 vitam
911 2869 1111 2947 eligentibus

319 2968 545 3049 apostolicum
574 2968 729 3030 convenit
756 2967 874 3030 adesse
898 2967 1110 3043 praesidium,

319 3081 362 3128 ne
390 3065 475 3127 forte
504 3065 682 3141 cujuslibet
712 3063 909 3125 temeritatis
944 3063 1110 3135 incursus,

319 3162 378 3224 aut
390 3177 476 3223 easa
492 3161 660 3239 proposito
675 3160 818 3232 revocet,
831 3161 888 3221 aut
900 3159 1012 3229 robur,
1026 3160 1112 3236 quod

319 3259 417 3329 absit,
429 3274 534 3319 sacrae
542 3255 714 3332 religionis
728 3255 900 3332 infringat.
917 3258 1111 3333 Eapropter,

320 3354 454 3416 dilectae
474 3355 509 3414 in
528 3353 658 3414 Christo
674 3351 763 3425 filiae,
779 3353 899 3414 restris
910 3353 1012 3428 justis
1030 3369 1111 3430 pos-

319 3449 536 3511 tulationihus
563 3447 744 3508 clementer
766 3447 956 3519 annuimus,
975 3448 1007 3508 et
1022 3464 1112 3524 prae-

320 3546 425 3608 fatum
448 3542 684 3606 monasterium
714 3543 842 3605 Sanctae
863 3544 922 3604 Dei
936 3545 1113 3606 Genitricis

322 3644 355 3705 et
378 3642 525 3718 Virginis
547 3641 661 3702 Mariae
680 3640 721 3702 de
742 3643 844 3702 Portu
865 3641 977 3716 Regis,
999 3641 1033 3702 in
1049 3656 1113 3717 quo

322 3741 436 3804 divino
451 3740 531 3802 estis
548 3738 706 3816 obsequio
721 3737 929 3815 mancipatae,
947 3737 1007 3800 sub
1023 3738 1114 3800 beati

321 3838 413 3901 Petri
435 3839 468 3900 et
490 3838 604 3898 nostra
624 3836 827 3912 protectione
853 3835 1064 3912 suscipimus,
1082 3838 1115 3897 et

298 3917 307 3930 ’
319 3932 496 4015 praesentis
518 3933 632 4010 scripti
659 3933 835 4010 privilegio
860 3933 1113 4006 communimus,

321 4035 359 4094 in
374 4033 491 4110 primis
506 4031 668 4108 siquidem
679 4031 881 4110 ,statuentes
899 4032 935 4093 ut
950 4029 1029 4091 ordo
1043 4046 1116 4091 mo-

321 4130 471 4190 nasticus
492 4127 548 4204 qui
573 4127 753 4188 secundum
778 4127 951 4187 Dominum
973 4128 1007 4189 et
1026 4125 1115 4188 beati

323 4224 492 4288 Benedicti
508 4223 658 4300 regulam
673 4224 772 4300 atque
785 4223 1027 4284 institutionem
1043 4223 1116 4284 Cis-

323 4320 538 4384 terciensium
566 4320 706 4381 fratrum
730 4321 765 4380 iu
785 4320 900 4382 eodem
912 4320 1115 4383 monasterio

322 4419 495 4481 institutus
518 4431 592 4476 esse
616 4415 830 4492 dignoscitur,
855 4417 1022 4494 perpetuis
1047 4415 1115 4477 ibi-

324 4515 399 4578 dem
424 4511 627 4590 temporibus
653 4512 891 4576 inviolabiliter
910 4513 1113 4576 observetur.

321 4613 492 4676 Praeterea
518 4624 743 4688 quascumque
764 4609 1002 4686 possessiones,
1025 4627 1118 4688 quae-

322 4725 464 4788 cumque
478 4709 564 4770 bona
576 4706 662 4768 idem
674 4707 912 4769 monasterium
927 4708 962 4768 in
975 4723 1117 4786 praesen·

322 4809 444 4871 tiarum
464 4806 556 4885 juste
572 4820 611 4866 ac
635 4803 794 4866 canonice
818 4804 976 4881 possidet,
1001 4807 1116 4868 autin

322 4905 470 4967 futurum
486 4903 701 4965 concessione
722 4901 925 4977 pontificum,
940 4903 1116 4978 largitione

321 5018 439 5079 regum
460 5001 514 5064 vel
537 4999 743 5078 principum,
761 4998 928 5062 oblatione
956 4999 1115 5074 fidelium,

322 5114 382 5160 sen
407 5099 484 5159 aliis
507 5095 746 5174 justismodis,
772 5097 950 5172 prestante
964 5098 1115 5170 Domino,

321 5195 443 5272 poterit
456 5193 607 5270 adipisci,
623 5191 823 5256 firmavobis
840 5193 948 5262 ateis,
964 5209 1038 5270 quae
1052 5211 1116 5256 vo-

320 5293 374 5356 bis
389 5290 620 5362 successerint,
637 5291 670 5352 et
686 5289 815 5354 illibata
838 5292 1065 5366 permaneant,
1083 5291 1117 5352 in

322 5390 442 5472 quibus
464 5387 536 5448 haec
559 5387 703 5464 propriis
727 5387 884 5449 duximus
901 5387 1118 5464 exprimenda

321 5485 504 5554 vocabulis.
530 5485 652 5545 Locum
674 5485 782 5560 ipsum
803 5485 838 5545 in
859 5501 923 5562 quo
944 5483 1118 5562 praefatum

322 5584 559 5650 monasterium
573 5583 672 5644 situm
684 5587 745 5654 est,
763 5597 837 5646 eum
849 5581 1001 5644 omnibus
1014 5583 1119 5660 perti-

1157 455 1280 518 nentiis
1302 453 1382 526 suis,
1407 452 1441 515 et
1454 449 1540 514 alias
1561 449 1789 528 possessiones
1807 445 1948 525 vestras,

1158 569 1231 613 cum
1244 552 1362 628 pratis,
1373 549 1492 620 vineis,
1509 549 1622 616 terris,
1640 548 1842 620 nemoribus,
1855 563 1953 610 usua-

1158 649 1223 724 giis
1238 649 1272 710 et
1294 647 1427 724 pascuis
1451 647 1485 707 in
1507 646 1607 706 bosco
1627 647 1660 706 et
1679 645 1788 721 plano,
1805 645 1839 705 in
1855 644 1951 721 aquis

1159 747 1191 807 et
1215 745 1430 814 molendinis,
1457 743 1493 803 iu
1525 743 1589 803 viis
1605 745 1638 804 et
1661 742 1800 813 semitis,
1824 743 1857 803 et
1880 757 1955 802 om-

1160 841 1257 903 nibns
1288 842 1364 902 aliis
1394 840 1602 902 libertatibus
1629 840 1662 900 et
1686 839 1953 901 immunitatibus

1160 939 1240 1000 suis.
1256 933 1343 1000 Sabe
1357 937 1507 998 laborum
1521 938 1707 998 vestrorum
1720 936 1762 997 de
1773 937 1953 1012 possessio-

1160 1035 1258 1096 nibus
1279 1033 1402 1096 habitis
1424 1035 1501 1096 aute
1524 1033 1708 1094 Concilium
1728 1032 1953 1107 generale,·ac

1161 1134 1261 1195 etiam
1283 1132 1463 1202 novalium,
1479 1145 1552 1206 quae
1566 1129 1710 1206 propriis
1727 1128 1881 1190 manibus
1895 1129 1954 1190 aut

1161 1229 1344 1306 sumptibus
1356 1227 1475 1300 colitis,
1492 1227 1562 1288 sive
1573 1227 1613 1288 de
1624 1225 1729 1287 bortis
1742 1225 1774 1286 et
1785 1224 1951 1300 virgultis,

1162 1327 1195 1387 et
1221 1324 1460 1402 piscationibus
1483 1325 1615 1395 restris,
1637 1322 1690 1384 vel
1713 1321 1953 1384 devestrorum

1162 1422 1355 1483 animalium
1370 1419 1593 1492 nutrimentis,
1618 1418 1729 1482 nullus
1746 1435 1767 1480 a
1787 1418 1882 1480 robis
1894 1418 1955 1480 de-

1162 1521 1266 1580 cimas
1295 1518 1430 1594 exigere
1458 1517 1511 1579 vel
1540 1517 1739 1592 extorquere
1762 1516 1951 1592 praesumat.

1162 1615 1276 1678 Liceat
1291 1613 1523 1692 quoquerobis
1536 1627 1695 1690 personas
1710 1610 1833 1673 liberas
1851 1611 1955 1673 etab-

1163 1712 1289 1774 solutas
1301 1727 1320 1773 e
1334 1710 1457 1772 saeculo
1472 1709 1636 1786 fugientes
1647 1708 1688 1770 ad
1702 1707 1953 1770 conversionem

1162 1809 1323 1884 recipere,
1349 1823 1389 1869 ac
1412 1823 1470 1868 eas
1492 1806 1616 1884 absque
1631 1804 1820 1866 conditione
1841 1805 1954 1882 aliqua

1162 1906 1319 1966 retinere.
1345 1903 1565 1965 Probibemus
1585 1903 1722 1979 insuper
1740 1902 1775 1963 ut
1798 1901 1881 1962 nulli
1899 1916 1957 1962 so-

1163 2017 1275 2063 rorum
1300 2001 1508 2072 vestrarum,
1537 2001 1610 2076 post
1640 1998 1761 2060 factam
1780 1997 1816 2058 in
1843 2001 1955 2060 restro

1163 2098 1365 2160 monasterio
1380 2097 1629 2175 professionem,
1645 2096 1694 2156 fas
1710 2096 1753 2156 sit
1767 2095 1839 2156 sine
1852 2093 1957 2156 abba·

1163 2195 1255 2258 fissae
1269 2210 1338 2256 suae
1351 2193 1487 2256 licentia
1500 2193 1540 2255 de
1552 2193 1667 2254 eodem
1680 2192 1753 2254 loco
1764 2191 1953 2267 discedere;

1164 2291 1385 2353 discedentem
1408 2306 1488 2352 vero
1510 2289 1636 2366 absque
1656 2289 1881 2352 communium
1898 2288 1958 2350 lit-

1164 2391 1308 2450 terarum
1325 2389 1512 2449 vestrarum
1533 2387 1686 2449 cautione
1709 2387 1821 2447 nullus
1835 2386 1957 2446 audeat

1164 2485 1322 2553 retinere,
1357 2483 1440 2545 illud
1466 2483 1649 2546 districtius
1681 2483 1888 2554 inhibentes,
1915 2497 1956 2544 ne

1164 2583 1271 2644 terras
1298 2597 1356 2643 seu
1382 2580 1551 2659 quodlibet
1575 2579 1771 2642 beneficium
1806 2579 1956 2642 ecclesiae

1164 2681 1284 2740 vestrae
1305 2677 1478 2750 collatum,
1494 2677 1594 2739 liceat
1614 2676 1716 2738 alicui
1736 2677 1957 2754 personaliter

1165 2776 1251 2850 dari,
1274 2776 1345 2837 sive
1364 2775 1431 2837 alio
1453 2774 1551 2836 modo
1566 2773 1708 2836 alienari
1730 2773 1853 2851 absque
1876 2787 1976 2836 cone-

1166 2870 1955 2956 mmmfflffimmmmm

1166 2971 1270 3032 nioris
1285 2969 1389 3048 partis
1400 2969 1516 3046 ipsius.
1534 2967 1568 3028 Si
1584 2983 1657 3046 quae
1672 2983 1750 3031 vero
1761 2967 1957 3029 donationes

1166 3067 1219 3129 vel
1253 3066 1472 3128 alienationes
1503 3064 1602 3126 aliter
1628 3080 1725 3141 quam
1751 3063 1874 3126 dictum
1906 3064 1957 3127 est

1166 3164 1261 3226 factae
1285 3163 1418 3234 fuerint,
1441 3177 1498 3223 eas
1528 3161 1641 3222 irritas
1670 3177 1742 3222 esse
1771 3177 1955 3224 censemus.

1167 3264 1305 3337 Insuper
1327 3259 1524 3321 auctoritate
1547 3257 1737 3336 apostolica
1758 3257 1956 3328 inhibemus,

1167 3373 1209 3420 ne
1222 3358 1310 3418 ullus
1321 3356 1495 3433 episcopus
1506 3355 1558 3417 vel
1570 3354 1801 3433 quaelibetalia
1817 3371 1958 3432 persona

1167 3453 1208 3515 ad
1230 3453 1372 3530 synodos
1387 3451 1440 3514 vel
1456 3454 1638 3513 conventus
1659 3451 1809 3514 forenses
1823 3469 1882 3513 ros
1895 3453 1955 3523 ire,

1166 3550 1219 3614 vel
1230 3549 1357 3627 jndicio
1372 3549 1527 3610 saeculari
1542 3549 1582 3610 de
1597 3551 1708 3610 vestra
1723 3549 1858 3626 propria
1874 3548 1957 3610 sub-

1167 3647 1289 3708 stantia
1303 3641 1355 3709 vel
1370 3645 1636 3723 possessionibus
1648 3646 1770 3708 restris
1785 3647 1959 3724 subjacere

1168 3745 1353 3820 compellat,
1376 3759 1437 3804 nec
1460 3743 1501 3803 ad
1517 3744 1630 3805 domos
1645 3745 1773 3805 vestras
1788 3759 1888 3806 causa
1903 3759 1960 3806 or-

1168 3841 1263 3902 dines
1284 3837 1485 3907 celebrandi,
1503 3854 1621 3900 causas
1636 3839 1812 3912 tractandi,
1828 3840 1880 3902 vel
1896 3839 1961 3900 ali-

1168 3952 1249 4013 quos
1264 3938 1446 3997 conventus
1466 3934 1613 4010 publicos
1627 3936 1831 3996 convocandi
1845 3935 1960 3997 venire

1169 4034 1357 4110 praesumat,
1372 4047 1433 4092 nec
1446 4031 1634 4107 regularem
1648 4030 1844 4094 electionem
1857 4031 1961 4094 abba-

1167 4131 1259 4192 tissae
1274 4130 1392 4191 vestrae
1414 4128 1584 4206 impediat,
1612 4129 1670 4190 aut
1699 4128 1739 4190 de
1758 4128 1961 4192 instituenda

1168 4227 1221 4288 vel
1243 4225 1442 4287 removenda
1457 4241 1508 4297 ea,
1524 4241 1597 4302 quae
1612 4241 1672 4302 pro
1687 4227 1834 4303 tempore
1847 4225 1957 4300 fuerit,

1170 4311 1284 4386 contra
1307 4323 1431 4384 statuta
1450 4323 1679 4384 Cisterciensis
1695 4323 1821 4384 ordinis
1841 4338 1877 4384 se
1892 4321 1959 4384 ali-

1170 4422 1331 4498 quatenus
1347 4419 1555 4482 intromittat.
1575 4423 1640 4481 Pro
1656 4419 1961 4482 consecrationibus

1169 4533 1248 4578 vero
1259 4517 1415 4578 almrium
1427 4517 1480 4578 rel
1494 4515 1724 4586 ecclesiarum,
1739 4516 1810 4578 sive
1818 4532 1877 4593 pro
1888 4517 1961 4578 oleo

1170 4615 1297 4686 sancto,
1312 4613 1365 4674 vel
1381 4612 1839 4691 quolibetalioecclesiastico
1854 4629 1962 4675 sacra·

1169 4713 1280 4772 mento
1294 4711 1442 4772 nullusa
1462 4709 1557 4771 vobis
1579 4708 1639 4770 sub
1664 4709 1799 4771 obtentu
1821 4725 1963 4771 consue·

1169 4807 1312 4877 tudinis,
1340 4807 1393 4868 vel
1421 4806 1489 4868 alio
1517 4805 1614 4867 modo
1637 4807 1816 4884 quidquam
1842 4808 1963 4869 audeat

1170 4905 1386 4980 extorquere,
1412 4902 1468 4964 sed
1500 4902 1708 4964 haecomnia
1736 4903 1841 4980 gratis
1868 4903 1962 4965 vobis

1171 5001 1346 5078 episcopus
1365 4999 1573 5060 dioecesanus
1604 4999 1788 5078 impendat,
1814 4999 1963 5077 alioquin

1170 5095 1963 5175 liceatvobisquemcumquemalueritiscatboli·

1171 5211 1245 5258 cum
1268 5195 1361 5257 adire
1382 5195 1575 5266 antistitem,
1596 5195 1738 5270 gratiam
1758 5193 1791 5256 et
1815 5209 1965 5256 commu-

1171 5285 1304 5354 nione'm
1335 5291 1535 5369 apostolica
1564 5290 1658 5352 Sedis
1687 5289 1879 5364 habentem,
1908 5291 1965 5368 qui

1171 5392 1285 5452 nostra
1301 5388 1405 5452 fretus
1419 5389 1616 5455 auctoritate
1631 5387 1725 5449 vobis
1744 5389 1831 5465 quod
1850 5391 1965 5465 postu-

1172 5487 1261 5548 latur
1283 5485 1463 5566 impendat.
1488 5485 1579 5557 Quod
1606 5485 1636 5546 si
1664 5483 1759 5548 sedes
1784 5484 1965 5548 dioeccsani

1172 5583 1320 5661 episcopi
1350 5583 1434 5646 forte
1465 5581 1651 5654 vacaverit,
1684 5582 1819 5644 interim
1853 5583 1965 5646 omnia
