4244 6374
934 237 1108 300 HONORII
1131 239 1176 298 111
1198 227 1345 298 OPERA.

637 403 789 490 CLXIV

358 533 411 613 Aa
425 554 459 614 0.
475 552 647 614 rectorem
659 554 837 625 hospitatis
857 556 1055 616 Mmaensts.

598 681 632 738 lt
640 681 734 738 martii
746 681 823 739 itti.

380 804 504 870 [Gesdori,
519 803 581 854 aod.
596 803 702 868 diplom.
716 803 819 861 Saron..
836 806 867 868 ll,
878 819 912 864 ιν,
926 805 950 866 3,
964 820 990 856 n.
1002 806 1039 870 a]

312 931 343 988 c,
356 937 466 987 rectore
480 930 640 1002 postulante
662 928 723 1001 ejus
747 943 899 1001 personam
913 936 942 987 et
967 929 1106 1002 hospitale

347 1019 492 1077 ldisnense
508 1032 572 1076 cum
587 1017 719 1074 omnibus
731 1017 814 1075 bonis
833 1015 884 1074 sub
898 1016 973 1075 beati
989 1019 1064 1076 Petri
1078 1021 1107 1075 et

346 1121 398 1164 sua
411 1106 585 1179 protectione
597 1105 724 1178 suscipit.

349 1233 1022 1317 Honoriusepiscopus,bervusservorum
1032 1241 1102 1312 Dei,

311 1339 431 1401 dilecto
444 1339 511 1399 illio
527 1337 560 1397 C.
586 1337 708 1398 rectori
724 1337 898 1413 hospitalis
913 1338 1102 1411 Misnensis,

310 1435 450 1498 salutem
466 1435 499 1494 et
511 1433 735 1509 apostolicam
748 1433 1022 1495 benedictionem.

351 1531 569 1594 sacrosancta
584 1530 732 1591 Ecclesia
748 1533 897 1592 Romana
920 1531 1054 1593 devotos
1072 1533 1105 1593 et

309 1628 452 1691 humiles
480 1627 567 1688 tilios
593 1643 636 1687 ex
666 1627 808 1688 assuetae
837 1627 971 1704 pietatis
993 1628 1103 1689 alticio

309 1725 507 1805 propensius
522 1724 662 1800 diligere
678 1725 861 1794 consuevit,
878 1725 911 1786 et
925 1741 967 1785 ne
982 1740 1104 1801 praro-

239 1865 243 1883 .
306 1839 381 1884 rum
396 1823 568 1882 hominum
584 1820 747 1883 molestiis
760 1822 937 1896 agitentur,
955 1837 1012 1883 eos
1027 1823 1104 1884 tan-

308 1935 405 1997 quam
418 1920 473 1995 pia
486 1918 592 1980 mater
606 1934 675 1978 suae
688 1917 905 1993 protectionis
918 1919 1102 1980 munimine

307 2015 494 2076 confovere.
529 2013 722 2090 eapropter,
752 2013 866 2075 dilecti
897 2014 933 2073 in
962 2016 1101 2076 Domino

306 2111 379 2182 filii,
396 2110 463 2172 tuis
480 2109 580 2186 justis
603 2109 881 2186 postulationibus
905 2110 1000 2186 grato
1016 2126 1100 2172 con-

307 2207 478 2270 currentes
493 2221 644 2278 assensu,
661 2221 838 2282 personam
864 2207 955 2268 tuam
977 2207 1101 2270 ethos-

305 2303 407 2383 pitale
422 2303 591 2364 Misnense
604 2301 841 2364 cumomnibus
852 2302 961 2374 bonis,
976 2321 1050 2381 quae
1065 2305 1100 2365 in

305 2400 560 2479 praesentiarum
569 2399 812 2461 rationabiliter
824 2400 981 2476 possidet,
996 2401 1098 2463 autin

306 2498 454 2561 daturum
480 2497 661 2574 praestante
684 2497 824 2560 Domino
852 2498 974 2573 poterit
999 2499 1099 2576 Justis

306 2594 412 2656 modis
430 2593 581 2669 adipisci,
611 2592 671 2654 sub
694 2592 784 2654 beati
810 2593 901 2655 Petri
929 2595 962 2655 et
984 2595 1099 2656 nostra

304 2691 509 2770 protectione
535 2690 746 2767 suscipimus,
775 2690 964 2768 specialiter
989 2693 1098 2754 autem

303 2789 422 2862 terras,
452 2788 690 2864 possessiones,
723 2787 848 2855 domos,
879 2788 1037 2862 redditus,
1066 2791 1100 2851 et

304 2885 372 2947 alia
386 2884 483 2956 bona,
505 2884 591 2945 sicut
604 2899 645 2945 ea
669 2885 780 2945 omnia
800 2887 891 2962 iuste
907 2901 945 2946 ac
960 2886 1098 2962 pacifice

304 2982 490 3059 possidetis,
508 2981 568 3042 tibi
583 2997 623 3042 ac
637 2997 697 3057 per
711 2983 743 3042 te
761 2982 918 3057 hospitali
926 2985 996 3058 jam
1011 2983 1097 3045 dicto

240 3145 243 3148 ,
304 3078 502 3140 auctoritate
513 3073 702 3153 apostolica
718 3077 953 3138 confirmamus
965 3080 999 3140 et
1009 3096 1098 3155 prae-

305 3174 409 3237 sentis
421 3174 536 3249 scripti
544 3173 730 3248 patrocinio
741 3175 993 3235 communimus.
1004 3176 1096 3236 Nulli

303 3288 383 3347 ergo
399 3271 533 3331 omnino
549 3269 719 3329 hominum
737 3268 825 3330 hanc
842 3270 996 3346 paginam
1018 3287 1099 3332 nos-

303 3371 364 3432 trae
380 3365 641 3429 confirmationis
665 3364 859 3440 infringere,
889 3367 943 3428 vel
958 3367 989 3428 ei
1013 3383 1097 3428 ausu

306 3462 482 3528 temerario
498 3461 675 3523 contraire.
696 3463 731 3522 Si
746 3463 820 3538 quis
835 3463 945 3524 autem
961 3463 1023 3524 hoo
1041 3466 1095 3527 at-

301 3561 430 3625 tentare
443 3557 700 3636 praesumpserit,
709 3557 971 3633 indignationem
983 3562 1095 3623 omni·

302 3657 448 3737 potentis
472 3655 532 3717 Dei
560 3656 594 3716 et
623 3655 795 3718 beatorum
824 3657 915 3718 Petri
942 3658 975 3718 et
1001 3659 1096 3720 Pauli

303 3755 529 3834 apostolorum
554 3755 626 3828 ejus
654 3767 690 3813 se
715 3753 848 3814 noverit
869 3753 1093 3816 incursurum.

302 3854 421 3915 Datum
436 3850 601 3923 Laterani,
614 3850 688 3910 XIV
699 3849 859 3912 kalendas
870 3851 996 3927 aprilis,
1008 3868 1095 3916 anno

279 3951 431 4013 ‘'octavo.

635 4201 765 4289 CLXV

303 4352 354 4411 Ad
369 4347 576 4409 abbatissam
591 4345 625 4404 ct
648 4357 788 4406 sorores
802 4346 836 4406 S·
865 4347 994 4418 Cracts,
1019 4349 1092 4408 ord.

571 4439 820 4501 Cisterciensis.

584 4579 616 4635 al
626 4578 720 4636 martii
732 4579 810 4636 ital.

341 4705 467 4774 [Gesdori,
483 4702 545 4753 Cod.
555 4702 662 4766 diplom.
671 4701 773 4760 Saron,
786 4701 817 4760 11,
829 4715 862 4760 lv,
874 4701 930 4761 teti,
942 4717 968 4753 n.
980 4703 1048 4768 392]

300 4836 458 4896 claustrum
473 4831 502 4888 S.
518 4827 614 4888 Crucis
634 4826 893 4885 sanctimonialium
909 4829 1017 4884 ordinis
1031 4829 1090 4887 Cis·

333 4919 493 4987 terciensis,
506 4930 595 4989 prope
607 4915 729 4974 Misnam
739 4929 824 4986 snpra
836 4915 927 4987 ripam
939 4915 1038 4983 Albiae,
1050 4915 1093 4974 eis

333 5009 492 5067 confirmat.

337 5131 504 5196 Honorius
514 5129 699 5206 episcopus,
712 5145 828 5190 servus
839 5143 1009 5190 serrorum
1019 5129 1089 5200 Dei,

298 5229 428 5294 dilectis
443 5229 478 5287 in
493 5226 624 5286 Christo
642 5225 772 5286 filiabus
798 5225 973 5288 abbatissae
989 5227 1022 5287 et
1036 5242 1092 5287 so-

297 5328 428 5392 roribus
444 5321 636 5384 mouasterii
650 5323 779 5384 Sanctae
792 5321 906 5383 Crucis
917 5322 1004 5399 apud
1015 5323 1091 5383 Mis-

297 5443 339 5488 ne
367 5421 495 5487 ordinis
516 5418 758 5492 Cisterciensis
795 5418 974 5480 Misnensis
1001 5419 1088 5481 dioe-

296 5523 395 5595 cesis,
411 5519 562 5589 salutem,
578 5518 639 5577 etc.

1899 239 1965 301 576

1201 397 1306 459 ausas
1332 395 1513 472 petentium
1543 395 1719 458 desideriis
1745 396 1884 473 dignum
1908 400 1966 461 est

1162 509 1224 553 nos
1251 492 1383 554 facilem
1412 492 1560 569 praebere
1586 509 1784 555 consensum
1810 495 1843 556 et
1866 497 1975 568 vota,·

1160 605 1261 666 quaea
1272 590 1411 650 rationis
1422 591 1554 652 tramite
1564 605 1630 651 non
1641 589 1842 663 discordant,
1855 593 1961 655 effee-

1162 688 1198 747 iu
1210 687 1430 762 prosequente
1448 686 1625 763 complere.
1643 691 1693 749 Ex
1715 690 1832 750 tenore
1850 691 1962 766 siqui-

1161 782 1235 844 dem
1249 783 1370 844 vestrae
1390 783 1559 860 petitionis
1578 785 1767 862 accepimus
1797 787 1883 862 quod
1898 787 1956 846 di-

1161 879 1366 942 lectusillius
1380 880 1501 942 nobilis
1530 881 1583 942 vir
1597 883 1833 955 Theodericus
1865 899 1960 944 mar-

1161 976 1236 1036 chio
1270 977 1435 1054 quondam
1475 965 1657 1038 Misnensis
1693 981 1726 1040 et
1761 979 1954 1048 orientalis,

1160 1072 1269 1134 locum
1310 1074 1485 1151 quemdam
1528 1091 1630 1151 prope
1667 1076 1809 1136 Misnam
1853 1091 1956 1154 supra

1160 1169 1267 1245 ripam
1279 1170 1384 1231 Albiae
1399 1170 1434 1230 in
1445 1171 1587 1232 decursu
1601 1171 1709 1248 ipsius
1733 1172 1881 1233 fluminis
1905 1173 1958 1234 si-

1159 1265 1228 1326 tum
1243 1265 1284 1327 ad
1300 1267 1458 1328 honorem
1474 1269 1597 1330 sanotae
1613 1268 1645 1328 et
1666 1269 1954 1332 victoriosissimae
2029 1324 2032 1328 .

1160 1364 1284 1434 crucia,
1295 1361 1352 1442 [etl
1364 1367 1532 1441 perpetuae
1540 1365 1688 1440 Virginis
1705 1367 1764 1426 Dei
1773 1368 1953 1428 Genitricis

1159 1461 1284 1532 Mariae,
1302 1461 1336 1521 in
1352 1477 1416 1536 quc
1431 1462 1613 1522 claustrum
1642 1463 1953 1525 sanctimonialimn

1160 1556 1286 1617 ordinis
1301 1557 1529 1618 Cisterciensis
1550 1573 1610 1634 pro
1625 1559 1745 1620 animae
1761 1576 1829 1621 suaa
1842 1577 1953 1622 reme-

1159 1653 1213 1714 dio
1226 1654 1280 1730 pia
1293 1655 1325 1714 et
1339 1655 1477 1730 provida
1490 1655 1733 1718 deliberatione
1749 1658 1951 1720 construxe-

1158 1751 1203 1811 rit
1214 1751 1338 1827 pariler
1353 1751 1386 1812 et
1400 1751 1439 1812 de
1461 1752 1556 1813 bonis
1572 1753 1641 1814 suis
1664 1753 1839 1826 dotaverit,
1856 1755 1951 1816 vobis

1158 1847 1199 1908 de
1233 1863 1396 1909 consensu
1425 1849 1605 1910 dioecesani
1638 1849 1704 1911 loci
1733 1853 1949 1925 concesserit,

1157 1945 1295 2021 proinde
1324 1946 1360 2007 ut
1387 1945 1422 2006 in
1447 1945 1634 2020 patentibus
1658 1942 1779 2009 litteris
1807 1948 1952 2025 desuper

1157 2041 1315 2102 conlectis
1325 2042 1456 2119 plenius
1471 2042 1592 2105 dicitur
1606 2044 1786 2119 contineri;
1803 2061 1864 2107 nos
1879 2047 1948 2107 ita-

1156 2155 1219 2215 que
1233 2139 1355 2200 restris
1370 2140 1668 2216 supplicationibus
1681 2142 1844 2214 inclinati,
1861 2143 1949 2220 quod

1155 2235 1379 2311 superhocab
1390 2237 1504 2298 eodem
1529 2239 1721 2300 marchione
1736 2239 1789 2315 pie
1810 2255 1850 2300 ac
1865 2256 1948 2316 pro-

1154 2330 1229 2393 vide
1244 2331 1366 2394 iactum
1377 2333 1436 2405 est,
1449 2334 1558 2396 ratum
1573 2337 1606 2396 et
1629 2334 1759 2396 firmum
1773 2335 1946 2408 habentes,

1154 2429 1188 2488 id
1203 2430 1399 2492 auctoritate
1424 2432 1614 2508 Apostolica
1638 2433 1883 2506 confirmamus,
1915 2438 1950 2496 et

1154 2528 1328 2602 praesentis
1342 2528 1456 2605 scripti
1481 2531 1666 2606 patrocinio
1691 2532 1944 2592 communimus.

1154 2625 1246 2685 Nulli
1274 2640 1353 2700 ergo
1381 2626 1516 2688 omnino
1539 2627 1710 2689 hominum
1734 2629 1834 2690 liceat
1859 2630 1947 2690 hanc

1154 2721 1309 2798 paginam
1325 2723 1448 2784 nostrae
1467 2723 1728 2786 confirmationis
1748 2724 1945 2802 infringere,

1153 2817 1205 2879 vel
1230 2819 1261 2880 ei
1287 2834 1372 2880 ausu
1398 2820 1576 2882 temerario
1603 2821 1781 2883 contraire.
1808 2824 1843 2883 Si
1871 2824 1946 2900 quis

1153 2920 1263 2976 autem
1290 2917 1352 2978 hoc
1376 2917 1539 2979 attentare
1563 2919 1821 2994 presumpserit,
1852 2920 1945 2980 indi-

1152 3012 1343 3087 gnationem
1370 3014 1604 3091 omnipotentis
1628 3015 1688 3076 Dei
1713 3031 1752 3076 ac
1771 3015 1945 3078 beatorum

1153 3108 1242 3170 Petri
1262 3111 1296 3170 et
1310 3111 1405 3170 Pauli
1421 3111 1646 3187 apostolorum
1674 3114 1746 3188 ejus
1764 3127 1801 3173 se
1816 3113 1946 3174 noverit

1152 3205 1372 3266 incursurum.
1385 3207 1502 3267 Datum
1525 3207 1692 3280 Laterani,
1707 3209 1767 3269 Xil
1783 3207 1945 3270 kalendas

1152 3303 1281 3379 aprilis,
1296 3319 1383 3364 anno
1399 3303 1527 3367 octavo.

1468 3597 1621 3684 CLXVI

1269 3745 1321 3804 Ad
1334 3747 1529 3819 epscopam
1550 3747 1820 3810 attrebatensem.

1427 3877 1463 3934 23
1475 3877 1569 3935 martii
1585 3879 1663 3936 itti.

1166 3997 1288 4062 [liegest.,
1297 3997 1343 4049 lib.
1359 3997 1424 4057 llll,
1437 3999 1512 4063 epist.
1521 3999 1575 4050 332.
1587 4003 1646 4052 llss.
1660 4001 1777 4052 LaPorte
1787 4004 1819 4053 du
1832 4003 1923 4068 risit]

1168 4121 1201 4178 si
1216 4121 1321 4192 villam,
1331 4137 1394 4194 quae
1409 4122 1566 4195 appellatur
1580 4123 1748 4194 vitriacum,
1761 4125 1920 4186 confirmat.

1189 4253 1366 4325 Honorius
1382 4255 1456 4326 eto,
1475 4255 1657 4316 venerabili
1673 4255 1769 4318 tratri
1785 4257 1940 4334 episcopo

1147 4349 1336 4410 atrebaten.

1188 4447 1268 4506 Cum
1282 4463 1300 4508 a
1316 4447 1411 4508 nobis
1424 4448 1641 4524 petitur,etc.,
1654 4465 1759 4524 usqae
1772 4451 1936 4513 effectum.

1148 4545 1339 4620 Eapropter,
1369 4544 1571 4606 venerahilis
1597 4546 1632 4606 in
1664 4547 1794 4610 christo
1823 4549 1937 4623 trater,

1147 4639 1215 4702 tuis
1228 4641 1327 4718 Justis
1353 4639 1643 4719 postulationibus,
1660 4644 1735 4716 etc„
1752 4661 1859 4720 asqace
1880 4661 1938 4707 as-

1149 4737 1400 4810 sensu‚rillam,
1427 4754 1501 4814 quae
1528 4739 1716 4816 appellatur
1741 4743 1936 4816 vitriacum,

1147 4832 1242 4896 bonae
1253 4836 1420 4896 memoriae
1436 4837 1472 4895 Ρ.
1489 4836 1725 4912 praedecessori
1735 4839 1793 4900 tuo
1813 4839 1847 4900 in
1858 4857 1939 4902 cou-

1147 4930 1310 4991 cambium
1334 4947 1394 5007 pro
1417 4932 1504 5004 vico,
1521 4934 1578 5009 qui
1608 4935 1711 4996 strata
1738 4934 1870 5005 dicitur,
1896 4936 1937 4998 ab

1146 5028 1278 5104 inclytae
1292 5027 1533 5091 recordationis
1546 5030 1620 5102 Ph„
1629 5045 1708 5107 rege
1720 5034 1935 5105 Francorum,

1146 5124 1934 5206 cumpertinentiissuisdatam,sicuteamjuste,

1146 5221 1936 5303 canonice,acpaciiicepossides,etinipsisregis

1145 5318 1265 5380 litteris
1279 5317 1401 5380 dicitur
1411 5319 1585 5392 contineri,
1598 5321 1658 5382 tibi
1668 5323 1701 5384 et
1713 5339 1773 5400 per
1786 5325 1818 5385 te
1829 5323 1937 5384 eccle-

1145 5415 1204 5476 siae
1228 5416 1293 5477 tuae
1320 5416 1516 5478 auctoritate
1540 5420 1730 5494 Apostolica
1755 5421 1935 5481 confirma-

1145 5528 1228 5584 mus,
1255 5512 1287 5574 et
1302 5514 1475 5589 praesentis
1498 5513 1612 5591 scripti
1632 5517 1816 5593 patrocinio
1840 5533 1934 5580 com-
