4262 6382
961 200 1199 261 notionum
1222 201 1369 264 OPERA.

650 369 840 457 CXXXVI
1476 369 1709 454 dxxxvssl

367 571 372 582 ·
404 544 455 602 Ad
469 542 667 610 cainonem,
685 541 878 611 episcopum
893 539 1098 596 Eduermem.
1195 529 1247 588 Ad
1260 529 1436 588 andream
1452 530 1494 588 dc
1505 530 1745 602 capemberpc,
1755 529 1942 600 Rodoisrrm
1957 531 2013 588 de

1018 629 1022 636 '
1235 627 1467 684 Holtncbusen
1493 623 1526 684 et
1548 627 1711 684 lbornmn
1733 627 1774 684 cte
1790 625 1911 695 ararat,
1933 627 2011 686 Co-

1233 723 1397 781 loniensts
1424 720 1458 782 at
1477 721 1766 782 Monostemerrcis
1793 723 2009 782 dtoecesum.

1478 854 1607 930 laprilia
1628 857 1707 915 itte.

1304 989 1449 1054 [Wilmans,
1461 989 1577 1040 Westlnl.
1589 990 1645 1047 ob..
1656 991 1701 1047 111,
1713 989 1767 1050 tto,
1779 1005 1804 1040 n.
1816 989 1884 1056 tta]

633 694 761 766 suprius
777 693 855 750 ltro.

484 843 577 906 [carin
592 841 742 898 consuant,
756 841 796 892 eu.
811 840 932 898 trrarv,
949 826 1016 901 utor

386 996 507 1057 Gnidoni
523 993 647 1052 Eduensi
666 993 801 1066 episcopo
820 992 937 1064 pellium
954 989 1095 1048 concedit.

1197 1111 1245 1168 Eis
1260 1111 1376 1168 mandat
1391 1116 1422 1170 ut
1443 1111 1598 1184 qnamdam
1613 1127 1729 1170 causam
1744 1129 1831 1186 super
1848 1113 2004 1172 archidia-

391 1156 569 1226 H⁰¹¹⁰riu⁸'
586 1155 660 1225 (Μ’
678 1154 831 1229 epi⁸⁰⁰p⁰
848 1151 1001 1222 Edu⁰n⁸¹'
1018 1151 1080 1212 etc'
1213 1207 1317 1256 conatu
1329 1201 1459 1260 ecclcsiae
1473 1202 1502 1260 s.
1522 1202 1620 1260 Crucis
1631 1201 1688 1260 ilua
1702 1201 1797 1262 debito
1810 1203 1985 1260 terminent.

391 1257 471 1316 Cum
486 1252 623 1330 pallium
639 1250 724 1327 quod
740 1253 790 1311 esi
809 1248 1025 1326 plenitudinis
1040 1246 1139 1307 cilicii

351 1351 550 1429 pontiiicalis
574 1348 742 1422 insigne...
768 1345 904 1408 anobis
924 1360 984 1421 per
1000 1344 1142 1404 nuncios
1238 1333 1405 1394 Honorius
1416 1335 1913 1412 0p1800pus‚8ervussei'v⁰ri¹ffl
1923 1337 2004 1407 Dei,

350 1452 425 1510 tuos
445 1447 580 1508 inerit...
595 1443 807 1521 postulatum,
825 1441 949 1503 eisdem
964 1440 1141 1502 tribuimus
1197 1429 1501 1492 dilectisflliis·..de
1512 1431 1861 1508 Capembergeet...de
1874 1433 2006 1494 Holin-

351 1543 603 1606 deierendum...
626 1541 781 1618 episcopo
797 1539 1012 1613 Lingonensi,
1035 1541 1068 1598 ct
1081 1537 1142 1598 tibi
1197 1527 1397 1589 cbnsenet...
1410 1527 1558 1588 chusat
1574 1529 1771 1605 praepositis,
1782 1529 2004 1590 coloniensis

350 1657 410 1718 per
435 1655 533 1711 eum,
564 1639 616 1700 vel
643 1653 738 1713 per...
773 1636 921 1696 cabilon.
951 1635 1141 1711 episcopum
1197 1624 2006 1702 etMonasteriensisdioecesis‚salnternatAp0s-

350 1737 598 1812 assignandum.
613 1737 693 1794 Cum
709 1735 820 1809 itaque
839 1733 946 1793 bonor
961 1731 1054 1808 pallii
1073 1730 1141 1790 hu·
1196 1720 1330 1781 tolicam
1342 1720 1619 1782 benedictionem.

350 1835 474 1895 militas
488 1833 531 1894 sit
545 1835 643 1908 atque
652 1830 820 1906 Justitia...
833 1831 865 1890 te
876 1828 1031 1889 convenii
1045 1827 1142 1888 exbi—
1236 1817 1353 1878 Dilecti
1369 1816 1429 1876 filii
1445 1818 1591 1878 decanus
1606 1820 1639 1880 et
1656 1818 1836 1894 capitulum
1852 1819 2003 1880 Momas-

351 1931 429 1992 bere
462 1931 498 1990 in
527 1929 695 2006 prosperis
722 1925 903 1996 humilem,
930 1925 964 1984 in
993 1923 1142 1984 adversis
1195 1913 1339 1975 teriense
1356 1929 1449 1974 suam
1465 1915 1506 1974 ad
1535 1930 1596 1975 nos
1621 1913 1863 1992 querimoniam
1884 1915 2003 1977 desii-

351 2030 517 2094 0r00tum‚
542 2025 684 2086 amicum
708 2023 822 2092 imnis,
845 2022 879 2083 et
897 2021 1063 2098 perversis
1083 2020 1142 2081 ad.
1196 2013 1328 2083 namot,
1358 2012 1443 2087 quod
1471 2011 1639 2072 abbatissa
1663 2014 1696 2073 et
1719 2017 1902 2074 conventus
1918 2029 2002 2075 mo-

352 2137 496 2194 somum,
517 2123 579 2182 etc.
596 2122 713 2180 Datum
729 2118 896 2190 Laterani,
910 2120 955 2179 vt
970 2117 1046 2178 idus
1057 2117 1143 2196 apri.
1196 2105 1333 2168 nasteril
1345 2107 1385 2169 de
1398 2107 1618 2170 Frilrenborst
1628 2110 1902 2170 Monasteriensis
1915 2111 2004 2171 dioe·

352 2220 411 2290 lis,
430 2217 641 2295 pontificatus
662 2216 768 2278 nostri
783 2231 872 2278 anno
893 2229 990 2278 nono.
1197 2205 1293 2276 cesis,
1307 2218 1406 2282 super
1416 2205 1689 2267 archidiaconatu
1699 2207 2002 2269 eccleslaesanctae

641 2573 852 2666 CXXXVH

353 2749 564 2813 Adabbatem
575 2747 608 2808 et
620 2745 872 2808 corrnerrtumde
886 2745 1141 2818 Waccpcctnpc.

635 2893 653 2950 8
667 2892 763 2965 aprilis
783 2889 860 2949 latr.

470 3042 718 3109 [blittelrheinischcs
730 3042 787 3099 ub,
800 3041 843 3100 ΙΙΙ,
855 3039 909 3097 tot,
925 3053 951 3089 n.
967 3039 1035 3104 stop

380 3197 437 3256 Sub
448 3196 523 3253 beati
539 3156 615 3253 Petri
629 3200 657 3251 et
671 3207 723 3250 sua
738 3191 914 3264 protectione
928 3203 978 3246 eos
992 3188 1119 3264 suscipit.

394 3355 561 3417 Honorius
573 3354 1061 3429 episcopus‚serrusservorum
1072 3351 1142 3424 Dei,

355 3452 486 3514 dilectis
511 3450 591 3510 illlis
616 3448 727 3509 abbati
749 3449 782 3508 et
805 3447 982 3508 conventui
1004 3447 1044 3507 de
1059 3450 1143 3507 Wa-

355 3550 537 3626 degocinga
568 3545 908 3615 praemonstratensis,
941 3543 1079 3605 salutern
1114 3545 1146 3607 et

354 3646 577 3725 Apostolicam
591 3641 866 3704 benedictionem.

394 3747 440 3805 Ea
453 3742 597 3820 propter,
610 3739 722 3799 dilecti
738 3739 772 3797 in
788 3738 926 3798 Domino
942 3736 1013 3805 lilii,
1025 3738 1145 3799 restris

351 3841 451 3920 justis
476 3833 754 3914 postulationibus
787 3834 881 3910 grato
911 3836 1145 3896 concurrentes

355 3951 505 4006 assensu,
520 3947 681 4010 personas
696 3933 825 3992 vestras
838 3932 870 3992 ei
890 3931 1009 4002 locum,
1030 3931 1066 3991 in
1081 3947 1145 4008 quo

355 4035 467 4095 divino
487 4031 567 4091 estis
589 4027 750 4104 obsequio
771 4027 961 4103 mancipati,
978 4040 1051 4088 cum
1074 4041 1147 4089 om-

355 4131 452 4192 nibus
470 4127 577 4194 bonis,
594 4139 667 4202 quae
686 4126 721 4184 in
741 4125 1005 4201 praesentiarum,
1030 4127 1088 4188 ant
1110 4127 1145 4186 in

354 4227 500 4288 futurum
518 4223 619 4299 J'ustls
646 4221 764 4293 modis,
794 4222 972 4296 praestante
994 4223 1144 4290 Domino,

356 4321 506 4401 poteritis
521 4319 671 4394 adipisci,
690 4317 749 4377 sub
763 4317 852 4379 beati
868 4318 958 4379 Petri
978 4321 1011 4380 et
1032 4321 1144 4379 nostra

354 4417 559 4498 protectione
573 4415 781 4490 suscipimus,
816 4415 1007 4490 specialiter
1034 4417 1144 4477 antem
1229 4414 1234 4427 “

356 4517 397 4578 dc
418 4513 581 4584 colredal,
598 4512 638 4573 de
663 4513 772 4582 Bucis,
797 4511 837 4571 de
859 4509 1091 4573 Erbrcstwilre
1113 4515 1147 4574 et

356 4614 397 4676 de
412 4611 575 4674 Esbwilre
588 4609 757 4671 ecclesias
770 4621 844 4668 cum
860 4608 998 4685 capellis
1022 4610 1055 4671 et
1069 4623 1147 4686 per-

354 4709 503 4775 tinentiis
528 4707 734 4776 earumdem,
759 4703 845 4766 sicut
868 4719 907 4766 ea
930 4706 1040 4766 omnia
1056 4708 1146 4783 Juste

357 4811 389 4871 et
414 4808 573 4869 canonice
596 4802 773 4880 possidetis
799 4803 832 4863 et
854 4803 975 4879 quiete,
996 4803 1090 4864 vobis
1114 4807 1147 4866 et

354 4917 414 4984 per
425 4919 484 4965 vos
495 4899 697 4962 monasterio
710 4899 823 4959 vestro
835 4899 1147 4977 auctoritaterlpos-

354 5003 455 5065 tolica
470 4998 703 5061 confirmamus
717 4996 748 5056 et
763 4997 935 5072 praesentis
950 4997 1066 5073 scripti
1081 5013 1144 5075 pa-

354 5098 497 5162 trocinio
512 5093 762 5164 communimur,
772 5094 834 5154 etc.
847 5095 965 5155 Datum
977 5096 1143 5167 Laterani,

355 5199 401 5259 Vi
421 5193 495 5254 idus
520 5190 656 5268 aprilis,
685 5190 897 5266 pontificatus
924 5192 1029 5254 nostri
1058 5207 1146 5254 anno

356 5307 454 5354 nono.

1197 2301 1313 2363 Crucis
1326 2302 1474 2378 ejusdem
1489 2299 1566 2374 loci,
1588 2301 1629 2362 ad
1643 2303 1733 2379 ipsos
1748 2303 1789 2364 de
1801 2305 1877 2380 jnre
1894 2319 2001 2380 spec-

1197 2399 1289 2460 tante
1315 2399 1521 2476 injuriantur
1542 2399 1683 2474 eisdem;
1705 2399 1847 2476 ideoque
1861 2401 1999 2462 discre-

1197 2495 1284 2556 tioni
1298 2499 1417 2557 vestrae
1430 2511 1489 2572 per
1503 2495 1692 2572 Apostolica
1705 2497 1830 2573 scripta
1855 2498 2006 2558 manda.

1199 2607 1282 2664 mue,
1295 2594 1456 2670 quatenus
1470 2592 1660 2653 convocatis
1671 2592 1831 2669 partibus,
1848 2593 1998 2653 audiatis

1198 2705 1333 2750 cansam
1349 2690 1382 2752 et
1406 2687 1631 2766 appellatione
1646 2691 1774 2751 remota
1796 2690 1861 2751 ilne
1882 2689 1998 2752 debito

1198 2785 1395 2857 terminetis,
1411 2786 1569 2847 iacientes
1592 2787 1677 2863 qnod
1699 2786 1916 2848 decreveritis
1935 2803 1999 2864 per

1198 2899 1372 2944 censuram
1385 2883 1644 2946 ecclesiasticam
1657 2881 1796 2945 tirmiter
1807 2885 1994 2945 observari.

1199 2981 1313 3040 Testes
1336 2981 1446 3041 autem
1469 2981 1525 3056 qui
1552 2979 1678 3042 inerint
1703 2981 1876 3053 nominati,
1901 2981 1929 3041 si
1959 2999 1996 3042 se

1198 3076 1317 3152 gratia,
1336 3077 1411 3137 odio
1426 3076 1478 3136 vel
1505 3077 1624 3138 timore
1651 3077 1888 3152 subtraxerint,
1915 3095 1997 3139 cen-

1199 3189 1277 3234 sura
1304 3173 1417 3246 simili,
1442 3175 1592 3235 cessante
1613 3174 1846 3251 appellatione,
1867 3175 1994 3250 cogatis

1199 3270 1331 3333 veritati
1357 3271 1584 3331 testimonium
1617 3269 1805 3346 perbibere.
1837 3273 1927 3343 Quod
1965 3272 1993 3332 si

1199 3382 1264 3427 non
1280 3381 1392 3427 ornnes
1412 3365 1466 3427 his
1489 3367 1709 3444 exsequendis
1735 3369 1908 3443 potueritis
1936 3369 1993 3430 in-

1198 3465 1335 3536 teresse,
1352 3463 1416 3525 duo
1434 3466 1632 3525 vestrumea
1649 3465 1867 3526 nihilominus
1887 3481 1989 3526 exse—

1201 3563 1353 3636 quantur.
1380 3562 1500 3620 Datum
1527 3561 1693 3629 Laterani,
1710 3565 1740 3622 V
1764 3561 1839 3623 idus
1863 3561 1990 3639 aprilis,

1200 3657 1411 3734 pontificatus
1427 3658 1531 3719 nostri
1547 3673 1634 3720 anno
1650 3675 1749 3719 nono.

1501 3977 1692 4064 cxxxnt

1200 4128 1251 4185 Ad
1277 4129 1451 4187 Andrecm
1479 4129 1521 4187 de
1547 4125 1786 4205 capemberpe,
1816 4133 1990 4204 Rodotltrm

1239 4225 1279 4282 de
1292 4225 1522 4285 Holtncbuseu
1535 4225 1568 4286 et
1587 4228 1748 4286 Tbontum
1764 4229 1804 4288 rte
1818 4229 1930 4288 Srrsnt.

1476 4363 1504 4420 ll
1524 4363 1620 4436 aprilis
1636 4365 1714 4423 itte.

1359 4494 1503 4558 [Wiimans
1515 4496 1629 4547 Westial.
1645 4497 1700 4557 tib,
1712 4499 1755 4556 ΙΙΙ,
1768 4499 1834 4564 llo]

1200 4617 1314 4677 Mandat
1325 4626 1354 4676 ut
1368 4613 1485 4676 causam
1501 4619 1574 4677 inter
1589 4619 1764 4679 bernardum
1780 4631 1924 4681 cantorem
1936 4625 1989 4682 llo

1236 4708 1439 4764 nasterieosem
1452 4722 1487 4764 ex
1497 4717 1577 4780 parto
1588 4723 1654 4778 una,
1665 4717 1693 4767 et
1704 4713 1718 4768 J
1722 4718 1811 4768 uttam
1822 4712 1988 4770 abbatissam

1235 4803 1263 4852 et
1283 4803 1455 4852 conventum
1471 4798 1636 4854 monasterii
1658 4799 1687 4854 in
1707 4799 1890 4858 Frilrenbcrst
1905 4815 1937 4857 cr
1951 4801 1987 4857 nl·

1235 4891 1306 4952 tera,
1319 4899 1406 4955 snper
1420 4884 1652 4944 archidiaconatu
1666 4887 1794 4959 ejusdem
1811 4890 1866 4946 loci
1881 4896 1986 4947 verten-

1237 4976 1304 5040 tem,
1317 4974 1481 5030 terminent.

1241 5099 1406 5158 Honorius
1416 5097 1601 5176 episcopus,
1613 5115 1729 5163 servus
1741 5116 1911 5164 servorum
1922 5105 1986 5176 liei,

1201 5193 1329 5254 dilectis
1342 5194 1457 5255 illlis...
1475 5195 1515 5258 de
1540 5195 1799 5274 capemberge...
1820 5199 1860 5261 de
1876 5201 1989 5262 Helin-

1201 5292 1324 5352 cbusen
1340 5293 1408 5352 et...
1425 5293 1466 5354 de
1487 5295 1585 5354 Susat
1601 5296 1799 5370 praepositis,
1818 5297 1990 5360 Colonien-

1201 5389 1246 5447 sis
1270 5389 1303 5449 et
1331 5390 1606 5451 Monasteriensis
1622 5390 1787 5464 dioecesis,
1805 5393 1992 5456 salutemet

1200 5486 1421 5561 Apostolicam
1434 5487 1708 5550 benedictionem.
