4262 6382
362 277 424 340 sis

675 444 840 530 CXVIII

360 583 412 641 Ari
438 577 592 640 abbatem
619 579 893 646 cisterciensem,
924 577 1155 638 cabilonensis

398 669 564 737 dioeeesis,
581 665 615 726 ei
635 669 791 738 priorem
810 667 845 725 S.
866 667 1031 735 Marcelli,
1056 665 1090 724 rt
1103 667 1151 734 S,

397 757 679 816 archidiaconem
692 755 956 814 calciacensem.

640 875 674 931 ts
688 875 782 932 martii
798 873 876 932 ¹225.

398 987 575 1054 [nogesimo.
589 989 631 1044 IX,
642 1003 683 1050 ep.
698 987 753 1040 ata.
767 988 826 1038 tiss.
839 989 876 1038 La
892 989 1009 1038 Pcriedu
1020 987 1114 1052 Theti]

358 1103 524 1163 blandateis
533 1111 563 1160 ut
575 1103 765 1162 inhibeamus
778 1104 931 1175 capitulum
941 1104 1058 1176 capellae
1071 1103 1154 1160 ducis

394 1185 576 1242 Divionensis
602 1191 765 1254 contempta
794 1185 1089 1240 excommunicatione
1117 1183 1153 1238 ab

393 1263 528 1336 episeopo
556 1263 732 1334 lingonensi
759 1261 787 1318 in
813 1264 891 1334 ipsos
916 1263 987 1330 mia,
1015 1269 1152 1333 praetextu

394 1342 608 1414 privilegiorum
623 1355 750 1408 suorum,
766 1341 913 1396 celebrare
926 1346 1110 1411 praesumant.

398 1467 565 1527 Honorius
576 1467 887 1542 episcopusservus
898 1466 1149 1537 servorumDei,

358 1561 489 1622 dilectis
512 1563 627 1623 tiliis...
645 1563 756 1624 abbati
772 1563 996 1632 Cisterciensi,
1012 1563 1149 1624 Cabilo-

358 1660 472 1720 nensis
485 1659 651 1731 dioecesis,
665 1661 735 1723 et...
761 1661 866 1736 priori
882 1662 914 1722 S.
931 1659 1092 1732 Marcelli,
1118 1663 1152 1723 et

357 1757 403 1828 S.,
420 1755 656 1818 archidiacono
671 1756 894 1829 cabilonensi,
915 1757 1069 1828 salutem,
1085 1759 1147 1818 ete.

397 1851 605 1928 Significavit
617 1852 713 1914 nobis
735 1853 937 1914 venerabills
949 1853 1053 1914 irater
1071 1870 1151 1914 nos-

356 1951 444 2012 ter...
469 1951 645 2027 epIsccpus
668 1951 889 2025 LingoneusIs
917 1951 1002 2027 quod
1018 1951 1148 2026 quando

355 2046 470 2108 villam
493 2047 726 2110 Divionensem
742 2047 908 2110 existente
919 2047 1050 2122 justitia
1065 2049 1147 2108 sub-

353 2143 429 2218 jicil
449 2143 663 2204 interdicto...
681 2144 837 2215 decanus,
853 2147 886 2204 et
898 2144 1079 2220 capitulum
1092 2161 1150 2206 ca-

356 2239 452 2315 pellae
478 2239 572 2300 ducis
600 2239 748 2317 eiusdem
784 2240 849 2301 loci
877 2257 946 2302 suae
981 2241 1146 2314 ditecesis,

356 2335 506 2398 dicentes
531 2353 568 2397 se
591 2335 633 2397 ad
658 2339 840 2398 Romanam
867 2338 1048 2400 Ecclesiam
1072 2354 1150 2414 spe-

356 2432 488 2496 cialiter
514 2435 692 2509 pertinere,
710 2449 775 2496 non
802 2434 909 2496 solum
936 2435 1148 2498 interdictum

355 2532 428 2606 ejus
457 2529 636 2594 observare
663 2533 887 2602 contemnunt,
910 2533 1147 2594 verumetiam

355 2627 538 2688 solemnius
552 2627 661 2699 solito,
674 2629 813 2706 pulsatis
826 2629 1008 2705 campanis,
1024 2630 1148 2705 apertis

350 2725 476 2800 januis,
509 2727 544 2788 et
570 2726 866 2788 excommunicatis
894 2743 934 2788 ac
961 2727 1147 2790 interdictis

353 2821 521 2890 admissis,
537 2823 650 2886 divina
664 2823 834 2886 celebrare
845 2824 1059 2900 praesumunt,
1072 2839 1147 2884 cum

353 2919 454 2982 ettam
470 2919 499 2980 si
511 2935 569 2980 eos
581 2935 656 2982 asse
669 2921 837 2982 constaret
850 2923 1031 2997 exemptos,
1045 2920 1147 2980 nullis

353 3018 466 3078 tamen
484 3017 648 3092 exemptis
661 3018 798 3078 concedi
815 3017 921 3080 soleat
935 3018 1147 3094 privilegium

354 3113 545 3174 celebrandi
598 3115 711 3176 taliter
764 3118 912 3190 tempore
967 3114 1145 3176 interdicti.

355 3209 497 3287 Ideoque
512 3211 719 3282 mandemus,
731 3214 895 3288 quatenus
908 3211 1068 3274 iacientes
1083 3227 1146 3272 vo·

354 3305 405 3368 bis
423 3307 571 3383 ipsorum
586 3309 762 3383 privilegia
777 3308 941 3378 exbiberi,
968 3307 1148 3368 ianbeatis

353 3401 478 3463 eisdem
502 3418 544 3464 ne
568 3419 669 3478 super
696 3404 760 3466 boc
785 3405 826 3464 de
848 3405 968 3466 caetero
983 3407 1148 3466 attentare

354 3500 568 3575 praesumant,
586 3499 673 3561 ultra
691 3515 788 3576 quam
805 3501 853 3562 eis
867 3515 926 3576 per
947 3501 1020 3578 ipsa
1038 3501 1146 3576 privi-

353 3595 441 3672 legia
454 3597 505 3658 est
516 3611 722 3668 concessum,
739 3612 809 3668 eos,
823 3599 852 3658 si
865 3599 981 3660 contra
994 3597 1146 3674 prohibi-

352 3693 477 3754 tionem
499 3694 689 3770 bujusmodi
711 3697 876 3756 attentare
896 3696 1144 3772 praesumerent,

352 3791 394 3852 ad
417 3792 565 3854 nostram
583 3792 697 3854 venire
713 3793 924 3868 presentiam
946 3810 1022 3854 cum
1037 3795 1145 3870 privi-

352 3887 449 3964 legiis
477 3889 559 3966 ipsis
584 3905 643 3966 per
671 3905 846 3951 censuram
872 3891 1143 3964 ecclesiasticam,

351 3985 574 4062 appellatione
605 3986 805 4062 postposita,
841 3988 1075 4064 compescatis,
1111 3989 1146 4050 ut

351 4082 536 4159 privilegiis
547 4083 840 4160 eisdemiuspectis
852 4087 1146 4162 statuamussuper

351 4180 513 4256 bocqucd
542 4180 640 4244 luerit
662 4181 882 4243 statuendum.
908 4183 998 4254 Quod
1024 4183 1053 4244 si
1078 4198 1145 4244 non

352 4290 467 4336 omnes
482 4275 534 4336 his
546 4277 768 4352 exsequendis
783 4277 946 4338 interesse
955 4279 1141 4354 potueritis,

350 4371 416 4432 duo
435 4372 581 4433 vestrum
605 4389 644 4432 ea
665 4373 881 4434 nibilominus
907 4377 1142 4454 exsequantur.

351 4469 470 4531 Datum
487 4470 653 4538 Laterani,
665 4473 723 4534 XV
739 4470 901 4534 kalendas
915 4471 1043 4549 aprilis,
1056 4487 1144 4532 anno

351 4582 450 4630 nono.

687 4675 807 4760 cxlx

377 4809 429 4868 Ad
442 4809 634 4884 Sipsridron
650 4811 850 4881 archiepisc.
868 4807 1122 4882 Moozrntlrnon.

630 4921 665 4978 20
678 4921 772 4976 martii
788 4921 865 4976 lats.

398 5027 516 5092 [Romaiu
533 5025 594 5076 Cod.
605 5025 712 5090 diplom.
727 5024 856 5086 Iloravim,
878 5023 908 5082 ll,
926 5023 979 5082 loo,
991 5039 1017 5074 n.
1032 5023 1098 5090 isa]

349 5137 422 5192 Eum
441 5135 568 5208 graviter
583 5129 765 5204 reprehendit
779 5129 853 5202 quod
867 5132 1053 5204 Peregrinum
1068 5132 1143 5188 elec·

385 5221 444 5272 tum
467 5215 642 5286 Prngcnsem
659 5217 757 5268 contra
771 5209 936 5268 mandatum
949 5211 1144 5283 Apostolicum

384 5293 605 5350 consecraverit.
621 5289 736 5346 Mandat
751 5296 781 5346 ut
796 5289 900 5346 dictum
913 5292 1099 5362 Peregrinum
1117 5291 1144 5346 iu

384 5373 456 5429 testo
468 5373 495 5429 S.
504 5369 651 5427 Michaelis
665 5370 793 5441 proximo
806 5368 891 5428 iaciat
903 5370 1088 5443 personaliter
1097 5385 1144 5426 ve-

384 5453 446 5510 nire
461 5449 497 5507 ad
512 5449 615 5509 Sedem
631 5449 836 5522 Apostolicam.

389 5568 751 5646 Honoriusepisccpus,
765 5582 881 5630 servus
891 5581 1063 5629 servorum
1073 5567 1142 5639 Del,

980 273 1156 334 nouontl
1176 271 1223 334 111
1242 272 1391 334 OPERA.

1957 265 2014 322 8⁴20

1207 429 1392 492 venerabili
1417 428 1551 490 tratri...
1579 425 1831 502 archiepiscopo
1861 426 2014 498 Magun-

1208 522 1714 600 tino,salntemetbpostclIcam
1723 521 2009 582 benedictionem.

1247 623 1354 682 Nimis
1369 636 1472 697 grave
1500 618 1711 694 dispendium
1737 617 1935 678 immineret
1958 633 2013 676 ec-

1207 719 1331 790 clesiis,
1361 720 1391 780 si
1416 717 1565 796 pretatis
1591 714 1827 776 decedentibus
1855 713 2011 790 perirent

1207 831 1337 892 quoque
1358 815 1608 892 prosecutiones
1632 828 1811 874 causarum
1834 812 2009 886 incoepta-

1206 927 1280 972 rum
1295 911 1605 988 proluitionejmis
1615 912 1648 970 ei
1662 909 1799 972 honoris
1821 907 2010 968 ecclesias-

1206 1009 1263 1069 tici
1278 1009 1320 1070 ab
1333 1009 1469 1068 eisdem.
1493 1007 1708 1068 aunonenses
1732 1004 1901 1082 siquidem
1917 1005 2009 1064 illius

1205 1104 1268 1164 zeli
1283 1104 1447 1166 servorem
1461 1107 1496 1164 et
1515 1104 1609 1163 illam
1634 1102 1755 1163 mentis
1767 1103 2006 1172 constantiam,

1206 1217 1305 1277 quam
1324 1201 1420 1262 bonae
1442 1199 1613 1260 memoriae
1635 1200 1796 1270 Andreas,
1823 1199 2007 1274 pragensis

1205 1299 1392 1374 episcopus,
1408 1297 1527 1360 babuit
1552 1298 1586 1357 et
1605 1296 1759 1357 exhibuit
1781 1297 1818 1356 in
1841 1311 2007 1372 prosecu-

1205 1395 1295 1454 tione
1306 1394 1542 1456 ecclesiasticae
1559 1393 1735 1464 libertatis,
1753 1409 1812 1468 pro
1825 1409 1895 1468 qua
1912 1392 2007 1454 labo-

1205 1487 1296 1548 ribus
1311 1492 1344 1549 et
1365 1489 1508 1568 propriae
1535 1503 1686 1563 personae
1706 1487 1899 1564 abjectione
1920 1503 2004 1548 con-

1204 1587 1336 1662 temptis
1352 1601 1456 1662 usque
1477 1585 1519 1645 ad
1535 1585 1689 1646 ultimum
1709 1586 1787 1648 vitae
1801 1584 1894 1644 diem
1908 1584 2004 1644 inde·

1204 1681 1292 1742 tesso
1318 1683 1429 1744 animo
1463 1681 1654 1752 decertavit,
1683 1697 1723 1741 ac
1749 1681 1945 1756 satagentes
1971 1682 2004 1740 ut

1203 1779 1280 1840 talis
1320 1778 1576 1840 substitueretur
1612 1777 1731 1848 eidem,
1769 1779 1827 1854 qui
1866 1793 2003 1838 causam

1203 1891 1301 1952 quam
1315 1875 1469 1951 prosequi
1475 1875 1523 1934 sic
1532 1875 1724 1936 constanter
1734 1874 1921 1951 inceperat
1933 1873 2001 1949 pari

1202 1972 1317 2046 vigore
1358 1973 1462 2032 animi
1501 1972 1686 2046 susciperet
1724 1970 2000 2048 prosequendam,

1203 2067 1397 2128 mandamus
1413 2068 1575 2143 Pragensi
1593 2067 1751 2142 capitulo,
1769 2069 1804 2128 ut
1829 2083 1908 2128 cum
1923 2082 2001 2126 con-

1203 2165 1278 2226 silio
1313 2165 1510 2226 dilectorum
1542 2163 1727 2226 tiliorum...
1762 2164 1802 2225 de
1829 2165 1999 2240 Nepumuc

1202 2261 1434 2322 cisterciense
1447 2261 1575 2322 ordinis
1590 2263 1623 2324 et
1649 2261 1727 2322 de...
1753 2263 1875 2322 Ostrov
1899 2259 1999 2321 abba-

1202 2359 1271 2418 tum
1291 2359 1361 2420 et...
1382 2359 1552 2436 praepositi
1568 2359 1807 2430 Olomucensis,
1834 2375 1920 2434 quos
1952 2357 1998 2417 eis

1201 2456 1451 2531 provideremus
1464 2455 1675 2516 consiliarios
1686 2456 1720 2516 in
1732 2456 1794 2517 bac
1808 2459 1915 2532 parte,
1930 2469 1997 2531 per-

1202 2567 1317 2614 sonam
1351 2554 1507 2624 scientia,
1532 2554 1600 2615 vita
1629 2555 1662 2614 et
1685 2553 1774 2615 tama
1800 2553 1995 2630 praeclaram

1201 2651 1358 2727 tantoque
1371 2652 1609 2724 congruentem
1624 2650 1719 2712 oneri
1734 2652 1767 2712 et
1781 2651 1915 2722 honori,
1933 2649 1994 2709 sibi

1202 2746 1992 2824 eligerintcanoniceinepiscopumetpastorem,

1201 2859 1240 2903 ac
1261 2859 1302 2904 ne
1317 2843 1395 2920 quid
1409 2843 1540 2904 deesset
1562 2843 1751 2904 necessarIe
1780 2844 1993 2920 providentia

1201 2940 1296 3000 illum
1314 2956 1412 3016 quem
1436 2941 1471 3000 in
1495 2941 1686 3018 episcopum
1711 2956 1808 3000 suum
1823 2939 1991 3016 eligerent,

1202 3053 1276 3097 cum
1291 3036 1426 3113 aliquod
1437 3053 1479 3097 ex
1493 3036 1694 3098 electoribus
1710 3040 1781 3114 ejus
1794 3037 1834 3098 ad
1848 3039 1992 3098 nostram

1201 3134 1461 3194 examinandum
1469 3133 1502 3194 et
1516 3133 1778 3194 confirmandum
1787 3133 1991 3211 praesentiam

1201 3230 1418 3291 destinarent.
1436 3229 1509 3290 Tibi
1524 3246 1655 3307 quoque
1678 3231 1829 3292 dedimus
1846 3232 1885 3292 in
1902 3246 1990 3292 man-

1201 3327 1298 3399 datis,
1328 3333 1366 3388 ut
1393 3327 1425 3390 id
1455 3329 1686 3404 aequanImiter
1713 3328 1889 3402 tolerares,
1923 3341 1990 3388 cum

1201 3426 1324 3485 nostrae
1339 3425 1536 3486 intentionis
1559 3427 1725 3486 ncnesset
1745 3424 1909 3501 derogare
1926 3423 1989 3501 Juri

1200 3521 1257 3584 tuo
1285 3521 1321 3582 in
1347 3521 1462 3598 aliquo
1492 3520 1545 3584 vel
1576 3521 1708 3592 honori,
1736 3521 1794 3584 sed
1821 3521 1989 3599 providere

1201 3618 1287 3680 sicut
1307 3620 1412 3680 status
1426 3619 1584 3694 temporis
1605 3618 1772 3694 exigebat,
1799 3621 1834 3682 ui
1861 3620 1988 3696 dignum

1200 3715 1339 3778 baberet
1358 3717 1446 3778 idem
1469 3716 1644 3793 episcopus
1666 3731 1906 3778 successorem.
1929 3713 1988 3790 Ipsi

1200 3829 1290 3885 vern,
1307 3815 1485 3890 antequam
1499 3814 1540 3874 ad
1556 3829 1613 3874 eos
1638 3813 1830 3875 mandatum
1849 3815 1986 3891 Aposto-

1200 3909 1300 3972 licum
1314 3911 1533 3987 pervenisset,
1556 3913 1593 3972 Ρ.
1610 3911 1807 3972 canonicum
1822 3912 1927 3987 ipsius
1939 3923 1988 3968 ec-

1200 4008 1311 4069 clesiae
1322 4009 1357 4068 in
1369 4009 1561 4084 episcopum
1573 4023 1680 4079 suum,
1691 4008 1777 4070 sicut
1791 4009 1985 4087 accepimus,

1199 4107 1382 4180 elegerunt,
1397 4108 1498 4182 tuque
1512 4106 1662 4182 ipsorum
1684 4105 1894 4178 electionem,
1909 4119 1987 4166 non·

1199 4204 1278 4263 dum
1302 4205 1436 4280 recepto
1464 4203 1620 4264 mandato
1647 4204 1849 4279 apostolico,
1874 4201 1987 4265 conir-

1199 4301 1359 4364 masii.1n
1387 4317 1452 4376 quo
1480 4300 1612 4377 quidem
1633 4316 1751 4362 nones
1781 4297 1986 4378 aliquomodo

1199 4397 1383 4474 culpabilis,
1401 4397 1576 4459 dummodo
1603 4398 1760 4460 universa
1785 4415 1860 4476 qum
1874 4393 1986 4461 debent

1200 4495 1233 4556 in
1248 4496 1345 4556 electi
1358 4509 1501 4570 persona
1521 4497 1555 4556 et
1575 4495 1649 4570 ipsa
1664 4495 1828 4557 electione
1851 4505 1986 4558 concur·-

1198 4596 1289 4667 rant3
1306 4592 1391 4670 quod
1414 4608 1481 4653 non
1496 4592 1698 4654 consuevisti
1721 4593 1804 4656 satis
1819 4591 1985 4669 diligenter

1199 4689 1380 4759 attendere,
1410 4688 1496 4750 sicut
1526 4688 1814 4750 Padarburnensis
1843 4685 1983 4750 ecclesia

1198 4788 1366 4862 negotium
1382 4785 1581 4846 manifestat.
1603 4787 1641 4846 In
1654 4801 1695 4847 eo
1710 4789 1821 4848 autem
1840 4803 1876 4848 es
1894 4786 1983 4863 plane

1199 4901 1238 4946 ac
1251 4884 1346 4960 plene
1360 4881 1536 4959 culpabilis
1546 4883 1579 4944 et
1590 4883 1831 4944 inexcusabilis
1844 4893 1982 4960 prorsus,

1199 4981 1285 5059 qnod
1301 4982 1474 5057 postquam
1494 4980 1689 5056 praedictum
1713 4980 1871 5056 recepisti
1897 4990 1982 5040 mau-

1199 5079 1322 5150 datum,
1350 5079 1392 5138 ad
1420 5078 1704 5140 consecrationem
1729 5080 1800 5154 ejus
1816 5076 1982 5154 procedere

1200 5175 1450 5252 praesumpsisti,
1464 5189 1538 5236 cum
1554 5175 1641 5236 scire
1656 5175 1794 5236 deberes
1807 5178 1912 5252 majus
1930 5166 1981 5231 tibi

1200 5289 1395 5333 concessum
1410 5287 1477 5333 non
1488 5287 1572 5342 esse,
1583 5271 1640 5332 ubi
1653 5272 1762 5334 minus
1774 5271 1869 5334 nobis
1883 5279 1984 5332 reser-

1199 5373 1311 5432 vatum
1325 5371 1433 5431 iuerat
1447 5371 1481 5431 et
1505 5369 1566 5431 tibi
1595 5385 1655 5445 per
1667 5385 1873 5446 consequens
1887 5367 1983 5430 inier-

1200 5468 1335 5529 dictum.
1352 5471 1487 5529 Poenam
1500 5470 1612 5528 autem
1630 5481 1788 5528 excessus
1803 5457 1981 5543 hujusmodi

1201 5583 1261 5628 suo
1275 5566 1347 5628 loco
1367 5570 1400 5628 et
1413 5565 1555 5642 tempori
1570 5565 1792 5636 reservantes,
1815 5578 1874 5642 per
1886 5567 1982 5638 Apos-
