4262 6382
357 337 417 396 683
974 339 1149 400 HONORII
1172 339 1217 400 lii
1239 343 1387 402 OPERA.
1940 340 2005 399 084

357 497 482 558 neraiis
496 497 705 574 interpretes,
723 497 763 556 de
780 497 955 559 novalibus
968 500 1041 576 post
1063 499 1150 559 idem
1205 500 1319 576 aliqui,
1337 500 1532 562 aemulantes
1547 499 1749 562 charismata
1764 499 1915 569 meliora,
1932 515 2006 560 mo-

357 595 540 655 concilium
556 594 759 671 acquisitlsa
774 593 868 655 robis
884 595 1150 657 intenduntdeci-
1205 599 1351 658 nasleria
1377 596 1480 660 vestri
1503 597 1630 658 ordinis
1652 596 1768 658 volunt
1789 612 1890 656 causa
1915 595 2005 657 reli·

358 705 428 752 mas
444 693 653 768 extorquere,
671 708 713 752 ne
728 691 891 767 superbis
906 709 966 754 vos
981 693 1150 768 contingat
1204 693 1312 768 gionis
1338 695 1474 765 intrare,
1496 695 1531 755 ut
1549 693 1596 754 ibi
1618 693 1756 754 Domino
1780 692 2001 764 famulentur,

357 787 504 849 indebita
521 788 754 849 molestatione
768 789 896 861 urexari,
914 805 973 851 nos
989 790 1150 865 interpre-
1204 790 1368 866 capellani
1391 806 1516 861 eorum,
1537 790 1641 850 donec
1660 789 1701 850 ab
1718 790 1798 866 ipsis
1820 789 2004 866 pecuniam

354 886 515 948 tationem
542 885 673 947 illorum
696 885 880 948 intellectui
904 886 1149 947 constitutionis
1204 903 1276 963 quae
1290 888 1508 949 mortuarium
1525 890 1748 964 nuncupatur,
1764 888 2001 964 extorqueant,

356 983 505 1058 praedicti
521 983 661 1044 concilii
676 999 775 1058 super
792 983 1068 1044 cisterciensibus
1091 983 1150 1043 de·
1203 985 1302 1060 prout
1315 999 1335 1044 a
1350 983 1562 1060 parochianis
1577 985 1648 1044 suis
1665 983 1901 1046 decedentibus
1911 1000 2002 1044 eon-

357 1078 561 1140 cimiseditae
577 1081 757 1140 asserimus
774 1080 993 1156 peregrinam.
1025 1082 1061 1139 ln
1075 1079 1147 1156 ipsa
1203 1081 1383 1140 sueverunt
1401 1080 1564 1156 accipere,
1588 1080 1657 1140 iliis
1681 1081 1805 1142 tamem
1828 1095 1864 1141 se
1889 1095 2002 1155 oppo-

357 1176 488 1252 quidem
505 1191 661 1252 expresse
674 1179 810 1237 cavetur
823 1179 858 1238 ut
869 1176 908 1237 de
919 1176 1148 1237 alienisterris
1171 1173 1179 1188 ’
1203 1177 1296 1236 nunt.
1324 1176 1479 1238 Volentes
1503 1178 1606 1253 igitur
1636 1176 1775 1238 abusum
1800 1176 2001 1253 corruptele

356 1273 388 1333 et
403 1273 520 1333 amodo
536 1273 759 1351 acquirendis
776 1275 803 1334 si
819 1287 876 1334 eas
890 1274 1033 1350 propriis
1046 1273 1149 1334 mani·
1203 1272 1392 1350 huJusmodi
1411 1273 1549 1346 aboleri,
1570 1275 1768 1336 auctoritate
1786 1273 1879 1336 robis
1906 1289 2000 1352 prae-

355 1367 418 1428 bus
433 1370 490 1431 aut
510 1369 693 1446 sumptibus
716 1371 896 1442 colueritis
911 1371 1056 1431 decimas
1071 1386 1149 1447 per·
1203 1371 1346 1431 sentium
1361 1371 1572 1446 indulgemus
1591 1373 1637 1442 ut,
1655 1371 1905 1448 capellanorum
1919 1386 2001 1432 con·

356 1466 493 1527 solvatis
505 1467 656 1527 ecclesiis
669 1467 787 1544 quibus
803 1467 931 1529 ratione
947 1467 1148 1544 praediorum
1202 1467 1400 1529 tradictione
1413 1467 1603 1544 hujusmodi
1617 1483 1683 1528 non
1699 1467 1862 1540 obstante,
1871 1467 1999 1529 liberas

355 1563 452 1625 antea
465 1563 678 1625 solvebantur
694 1587 701 1624 ε
716 1566 815 1636 unde,
831 1565 860 1625 si
878 1565 919 1624 ad
935 1565 1148 1642 praepositum
1201 1580 1364 1640 personas
1377 1565 1417 1626 ad
1431 1581 1489 1627 vos
1505 1566 1627 1628 saeculo
1640 1564 1807 1641 fugientes
1821 1565 1928 1626 libere
1942 1581 1999 1626 re-
2080 1565 2081 1580 ²

354 1661 681 1722 aciemdiscretionis
694 1661 922 1749 extenderent,
938 1663 1149 1722 advertentes
1203 1663 1315 1746 cipere
1328 1662 1478 1726 valeatis.
1498 1663 1589 1725 Nulli
1603 1677 1693 1739 ergo,
1711 1663 1773 1724 eta
1798 1664 1915 1724 Datum
1931 1664 1998 1723 La·

283 1787 292 1804 2
355 1757 1148 1838 nihilominusdequibusnovalibusapostolicae
1203 1759 1322 1830 terani,
1343 1762 1387 1821 IV
1411 1775 1517 1822 nonas
1538 1757 1628 1838 julii,
1652 1759 1865 1836 pontificatus
1890 1760 1998 1822 nostri
2080 1769 2081 1818 1

355 1855 449 1915 Sedis
463 1855 629 1930 intelligat
648 1855 887 1931 indulgentiam
903 1871 1004 1932 super
1023 1855 1148 1916 talibus
1202 1872 1292 1917 anno
1307 1859 1435 1920 octavu.

357 1953 420 2028 piis
433 1953 516 2013 lucis
540 1967 746 2020 concessam,
764 1967 829 2013 non
846 1953 895 2013 sic
910 1953 999 2013 circa
1014 1953 1148 2014 novalia

355 2063 451 2110 novae
465 2049 749 2124 interpretationis
761 2048 905 2110 ludibrio
920 2049 1055 2124 ingenia
1071 2049 1149 2110 iati-

356 2147 483 2221 garent.
506 2145 695 2207 inhibemus
719 2147 822 2222 igitur
844 2148 1043 2208 auctoritate
1061 2163 1149 2223 prae-

355 2241 508 2314 sentium,
526 2247 562 2304 ut
577 2243 687 2304 nullus
707 2243 848 2316 arabis,
875 2245 915 2305 de
936 2243 1110 2306 novalibus
1128 2259 1147 2304 a

355 2338 503 2415 tempore
525 2339 665 2400 concilii
680 2341 822 2401 excultis
840 2341 891 2402 vel
921 2341 955 2402 in
980 2343 1147 2418 posterum

355 2437 498 2513 propriis
511 2437 662 2498 manibus
675 2440 733 2498 aut
746 2437 929 2514 sumptibus
943 2438 1145 2506 excolendis,

356 2533 500 2594 decimas
520 2533 655 2611 exigere
670 2534 722 2596 vel
741 2538 939 2614 extorquere
954 2536 1143 2612 praesumat.

357 2631 450 2690 Nulli
478 2645 556 2706 ergo
584 2632 718 2692 omnino
740 2632 910 2693 hominum
933 2632 1033 2692 liceat
1061 2631 1146 2692 banc

356 2717 522 2803 paginam,
549 2729 610 2789 etc.
637 2731 755 2791 Datum
783 2728 949 2800 Laterani,
973 2729 1018 2788 ili
1040 2743 1146 2789 nonas

352 2824 440 2909 julii,
456 2825 665 2902 pontificatus
678 2825 784 2886 nostri
799 2841 886 2886 anno
898 2827 1025 2887 octavu.

680 3067 815 3153 cciii

379 3227 431 3293 Ad
445 3225 598 3286 abbatem
614 3227 875 3288 cisterciensem
891 3227 924 3288 et
940 3228 1121 3288 resalvamus

657 3324 843 3384 coabbates.

660 3462 750 3535 iiuiii
766 3461 844 3520 1224.

386 3583 491 3647 [Nerlet,
503 3584 644 3634 Cartulaire
652 3585 683 3634 de
694 3583 811 3649 l’abbape
824 3585 869 3635 des
880 3585 952 3636 Vaax
965 3585 996 3635 de
1006 3585 1115 3652 cernay,

1522 2121 1676 2208 GGLIII

1222 2283 1274 2342 Ad
1288 2284 1489 2351 deroldum,
1506 2284 1766 2343 Narbonensem
1779 2285 1980 2356 archiepisc.

1499 2419 1697 2494 iijuliiitti.

1202 2553 1336 2618 [bouquet
1347 2554 1456 2606 lieedes
1466 2554 1538 2612 illst,
1550 2554 1617 2610 iiix,
1633 2569 1659 2620 p.
1674 2554 1733 2614 Ὶῦδς
1751 2555 1861 2620 liegest..
1869 2553 1918 2604 lib.
1929 2555 1993 2611 l'lll,
2080 2589 2081 2638 ἒ

1519 2633 1593 2698 epist.
1607 2635 1675 2696 citt]
2080 2639 2081 2670 i

1202 2737 1391 2798 Raimundum
1412 2741 1474 2808 vn,
1492 2739 1581 2798 illium
1595 2739 1728 2796 tolosani
1743 2739 1887 2811 quandam
1901 2741 1992 2797 corni-
2080 2769 2081 2814 3

1236 2827 1281 2896 tis,
1299 2825 1530 2902 archiepiscopus
1556 2829 1693 2886 instanter
1712 2828 1828 2886 inducat
1850 2829 1888 2885 ad
1911 2829 1991 2886 resti·

1236 2915 1382 2984 tuendum,
1401 2915 1519 2988 jubente
1534 2917 1670 2980 Honorio,
1687 2917 1886 2990 hlagalonensi
1901 2918 1990 2974 eccle·

1235 3003 1285 3061 siae
1299 3011 1425 3061 castrum
1441 3003 1581 3077 helgerii,
1602 3002 1677 3077 quod
1690 3004 1736 3062 ille
1753 3005 1848 3078 inique
1870 3021 1991 3078 occupa·

1235 3099 1324 3150 verat.

1239 3229 1406 3292 Honorius
1434 3228 1659 3304 episcopus...,
1675 3217 1874 3291 'venerabili
1894 3229 1989 3292 fratri

1200 3325 1450 3401 archiepiscopo
1465 3324 1686 3398 Narbonensi,
1699 3327 1851 3398 salutem,
1866 3327 1929 3389 etc.

1240 3423 1340 3496 Angit
1354 3437 1414 3482 nos
1435 3421 1653 3484 communiter
1667 3425 1814 3486 omnium
1826 3423 1990 3486 ecclesia-

1199 3536 1273 3580 rum
1289 3520 1474 3582 Provinciae
1488 3521 1673 3582 communis
1687 3520 1845 3596 efflictim
1865 3521 1922 3582 sad
1938 3522 1993 3584 in-

1200 3618 1250 3678 ter
1270 3631 1327 3678 eas
1353 3617 1602 3692 magalonensis
1624 3618 1765 3679 ecclesia
1787 3634 1902 3680 curam
1926 3635 1991 3680 non

1198 3713 1333 3790 indigue
1346 3714 1409 3776 sibi
1420 3713 1568 3776 vindicat
1577 3715 1768 3791 specialem,
1782 3717 1894 3780 castro
1908 3717 1993 3778 hiel-

354 3791 395 3849 De
416 3790 621 3847 consuetudine
635 3789 847 3863 capellanorum
860 3791 908 3862 qui
927 3791 1112 3847 mortuarium
1128 3807 1143 3848 a
1198 3812 1295 3887 gorii,
1311 3811 1397 3888 quod
1413 3811 1454 3873 ab
1467 3812 1656 3888 Apostoli&
1670 3812 1754 3874 Sede
1769 3813 1859 3876 ponet
1867 3814 1904 3876 in
1919 3813 1993 3876 feu„

612 3672 632 3716 t.
646 3666 666 3724 1,
678 3679 704 3730 p.
715 3665 770 3723 aas,
782 3680 807 3715 n.
821 3663 888 3730 aas]

388 3880 518 3951 personis
546 3879 720 3936 monasteria
746 3878 853 3936 ordinis

465 3968 471 3980 .
580 3969 584 3980 ,
880 3879 1075 3938 Cis²⁹f⁰¹³¹¹⁸i⁸
1098 3879 1142 3936 ¹¹¹·
1198 3907 1286 3978 dum,
1304 3907 1439 3984 indigne
1452 3907 1604 3984 spoliata.
1618 3910 1791 3970 Menenius
1806 3910 1909 3985 igitur
1922 3910 1992 3972 ira-

388 3967 527 4025 trauubus
540 3975 670 4040 exigunt,

1198 4003 1386 4064 ternitatem
1400 4005 1490 4066 tuam
1506 4006 1643 4077 attente,
1666 4007 1699 4066 et
1722 4021 1782 4081 per
1801 4005 1992 4082 apostolica

391 4103 1142 4180 Honoriusepiscopus,servasservorumbei,
1199 4099 1257 4162 tibi
1282 4101 1417 4177 scripta,
1448 4100 1588 4162 tirmiter
1610 4101 1824 4178 injungendo,
1853 4103 1992 4164 manda-

352 4199 481 4261 dilectis
504 4201 619 4261 tiliis...
642 4198 753 4260 abbati
774 4199 987 4261 cisterciensi
1008 4201 1042 4261 et
1062 4199 1143 4260 uni·
1197 4214 1282 4269 mus,
1299 4200 1461 4276 quatenus
1476 4198 1579 4258 nobili
1594 4198 1666 4258 viro
1687 4197 1901 4278 R(aimundo)
1922 4199 1990 4260 lilio

351 4296 458 4356 versis
473 4295 686 4358 coabbatibus
701 4299 773 4372 ejus
787 4297 821 4358 et
834 4295 992 4358 iratribus
1006 4295 1068 4358 sub
1085 4311 1144 4358 eo-
1198 4295 1361 4373 quondam
1375 4295 1504 4356 comitis
1520 4294 1688 4368 Tolosani,
1714 4297 1771 4373 qui
1789 4296 1899 4356 castro
1919 4295 1991 4374 ipso

351 4392 426 4453 dem
453 4393 569 4454 ordine
589 4397 657 4454 Deo
684 4392 915 4466 servientibus,
941 4394 1081 4456 salutem
1110 4395 1143 4454 et
1197 4392 1372 4453 ecclesiam
1414 4391 1570 4467 spoliavit
1610 4392 1774 4465 eamdem,
1814 4392 1993 4468 diligenter

350 4489 573 4567 apostolicam
587 4489 862 4552 benedictionem.
1196 4489 1373 4551 ostendeus
1394 4503 1493 4565 quam
1518 4487 1707 4565 specialiter
1734 4489 1800 4550 ista
1823 4505 1884 4550 nos
1910 4491 1990 4552 tan·

391 4589 565 4649 constituti
581 4589 676 4665 juxta
699 4586 836 4649 verbum
859 4585 1039 4664 prophetae,
1063 4588 1142 4651 iicet
1195 4589 1252 4663 gat
1288 4587 1424 4664 injuria,
1462 4586 1626 4658 eumdem,
1657 4589 1694 4647 ut
1733 4588 1878 4648 castrum
1916 4603 1991 4648 cum

350 4685 627 4748 insufficientibus
657 4685 800 4756 meritis,
833 4700 932 4762 super
967 4685 1081 4760 gentes
1110 4687 1142 4747 et
1195 4683 1405 4760 pertinentiis
1430 4683 1500 4743 suis
1533 4682 1683 4744 ecclesiae
1712 4683 1868 4746 restituat
1895 4685 1993 4746 aas

348 4800 452 4860 regna
468 4783 567 4845 oflicii
584 4783 688 4844 nostri
704 4782 850 4844 debitum
872 4783 1029 4843 decenter
1043 4798 1141 4842 exse-
1195 4781 1302 4854 dictae,
1320 4796 1359 4841 ac
1374 4780 1414 4840 de
1427 4779 1558 4840 damnis
1573 4779 1732 4855 irrogatis
1747 4780 1854 4842 eidem
1869 4781 1990 4842 condi-

348 4882 490 4962 quimur,
508 4897 582 4942 cum
600 4881 773 4942 evellimus
797 4877 971 4940 evellenda
992 4879 1024 4940 et
1044 4878 1141 4956 plan·
1194 4893 1293 4954 gnam
1306 4877 1569 4940 satisfactionem
1584 4877 1765 4956 impendat,
1786 4894 1922 4940 moneas
1938 4879 1991 4940 ei-

347 4977 445 5042 tanda
466 4977 663 5054 plantamus,
690 4976 780 5036 recta
804 4975 950 5048 regimus
971 4975 1004 5034 et
1023 4972 1141 5052 dirigi·
1195 4975 1352 5047 tiaaciter,
1366 4976 1399 5037 et
1413 4975 1563 5046 inducas,
1581 4974 1627 5038 ita
1642 4973 1728 5051 quod
1743 4973 1917 5051 diligentia
1932 4979 1991 5038 tua

347 5092 420 5136 mus
435 5075 614 5146 indirecta;
632 5071 845 5148 significastis
861 5071 1022 5149 siquidem
1045 5071 1139 5134 nobis
1194 5072 1320 5134 clareat
1345 5072 1380 5132 in
1409 5071 1540 5144 effectu,
1565 5073 1598 5133 et
1620 5087 1680 5134 nos
1707 5074 1839 5147 gratum
1865 5071 1991 5135 habere

347 5172 433 5252 quod
461 5173 494 5232 in
521 5170 718 5248 quibusdam
755 5165 905 5245 partibus
936 5169 1138 5231 consuetudo
1194 5169 1312 5230 merito
1328 5167 1518 5230 debeamus.
1548 5170 1666 5230 Datum
1686 5169 1991 5242 Laterani,Vidus

347 5267 550 5334 detestabilis
587 5263 734 5337 inolevit,
762 5265 918 5328 videlicet
949 5266 1034 5343 quod
1063 5283 1138 5328 oum
1189 5267 1522 5343 julii,annooctaso.
