4222 6374
161 351 205 414 53

161 509 395 587 appellationis
405 511 587 587 obstaculo,
599 513 634 576 ln
646 514 860 594 prepositum
872 533 953 595 pre·

160 605 282 668 finiatis
308 608 425 670 eidem.
458 611 550 682 Quod
578 612 608 672 si
642 627 709 674 non
735 629 860 687 omnes,
888 617 951 678 etc.
985 599 988 607 ’

160 704 281 766 Datum
314 707 482 783 Laterani,
511 709 587 771 XIV
612 708 773 772 kalendas
802 713 952 788 januarii

161 814 250 864 anno
265 803 371 866 sexto.

507 1033 611 1124 LXV

159 1183 213 1244 Art
229 1182 378 1246 Petrum
395 1186 631 1250 senonensem
645 1189 951 1264 arontepnc'opum.

407 1315 443 1372 19
454 1313 614 1373 decembris
627 1315 705 1374 itti.

310 1435 444 1502 [lionqnet
454 1437 512 1488 Hac.
524 1438 568 1488 des
578 1439 650 1497 bist..
660 1439 730 1502 xix,
738 1439 806 1504 tin]

161 1549 228 1606 Post
242 1564 359 1622 gravem
376 1550 538 1610 christianis
551 1553 579 1610 in
594 1551 664 1612 urbe
676 1554 806 1612 Damiata
821 1569 837 1612 a
853 1554 950 1612 Sarra·

196 1637 420 1696 cenisinilictam
434 1639 554 1716 cladem,
569 1641 721 1710 Honorius,
733 1641 800 1699 dum
817 1643 876 1715 agit
888 1656 952 1699 cum

196 1725 367 1798 imperatore
382 1725 531 1786 Frederico
546 1727 582 1786 de
596 1729 780 1788 instauranda
796 1730 825 1786 in
843 1730 953 1802 Syriam

196 1813 386 1886 expeditione,
402 1817 576 1874 senonensis
599 1818 751 1890 provincie
770 1824 854 1890 rogat
876 1819 950 1890 epis-

196 1915 294 1974 copos,
316 1910 347 1959 ut
368 1905 506 1960 acerrime
529 1903 677 1962 hortentur
697 1905 818 1978 populos
835 1904 870 1962 ad
889 1920 953 1962 eam

196 1996 325 2062 tempore
339 1996 446 2048 statuto
459 1992 682 2065 suscipiendam.

201 2124 368 2185 Honorius
383 2126 607 2204 episcopus...
624 2126 871 2189 venerabilibus
890 2127 954 2188 lra-

160 2219 266 2282 tribus
285 2221 535 2300 archiepiscopo
556 2224 752 2297 Senonensi,
773 2225 806 2286 et
826 2223 952 2284 suffra-

159 2317 276 2392 ganeis
292 2319 374 2395 ejus,
392 2319 544 2392 salntem,
559 2319 621 2382 etc.

200 2413 304 2486 Licet,
331 2415 480 2491 graviter
514 2408 702 2479 conturbati
735 2433 837 2495 super
858 2417 954 2494 gravi

160 2511 952 2594 casuquiacciditinpartibustransmarinistl),

160 2605 386 2669 distulerimus
423 2609 585 2671 hactenns
626 2626 726 2688 super
760 2611 823 2674 hoc
857 2611 952 2673 vobis

160 2703 284 2780 scripta
298 2706 412 2766 nostra
430 2706 585 2783 dirigere,
601 2723 666 2768 non
683 2710 794 2770 tamen
809 2708 953 2769 credatis

160 2816 221 2862 nos
236 2801 416 2865 dormitare
431 2819 531 2881 snper
550 2805 622 2880 ipso
638 2806 771 2881 negotio
785 2805 838 2868 vel
854 2805 953 2867 etiarn

159 2897 294 2960 interim
305 2899 514 2962 dormitasse.
528 2902 714 2974 Quinimmo
726 2902 847 2982 quanto
856 2917 953 2964 casus

159 2996 211 3057 est
221 2996 366 3072 gravior,
380 2999 473 3060 tanto
492 2999 610 3060 fortius
625 3015 700 3061 oum
711 3001 770 3060 Dei
788 2999 953 3077 adjutorio

160 3107 299 3168 surgere
321 3094 438 3156 fortius
459 3097 657 3172 satagentes,
681 3097 722 3158 ad
745 3097 953 3158 carissimum

159 3187 196 3250 in
211 3189 341 3252 Christo
352 3191 457 3253 lilium
471 3195 620 3255 nostrum
631 3191 871 3276 F[redericum]
887 3195 954 3256 Ro-

159 3301 334 3349 manorum
359 3289 592 3366 imperatorem
619 3305 749 3367 semper
778 3291 953 3366 augustum

160 3384 195 3446 et
207 3399 319 3461 regem
336 3385 470 3459 Siciliae,
485 3387 709 3448 venerabilem
725 3385 861 3450 fratrem
875 3403 954 3449 nos-

160 3483 249 3544 trum
272 3485 301 3545 N
307 3481 476 3564 [incisum]
507 3484 699 3562 episcopum
731 3484 953 3546 Tusculanum

160 3580 295 3658 propter
306 3579 369 3641 hoo
384 3580 575 3642 curavimus
589 3579 768 3654 destinare,
784 3580 953 3643 studentes

160 3677 311 3739 eumdem
351 3675 585 3754 imperatorem
630 3677 673 3738 ad
715 3678 953 3740 relevationem

160 3773 460 3849 casusbujnsmodi
479 3775 547 3836 tam
567 3773 689 3836 litteris
711 3775 834 3836 nostris
856 3790 953 3853 quam

159 3872 236 3932 viva
254 3885 337 3933 voce
355 3871 463 3949 ipsius
482 3871 629 3948 episcopi
650 3871 812 3933 animare.
836 3871 899 3932 Sed
921 3872 955 3933 et

159 3967 232 4044 ipse
252 3968 445 4044 imperator,
469 3955 595 4044 sphttu
616 3967 729 4030 divino
752 3969 951 4046 praeventus,

159 4057 337 4139 antequam
355 4063 396 4126 ad
416 4079 491 4126 eum
506 4063 665 4151 praelatus
687 4063 862 4142 episcopus
876 4078 955 4140 per-

159 4160 316 4233 venisset,
343 4162 478 4238 propter
502 4161 565 4223 hoc
588 4161 676 4222 idem
703 4160 871 4238 negotium
894 4177 953 4221 so-

159 4256 287 4318 lemnes
321 4259 361 4319 ad
390 4259 602 4336 praesentiam
638 4259 787 4321 nostram
819 4259 953 4321 nuntios

160 4353 350 4428 destinavit,
364 4357 432 4418 tam
449 4355 570 4417 litteris
586 4357 655 4417 suis
669 4371 768 4434 qnam
780 4357 857 4418 viva
873 4370 954 4418 voce

159 4451 309 4528 ipsorum
328 4447 522 4516 nuntiorum
544 4451 638 4513 nobis
661 4452 848 4526 insinuans,
869 4451 954 4531 quod

160 4550 233 4625 ejns
245 4550 295 4610 est
309 4548 511 4612 desiderium
526 4551 560 4612 et
579 4550 784 4626 propositum
798 4548 886 4611 benc
900 4550 955 4610 in-

155 4646 280 4723 juriam
296 4647 418 4709 Christi
440 4648 474 4709 et
492 4647 606 4726 populi
627 4643 814 4719 christiani,
840 4647 870 4708 sl
892 4646 954 4709 de·

196 4820 237 4893 (l)
259 4821 427 4882 Christianis
435 4821 548 4880 ¹scilicet
562 4821 599 4880 ad
617 4821 790 4880 deditionem
805 4821 883 4880 urbis
896 4823 952 4881 Da·

160 4893 255 4950 mlatae
270 4893 386 4960 coactis,
402 4908 478 4950 anno
493 4894 572 4960 1111,
589 4907 690 4952 mense
705 4892 869 4966 septembri.

196 4961 236 5035 (1)
253 4964 387 5036 Sequenti
403 4978 478 5020 anno
489 4965 568 5035 lttt,
581 4964 761 5022 Fredericum
774 4979 809 5021 eo
819 4964 887 5022 den
927 4977 956 5019 o·

160 5032 202 5089 tio
222 5048 287 5090 cum
308 5035 433 5092 Honorio
453 5034 587 5092 habuisse
608 5035 779 5105 colloquium
803 5033 887 5091 tradit
930 5035 953 5091 i·

160 5103 284 5161 cbardus
300 5103 335 5161 de
358 5105 463 5162 Sancto
482 5106 633 5174 Germano,
658 5104 733 5176 apud
756 5105 953 5174 biuratorium,

160 5181 179 5232 l.
192 5177 255 5243 vii,
267 5177 373 5232 Herum
380 5177 458 5238 ilci..
471 5176 525 5234 col.
538 5177 600 5244 915,
613 5175 658 5232 his
667 5175 763 5232 verbis
775 5193 804 5232 :t
818 5177 953 5242 loannes,

159 5259 209 5302 rex
228 5245 498 5318 Hierosolymorum,
516 5247 563 5318 qui
582 5245 762 5317 postmodum
779 5245 815 5302 de
831 5246 886 5302 lilia
903 5260 954 5302 sua

159 5330 223 5372 cum
236 5316 407 5387 imperatore
415 5317 687 5385 contraxlt‚veniens
695 5317 723 5372 in
733 5315 859 5388 partibus
867 5323 956 5372 trans·

160 5386 278 5442 marinis
292 5401 357 5443 cum
373 5387 510 5460 magistro
523 5387 678 5458 Hospitalis
693 5381 954 5458 Hierosolymiteni,

160 5457 280 5514 Romam
303 5456 410 5514 vadunt
432 5457 469 5514 ad
497 5457 652 5514 Honorium
676 5459 793 5528 Papam,
818 5458 866 5528 qui
888 5464 956 5513 tunc

160 5525 841 5670 nutriremur,enarrantis
859 5525 954 5654 aiiii

160 5667 227 5726 indo
242 5667 277 5725 ad
293 5669 427 5728 Sanctum
443 5670 625 5740 Germanum,
647 5669 695 5727 nbi
709 5665 770 5726 iieri
783 5681 848 5726 cum
861 5667 953 5726 cardi·

777 353 1005 422 EPISTOLAE.
1028 357 1106 422 nin.
1128 359 1184 424 VI.

1743 433 1746 438 1
1760 359 1803 420 51

1009 535 1109 598 snper
1122 519 1235 582 datum
1250 517 1362 594 luerit,
1374 507 1556 593 vindicare,
1571 531 1676 597 snper
1685 515 1749 582 hoc
1764 533 1803 582 se

1008 617 1143 682 omnino
1161 616 1369 695 beneplacito
1387 617 1508 680 nostre
1531 615 1714 680 voluntatis
1733 629 1799 680 ex·

1007 729 1136 790 ponens
1153 712 1213 793 (2).

1049 811 1131 883 Quia
1149 811 1251 887 igilur
1265 825 1326 887 per
1342 810 1472 872 mutuos
1488 811 1629 873 nuncios
1648 811 1682 874 et
1700 811 1800 873 etlam

1008 923 1067 985 per
1088 909 1300 986 colloquium,
1328 908 1358 970 si
1381 907 1551 969 commode
1576 907 1649 970 deri
1678 899 1802 985 poterit

1008 1019 1083 1066 cum
1103 1005 1177 1082 ipso
1200 1005 1400 1083 imperatore
1420 1003 1618 1077 babendum,
1644 1005 1803 1066 ordinere

1008 1101 1189 1178 satagimus
1201 1103 1269 1164 tam
1282 1103 1323 1164 de
1335 1101 1481 1180 passagii
1492 1102 1634 1163 termino
1647 1101 1803 1178 quamde

1007 1199 1084 1260 aliis
1099 1217 1172 1278 quae
1187 1197 1264 1273 sunt
1280 1199 1369 1261 circa
1384 1201 1513 1262 tantum
1525 1199 1694 1275 negotium
1709 1197 1801 1260 ordi-

1007 1295 1117 1358 nanda
1139 1312 1282 1374 moxque
1302 1297 1455 1358 ordinata
1477 1295 1612 1368 marini,
1636 1293 1802 1371 signilioa·
1898 1320 1899 1331 ¹

1006 1393 1074 1454 turi
1085 1393 1380 1466 christifidelibus,
1391 1395 1489 1456 eteos
1500 1391 1800 1456 adsubrentionena

1007 1491 1143 1566 negotii,
1160 1506 1220 1567 pro
1241 1493 1277 1552 ut
1296 1491 1452 1567 expedire
1468 1489 1664 1561 videbimus,
1685 1487 1803 1550 horta-

1007 1587 1085 1660 turi,
1098 1585 1339 1650 fraternitatem
1350 1588 1495 1649 vestram
1507 1601 1665 1663 rogamus
1679 1587 1712 1648 et
1723 1585 1802 1646 hor·

1007 1684 1118 1745 tamur
1144 1683 1178 1744 in
1202 1685 1354 1756 Domino,
1392 1699 1452 1760 per
1484 1683 1674 1760 Apostolica
1706 1681 1801 1744 vobis

1009 1781 1133 1858 scripta
1154 1780 1360 1852 mandantes,
1383 1781 1544 1857 quatenus
1568 1766 1702 1840 interim
1725 1773 1804 1840 sin-'

1008 1877 1078 1953 guli
1095 1877 1288 1939 commissos
1303 1876 1397 1938 vobis
1412 1876 1550 1954 populos
1565 1876 1606 1938 ad
1624 1874 1658 1936 id
1674 1877 1801 1937 sedulis

1008 1973 1295 2037 exhortationihus
1332 1974 1497 2046 animetis,
1538 1975 1574 2036 ut
1610 1973 1802 2036 exhortatio

1008 2073 1122 2133 nostra
1135 2087 1192 2132 eos
1203 2070 1295 2133 tanto
1305 2071 1490 2148 paratiores
1501 2069 1661 2144 inveniat,
1676 2069 1804 2147 quanto

1007 2169 1118 2232 vestra
1138 2167 1263 2230 inerint
1285 2167 1515 2230 exhortatione
1539 2168 1710 2246 praeventi.
1735 2169 1803 2228 Da-

1007 2265 1078 2326 tum
1093 2265 1262 2339 Laterani,
1277 2267 1322 2326 lll
1334 2265 1401 2328 kal.
1416 2265 1578 2342 januarii,
1593 2279 1681 2326 anno
1693 2264 1803 2352 sexto,

1343 2577 1467 2668 LXVI

1009 2730 1500 2804 nonencornnmepncopnm
1511 2729 1800 2792 Lemoctconsenn

1255 2859 1291 2916 20
1302 2817 1460 2915 decembris
1473 2858 1553 2916 ital.

1296 2981 1433 3045 [bouquet
1447 2979 1515 3042 tlt]

1008 3097 1219 3158 Matrimonium
1237 3094 1312 3170 quod
1330 3094 1573 3156 olimltainaldus
1591 3095 1753 3154 vicecomes
1765 3095 1803 3156 da

1042 3185 1200 3247 Albuconio
1221 3200 1286 3242 cum
1306 3185 1466 3258 llargareta
1486 3181 1573 3240 nobili
1592 3184 1711 3243 muliere
1730 3199 1800 3242 eon-

1043 3280 1176 3342 traxerat‚
1190 3280 1305 3347 propter
1316 3271 1596 3346 consanguinitatem
1607 3273 1750 3330 Honorius
1763 3272 1801 3353 ir·

1043 3363 1128 3422 ritum
1143 3362 1322 3434 pronunciat.

1047 3487 1215 3552 Honorius
1254 3485 1440 3564 episcopus,
1480 3483 1683 3550 venerabili.
1706 3483 1804 3550 tratri

1008 3587 1162 3662 episcopo
1185 3583 1427 3656 Lemovicensi,
1451 3583 1594 3648 salntem
1613 3583 1648 3646 et
1663 3583 1802 3660 aposto·-

1008 3683 1107 3746 licam
1121 3681 1395 3744 benedictionem.

1048 3781 1165 3842 Coram
1177 3777 1297 3842 dilecto
1307 3774 1488 3854 nitente),
1499 3776 1596 3844 titulo
1605 3775 1804 3838 Sanctorum
1923 3849 1926 3858 ¹

1008 3875 1170 3940 lobannis
1185 3874 1327 3940 etPanli
1336 3874 1528 3950 presbytero
1538 3871 1713 3944 cardinali,
1724 3871 1804 3933 tuno

1008 3971 1205 4050 Apostolicee
1221 3971 1315 4032 Sedis
1330 3970 1451 4045 legato,
1470 3972 1508 4033 Α.
1525 3969 1631 4030 milite
1644 3968 1685 4030 de
1698 3967 1803 4032 amu-
1909 4020 1913 4028 ,

1009 4069 1104 4132 conio
1131 4067 1308 4130 accusante
1335 4066 1583 4128 matrimonium
1612 4065 1698 4143 quod
1723 4065 1804 4126 olim

1008 4165 1129 4229 nobilis
1144 4163 1196 4226 vir
1210 4160 1432 4242 Riainaldusi
1450 4163 1634 4225 vicecomes
1654 4161 1803 4238 ejusdem

1008 4262 1074 4324 loci
1095 4275 1170 4326 cum
1191 4259 1294 4325 nobili
1315 4259 1455 4322 muliere
1476 4256 1693 4338 margareta]
1718 4259 1804 4320 dioe-

1010 4358 1096 4422 cesis
1120 4359 1186 4423 tuee
1208 4356 1384 4428 contraxit,
1413 4355 1453 4418 de
1486 4371 1551 4433 qua
1576 4359 1647 4434 jam
1677 4357 1804 4432 prolem

1010 4455 1203 4532 susceperat
1233 4469 1307 4516 oum
1343 4450 1538 4529 aliquandiu
1567 4452 1801 4525 cohabitasset,

1009 4552 1096 4614 idern
1114 4549 1293 4639 cardinalis
1314 4551 1386 4628 ipse
1407 4549 1518 4612 abbati
1538 4549 1651 4612 Sancti
1671 4549 1806 4612 Genesil

1011 4651 1043 4712 ct
1061 4648 1186 4710 decano
1210 4647 1473 4709 Glaromontensi
1493 4646 1658 4708 commisit
1680 4647 1803 4723 hujus-

1010 4823 1122 4880 nalibus
1140 4821 1312 4906 colloquium
1334 4820 1512 4894 sperabatur,
1535 4835 1622 4893 quum
1641 4821 1702 4893 ipse
1724 4821 1802 4892 Papa

1031 4893 1323 4966 ropterinilrmrtatem
1332 4893 1473 4964 colloquio
1481 4892 1684 4948 interessenon
1694 4897 1801 4962 posset.

1010 4909 1088 5021 tunc
1099 4970 1205 5020 tractus
1221 4977 1235 5020 a
1249 4961 1441 5020 cardinalibus
1451 4969 1494 5018 est
1506 4962 1535 5018 in
1548 4961 1733 5032 Campaniam
1747 4961 1800 5016 im·

1010 5042 1134 5107 perator,
1151 5032 1199 5090 ubi
1216 5035 1312 5097 etiam,
1330 5031 1443 5090 hortatu
1458 5031 1537 5103 regis
1556 5030 1806 5103 Hierosolymitani

1010 5111 1037 5161 et
1053 5119 1098 5161 ma
1123 5103 1183 5160 istri
1198 5103 1364 5175 Hospitalis,
1378 5117 1410 5158 se
1424 5101 1568 5157 commisit
1586 5101 1647 5172 ipse
1662 5102 1751 5174 Papa,
1764 5107 1804 5171 et,

1010 5174 1083 5248 apud
1101 5119 1412 5232 {arentinnmbabens
1429 5185 1502 5228 oum.
1520 5172 1692 5242 imperatore
1715 5172 1803 5229 collo·

1030 5246 1107 5302 nium
1130 5245 1260 5316 promisit
1283 5243 1394 5316 publice
1424 5256 1515 5313 usque
1545 5241 1581 5298 ad
1605 5241 1751 5298 biennium
1775 5242 1804 5298 in

1009 5261 1103 5372 gerrae
1114 5317 1225 5373 Sancte
1235 5312 1392 5371 subsidium
1401 5311 1592 5381 transfretare,
1604 5320 1632 5369 et
1640 5313 1727 5370 liliam
1739 5311 1806 5369 dicti

1010 5387 1088 5458 regis
1102 5385 1207 5444 ducere
1218 5386 1246 5440 in
1260 5398 1376 5441 uxorem
1387 5382 1503 5456 juravit.
1520 5405 1531 5433 »

1046 5457 1087 5528 (3)
1104 5454 1270 5523 Bertrando,
1290 5454 1338 5525 qui
1360 5454 1388 5509 in
1404 5451 1587 5510 Narbonensi
1603 5452 1748 5525 provincia
1763 5451 1804 5508 le·

1009 5527 1134 5601 gationis
1153 5524 1248 5583 oiiicio
1267 5523 1380 5582 iunctus
1398 5532 1459 5582 erat
1474 5525 1510 5582 ab
1529 5538 1605 5580 anno
1627 5524 1697 5580 1111
1714 5536 1806 5594 usque
1888 5549 1895 5560 ·

1011 5598 1046 5656 ad
1063 5598 1140 5656 1119.
