4244 6374
344 221 469 302 slr‘

345 414 458 464 sorum
484 400 575 464 stans
604 402 828 470 matrimonio,
855 405 888 466 et
910 401 1138 464 laborantibus

345 497 386 558 ad
410 513 525 558 eorum
554 497 745 570 divortium,
770 498 936 576 intrepide
960 499 995 560 in
1019 497 1138 560 faciem

344 595 546 667 eorumdem,
566 597 707 672 justitias
726 613 839 658 amore
858 599 1030 660 resistens.
1055 598 1138 669 Quia

342 707 422 754 vero
436 693 524 754 idern
547 695 583 752 B.
605 709 665 754 rex
687 708 822 770 gravem
843 711 902 771 pro
926 695 1138 756 matrimonio

343 789 415 864 ipse
425 789 689 866 persecutionem
699 791 850 862 sustinet,
860 795 994 854 coactus
1005 793 1139 870 propter

342 884 406 948 hoc
417 886 451 944 in
463 887 586 946 terram
599 887 720 947 nobilis
731 889 808 956 viri,
822 889 915 950 ducis
931 889 1086 960 nustriae,
1102 905 1138 948 se

342 981 542 1058 transferre,
579 982 821 1047 fraternitatem
856 991 947 1046 tuam
982 1000 1139 1060 rogamus

342 1079 377 1140 et
389 1079 561 1140 hortamur
575 1081 711 1152 attente,
736 1083 899 1157 quatenus
921 1083 1014 1144 tuum
1030 1081 1139 1142 adhuc

343 1175 407 1236 sihi
423 1177 612 1248 consilium,
629 1173 838 1239 et'auinIum
852 1181 1010 1255 tanquam
1024 1178 1058 1238 in
1073 1177 1137 1238 ad·

341 1273 500 1334 versitate
525 1274 716 1350 hujusmodi
748 1276 986 1347 necessarium,
1009 1275 1137 1335 libera·

340 1367 418 1430 liter
431 1372 464 1431 et
475 1369 616 1432 libenter
628 1372 799 1448 impendas
814 1373 861 1434 ita
874 1372 959 1448 quud
973 1372 1038 1448 ipsi
1054 1386 1138 1438 cou-

341 1466 410 1528 silii
425 1467 458 1528 et
472 1467 592 1530 auxilii
607 1469 656 1530 tui
679 1485 740 1545 ope
760 1469 896 1533 suffulto
909 1471 984 1546 post
1000 1471 1140 1544 tempes-

341 1564 442 1626 tatem
453 1565 684 1642 tranquillum,
696 1567 894 1628 etserenum
905 1565 1138 1642 postnubilum

342 1661 475 1724 tandem
489 1662 558 1724 ilat.
574 1663 692 1724 Datum
705 1664 873 1734 Laterani,
890 1665 964 1726 VIII
978 1662 1139 1726 kalendas

342 1759 465 1830 martii,
482 1759 694 1836 pontiticatus
709 1760 815 1825 nostri
831 1775 919 1824 anno
935 1761 1064 1823 octauo.

647 2097 840 2188 CXXXIV

437 2235 494 2310 'Ad
507 2249 800 2322 aroltteptacopum
816 2250 1041 2312 colocensem.

603 2377 638 2434 ΙΙ
653 2373 787 2434 lebruarll
804 2375 882 2434 ital.

506 2497 597 2564 [fejer.
608 2499 670 2549 Ccd.
687 2499 806 2564 diplom,
820 2499 863 2558 ΙΙΙ,
876 2499 896 2558 l,
913 2497 981 2563 aaa]

348 2611 456 2670 Eadem
470 2627 557 2672 causa
572 2615 756 2672 &lucensem
773 2616 860 2672 etiam
875 2615 909 2672 Α.
926 2613 1141 2687 episcopocum

516 2701 576 2760 suis
589 2701 783 2776 suffraganeis
794 2703 969 2760 cohortatur,

385 2818 553 2879 Honorius
562 2819 750 2895 episcopus,
759 2835 876 2882 sersus
885 2835 1058 2881 servorum
1067 2819 1139 2890 Dei,

345 2914 596 2992 archiepiscopo
632 2917 820 2988 colocensi,
855 2916 888 2977 et
920 2915 1142 2992 suffraganeis

347 3014 430 3087 ejus.

387 3109 492 3178 Quum
506 3107 700 3170 carissimus
716 3109 750 3168 in
766 3108 896 3172 Christo
912 3107 1001 3168 filius
1015 3109 1140 3179 noster,

348 3219 411 3264 rex
424 3203 515 3272 Bela,
527 3204 768 3280 primogenitus
782 3205 946 3266 carissimi
961 3205 996 3270 tn
1012 3205 1142 3265 Christo

346 3299 407 3360 lilii
422 3300 529 3361 nostri
543 3301 695 3375 Andreae,
712 3301 801 3378 regis
817 3303 972 3378 Ungariae
988 3301 1141 3373 illustris,

348 3411 483 3472 marem
497 3411 556 3474 pro
569 3410 619 3462 eo,
635 3397 720 3474 quod
735 3413 873 3458 uxorem
886 3413 981 3460 snam
996 3398 1036 3462 ad
1053 3414 1145 3462 man-

348 3493 462 3554 datum
477 3495 626 3555 nostrum
640 3495 775 3571 recepit,
791 3496 1056 3574 prosecutionem
1070 3512 1145 3556 sus-

347 3591 468 3662 tineat,
492 3591 625 3652 coactus
657 3606 699 3652 ex
726 3591 790 3652 hoc
814 3591 849 3653 in
873 3594 997 3654 terram
1023 3592 1144 3653 nobilis

348 3689 425 3760 viri,
443 3687 537 3748 ducis
549 3689 703 3760 Austriae,
718 3703 754 3749 se
769 3689 973 3750 transferre:
988 3689 1146 3750 fraterni-

347 3786 410 3848 tati
430 3785 551 3846 vestrm
576 3800 635 3862 per
653 3785 842 3862 Apostollca
865 3785 988 3864 scripta
1003 3785 1144 3847 manda-

349 3899 434 3954 mus,
447 3883 610 3959 quatenns
624 3882 782 3960 praedicto
795 3883 872 3944 nato
883 3883 972 3958 regis
985 3883 1143 3960 ejusdem,

349 3979 403 4040 cui
439 3979 558 4040 merito
585 3979 739 4040 tenemur
775 3979 908 4052 adesse,
937 3981 1085 4042 vestrum
1114 3979 1145 4040 ei

351 4075 540 4136 exhibendo
561 4073 719 4146 savorem,
733 4076 864 4151 plenius
886 4076 1063 4148 asslstatis,
1080 4089 1147 4136 mo-

963 244 1139 316 Hon'ouu
1161 245 1206 304 ΙΙΙ
1228 244 1376 306 OPERA.

1511 411 1680 496 CXXXV

1304 563 1355 622 Ad
1368 563 1573 636 Leopoidnm
1586 561 1739 622 Auslrtoe
1750 563 1883 622 dacem.

1451 691 1486 748 22
1499 689 1630 748 februarii
1647 690 1725 748 lali.

1355 814 1447 878 [licien
1460 811 1522 863 Cod.
1537 812 1655 876 diplom,
1669 813 1711 871 ΙΙΙ,
1724 814 1743 871 Ι,
1757 812 1824 878 tlh]

1194 937 1367 1011 Leopoldum
1382 939 1503 996 Austris
1513 937 1626 1004 ducem,
1638 937 1712 1008 quod
1725 937 1820 995 Belem
1834 937 1997 1012 profugum
2097 897 2098 916 ἶ

1445 1025 1613 1096 susceperit,
1629 1023 1735 1084 laudat.

1232 1143 1413 1216 Honorius
1429 1146 1491 1206 etc.

1232 1243 1448 1304 Devotionem
1464 1243 1553 1302 tuam
1567 1241 1602 1302 in
1618 1241 1757 1304 Domino
1772 1241 1996 1304 commenda·

1193 1354 1278 1410 mus,
1308 1339 1394 1415 qnod
1424 1339 1634 1402 carissimum
1663 1339 1697 1400 in
1724 1337 1855 1400 Christo
1885 1338 1995 1401 lilium

1193 1435 1355 1508 nostrum,
1366 1437 1403 1496 B.
1416 1451 1539 1512 regem,
1552 1437 1808 1514 primogenitum
1823 1434 1996 1496 carissimi

1194 1534 1227 1596 in
1244 1532 1375 1594 Christo
1399 1532 1460 1594 illii
1482 1533 1600 1604 nostri,
1614 1533 1703 1610 regls
1719 1534 1877 1608 Ungarlae
1891 1533 1996 1593 illus·

1193 1627 1266 1702 tris,
1280 1630 1337 1707 qui
1351 1645 1487 1706 marem
1505 1645 1564 1706 pro
1582 1646 1622 1692 eo
1637 1629 1723 1707 quod
1740 1645 1878 1690 uxorem
1894 1645 1995 1690 snam

1194 1727 1234 1787 ad
1248 1728 1397 1788 nostrum
1418 1726 1609 1788 mandatum
1628 1725 1765 1802 recepit,
1783 1727 1997 1804 persecutio-

1195 1841 1269 1886 nem
1286 1825 1420 1902 patitnr,
1442 1825 1474 1885 et
1493 1823 1534 1884 ad
1553 1825 1586 1885 te
1611 1826 1746 1901 propter
1768 1823 1832 1886 hoc
1855 1823 1996 1884 coactns

1195 1923 1246 1983 est
1269 1922 1407 1998 insuper
1430 1937 1466 1982 se
1489 1919 1682 1994 transferre,
1706 1921 1773 1984 tam
1792 1919 1936 1996 benigne
1961 1923 1997 1982 et

1195 2019 1332 2079 honeste
1357 2017 1553 2116 pertractas,
1587 2019 1644 2080 tuo
1676 2034 1751 2078 eum
1784 2017 1926 2079 consilio
1961 2019 1997 2080 et
2097 2029 2098 2050 ¹

1195 2115 1322 2176 auxilio
1350 2113 1540 2176 refovendo.
1571 2115 1663 2177 Licet
1690 2115 1794 2189 igitur
1821 2130 1897 2174 eum
1930 2115 1995 2175 tibi
2097 2103 2098 2122 ¹

1195 2210 1427 2273 commendare
1442 2227 1579 2272 necesse
1592 2227 1657 2272 non
1671 2211 1774 2286 esset3
1788 2211 1867 2287 quia
1878 2211 1995 2272 tamen

1195 2308 1259 2370 sibi
1281 2325 1324 2370 ex
1343 2308 1406 2369 hoc
1421 2309 1538 2373 merito
1551 2308 1669 2369 adesse
1683 2308 1846 2378 tenemur,
1862 2306 1995 2368 nobili-

1195 2409 1297 2468 tatem
1316 2406 1407 2468 tuam
1427 2421 1583 2482 rogamus
1606 2405 1640 2465 et
1663 2405 1837 2467 hortamur
1851 2405 1993 2478 attente,

1196 2505 1358 2580 qnatenus
1371 2503 1405 2562 in
1418 2502 1559 2564 fouendo
1570 2503 1679 2579 ipsum
1689 2502 1788 2564 solita
1803 2503 1994 2564 constantia

1196 2615 1425 2678 perseverans,
1443 2615 1503 2676 pro
1526 2599 1683 2662 Ecclesiae
1708 2603 1866 2664 Romanae
1889 2615 1995 2660 reve-

1196 2698 1303 2758 rentia
1326 2712 1401 2758 eum
1424 2696 1547 2758 habeas
1566 2697 1763 2774 propensius
1779 2697 1997 2757 commenda-

1195 2797 1286 2868 tum;
1309 2793 1356 2854 ita
1378 2792 1464 2869 quod
1488 2793 1523 2854 in
1547 2793 1622 2865 hoc,
1647 2793 1735 2854 sicut
1754 2793 1790 2852 in
1814 2792 1903 2864 aliis,
1925 2795 1996 2854 tuae

1196 2889 1353 2952 bonltatis
1380 2892 1540 2966 appareat
1573 2889 1777 2966 magnitudo,
1808 2889 1841 2951 el
1868 2905 1931 2950 nos
1958 2890 1995 2950 id

1197 2990 1296 3049 etiam
1309 2985 1490 3049 habeamus
1500 2988 1683 3064 acceptum.
1692 2987 1810 3048 Datum
1821 2986 1994 3057 Laterani,

1197 3087 1272 3147 VIII
1300 3083 1462 3145 kalendas
1490 3084 1618 3156 martii,
1646 3083 1859 3162 pontificatus
1885 3085 1997 3146 nostri

1198 3197 1285 3244 anno
1300 3181 1428 3244 octavo.

1500 3466 1692 3554 CXXXVI

1353 3593 1404 3651 Ad
1419 3593 1614 3666 episcopam
1641 3593 1849 3652 Vnotenscm.

1455 3719 1491 3778 22
1513 3719 1647 3778 lebruarIi
1663 3720 1742 3781 last.

1263 3843 1392 3908 [Thalnae
1405 3843 1561 3895 lionnmant.
1585 3843 1733 3906 linngsnits,
1746 3845 1765 3894 l.
1782 3842 1822 3902 lt,
1832 3844 1865 3896 n·
1878 3843 1933 3908 tn]

1201 3967 1325 4038 biandat,
1339 3973 1369 4026 ut
1380 3967 1456 4025 Belca
1469 3968 1532 4041 regi
1544 3967 1664 4025 consilio
1683 3967 1845 4038 auxilioque
1859 3969 2001 4028 assistere

1558 4061 1668 4127 pergat.

349 4171 430 4230 nitIs
463 4169 550 4245 apud
586 4171 715 4245 patrem
742 4171 848 4250 ipsius
872 4173 905 4231 et
934 4169 1145 4232 exhortatio·
1240 4171 1408 4233 Honorius
1418 4171 1727 4248 episcopusservus
1739 4186 1910 4233 servorum
1919 4173 1993 4245 Del,

351 4267 449 4328 nibus
470 4265 673 4337 insistentes,
690 4282 730 4327 ac
745 4267 955 4329 consulentes
976 4267 1094 4339 eidem,
1112 4268 1147 4330 ut
1201 4266 1385 4330 venerabili
1401 4265 1533 4328 tratri...
1550 4267 1896 4344 episcopoWaciensi,
1910 4269 2002 4330 salu-

352 4363 415 4424 sibl
430 4363 633 4425 malitiosum
653 4379 689 4424 se
707 4379 773 4424 non
787 4363 954 4436 exhibeat,
971 4365 1023 4427 vel
1037 4364 1145 4425 inies·
1200 4366 1266 4428 tem
1280 4369 1314 4427 et
1327 4363 1550 4440 Apostolicam
1560 4362 1833 4426 benedictionem.

350 4461 432 4532 turn,
449 4475 511 4522 nec
526 4459 567 4520 ad
587 4477 622 4520 se
642 4461 753 4521 redire
776 4461 953 4537 compellat
973 4461 1143 4536 eumdem3
1241 4461 1496 4524 Fraternitatem
1504 4462 1595 4522 tuam
1605 4460 1716 4535 dignis
1728 4461 1762 4520 ln
1778 4463 1917 4523 Domino
1927 4461 1998 4522 lau-

351 4558 409 4620 sed
435 4557 470 4619 ln
494 4573 688 4636 regnosco,
710 4557 767 4618 uhi
787 4573 861 4620 cnm
881 4561 952 4637 eJ'us
974 4573 1090 4632 uxore,
1107 4575 1146 4619 ac
1202 4559 1298 4622 dibus
1320 4557 1599 4629 commendamus,
1623 4557 1708 4634 quod
1729 4559 1815 4620 sicut
1838 4575 1880 4620 en
1901 4561 1998 4638 parte
2095 4603 2096 4608 η

352 4657 432 4728 suis,
450 4655 536 4718 sicut
551 4656 679 4732 regium
702 4655 795 4717 decet
816 4655 991 4729 haeredem,
1009 4656 1147 4718 honeste
1202 4655 1366 4720 carissimi
1395 4655 1431 4716 in
1464 4655 1594 4716 Christo
1619 4653 1681 4717 lilii
1712 4657 1817 4717 nostri
1841 4660 1881 4718 B.
1908 4658 1998 4732 regis

350 4753 462 4816 valeat
477 4755 687 4825 commorari,
703 4753 851 4816 redditus
866 4753 897 4815 el
913 4755 1020 4816 certos
1034 4751 1146 4829 assig-
1202 4751 1413 4830 primogeniti
1436 4751 1599 4812 carissimi
1620 4752 1656 4812 in
1678 4753 1808 4814 Christo
1828 4753 1890 4814 filit
1913 4769 1997 4815 nos-

350 4853 426 4926 net3
443 4851 535 4927 ipsos
557 4852 669 4922 etiam,
688 4852 745 4927 qui
765 4867 839 4912 cum
864 4852 936 4928 ipso
963 4851 1145 4921 morantur,
1200 4851 1282 4911 tri...
1304 4849 1484 4924 Hungariae
1508 4849 1597 4924 regis
1612 4849 1751 4910 illustris
1767 4849 1828 4911 luit
1842 4851 1998 4927 proposi-

349 4963 559 5028 nequaquam
573 4948 608 5008 in
621 4949 784 5024 personis,
802 4947 854 5010 rel
869 4947 969 5010 rebus
984 4945 1145 5022 offendat3
1200 4949 1270 5009 tum
1285 4961 1397 5010 coram
1416 4944 1523 5017 nobis,
1539 4945 1575 5006 tn
1590 4944 1697 5006 eidem
1712 4949 1748 5006 B.
1764 4948 1837 5024 regi
1852 4947 1885 5008 et
1899 4949 1998 5008 uxori

349 5045 542 5108 mandatum
564 5045 714 5106 nostrum
731 5044 844 5106 taliter
857 5043 1039 5120 impleturi,
1059 5043 1147 5121 quod
1202 5059 1270 5104 suae
1290 5057 1420 5119 semper
1439 5041 1582 5102 fideliter
1600 5043 1748 5114 astitisti,
1769 5059 1829 5120 pro
1849 5044 1998 5120 ipsorum

267 5193 277 5207 ,
350 5142 462 5202 vestra
481 5141 701 5218 cognoscatur
715 5141 891 5217 diligentia
906 5156 966 5217 per
980 5140 1145 5212 effectum,
1202 5142 1294 5203 stans
1307 5139 1529 5210 matrimonio,
1544 5139 1577 5200 et
1587 5137 1815 5202 laborantibus
1827 5141 1869 5200 ad
1882 5156 1998 5204 eornm

351 5239 384 5300 et
399 5251 419 5300 a
433 5235 529 5298 nohis
544 5235 678 5314 possltis
702 5237 742 5299 de
767 5239 1006 5316 circumspecta
1021 5237 1148 5300 solllci—
1202 5237 1381 5299 divortium
1414 5235 1579 5312 intrepida
1603 5235 1638 5296 in
1664 5236 1783 5298 taciem
1807 5239 1999 5300 eorumdem

305 5410 311 5426 Ι
350 5333 466 5398 tudine
485 5335 720 5399 commendari.
744 5337 862 5398 Datum
883 5336 1050 5407 Laterani,
1071 5338 1147 5397 Vlll
1198 5335 1338 5412 justitias
1351 5347 1468 5394 amore
1481 5332 1650 5394 resistens.
1667 5335 1751 5406 Quia
1765 5349 1845 5396 vero
1860 5335 1948 5395 idem
1962 5339 1997 5396 B.
2094 5355 2095 5360 ¹

350 5431 511 5495 kalendas
537 5432 661 5501 martii,
689 5432 900 5509 pontificatus
930 5434 1035 5494 nostri
1059 5449 1147 5496 anno
1202 5448 1264 5493 rex
1279 5445 1414 5507 grauem
1434 5445 1494 5506 pro
1516 5431 1727 5492 matrimonio
1749 5431 1822 5510 ipso
1842 5447 2001 5509 persecu·
2094 5453 2095 5478 r

352 5531 479 5592 octavo.

1202 5529 1325 5591 tionem
1353 5527 1510 5600 sustinet,
1541 5529 1675 5589 coactns
1704 5531 1838 5606 propter
1870 5529 1933 5591 hoc
1964 5533 1998 5592 in
2094 5547 2095 5602 t
