4258 6394
174 343 234 403 39³
784 339 1012 402 EPISTOLAE.
1036 341 1114 402 LIB.
1138 339 1207 402 vii.
1757 337 1817 400 aet

173 499 278 561 sentis
289 498 405 578 scripti
417 499 602 576 patrocinio
613 499 866 562 communimus.
875 498 967 562 Nulli
1022 500 1134 560 minus
1146 496 1304 560 Borbonil
1316 496 1533 560 Biturlcensis
1548 495 1701 558 dioecesis
1716 513 1818 574 super

173 612 253 672 ergo
264 596 399 658 omnino
414 597 585 657 bominum
596 596 698 658 liceat
709 597 796 658 hanc
813 597 968 674 paginam
1022 594 1220 673 quibusdam
1247 593 1379 667 castris,
1406 594 1683 671 possessionibus,
1712 595 1815 668 villis,

173 693 297 754 nostra
331 693 593 754 confirmationis
631 693 825 769 intringere,
852 693 906 755 vel
936 696 967 756 ei
1022 692 1260 756 etrebusaliis
1281 693 1411 754 adeam
1432 691 1818 754 rationedotisseudo-

173 805 260 852 ausu
286 789 465 853 temerario
489 789 668 852 contraire.
696 791 732 851 Si
758 792 831 868 quis
857 793 967 853 autem
1022 790 1170 852 nationis
1186 791 1321 868 propter
1336 789 1469 866 nuptias
1483 790 1663 850 secundum
1677 805 1818 851 consue-

173 885 238 948 hoc
252 889 416 950 attentare
430 887 687 965 praesumpserit,
704 887 966 964 indignationem
1021 887 1168 948 tudinem
1215 889 1313 949 terrae
1363 885 1589 962 spectantibus
1635 887 1817 964 injuriatur

174 983 410 1060 omnipotentis
423 985 482 1045 Dei
495 985 528 1046 et
540 985 711 1047 beatorum
728 986 816 1047 Petri
830 986 967 1048 etPauli
1023 983 1141 1044 eidem.
1154 983 1298 1061 Ideoque
1308 983 1502 1045 discretioni
1513 984 1632 1045 vestrae
1643 986 1818 1061 perltpos-

174 1081 399 1158 apostolorum
424 1085 495 1158 ejus
525 1098 560 1144 se
585 1083 715 1144 noverit
740 1083 965 1145 incursurum.
1021 1081 1123 1142 tolica
1139 1081 1263 1158 scripta
1273 1082 1469 1142 mandamus
1485 1083 1658 1158 quatenus,
1668 1081 1818 1157 partibus

174 1177 293 1239 Datum
308 1178 443 1254 Signia,
453 1181 528 1240 XIV
541 1179 703 1240 kalendas
723 1179 866 1256 augusti,
883 1196 967 1257 pon·
1021 1178 1225 1250 convocatis
1240 1179 1383 1239 audiatis
1399 1193 1536 1240 causam
1549 1181 1583 1239 et
1594 1178 1817 1255 appellatione

174 1273 318 1336 titicatus
334 1275 440 1337 nostri
455 1291 544 1338 anno
562 1276 713 1353 septimo.

173 1749 225 1808 Ad
240 1743 448 1820 potestatem
470 1745 504 1806 ct
521 1759 702 1807 commotae
721 1747 965 1808 Massilienses.

171 1853 177 1866 ’
459 1873 573 1947 notum
595 1874 674 1932 isis.

172 1996 317 2062 [Belznnca
329 1995 461 2062 Antiquitd
470 1995 502 2047 de
513 1997 607 2061 i'eglise
619 1997 651 2048 de
663 1997 794 2056 liarseilie,
803 2001 822 2050 t.
834 1997 865 2056 ll,
875 2011 902 2062 p.
913 1996 966 2062 82]

173 2123 210 2180 lit
231 2136 283 2193 per
310 2135 463 2178 censuram
488 2120 714 2178 ecclesiasticam
742 2120 967 2194 quaomgantas

207 2223 320 2267 marcas
335 2208 471 2268 Valentioe
483 2209 699 2268 monasterias.
713 2209 836 2269 Victoris
848 2209 967 2268 reddere

205 2303 357 2370 cogantur.

212 2421 392 2494 Honorius,
416 2422 491 2494 etc,
514 2422 644 2486 dilectis
666 2421 745 2486 liliis
764 2423 920 2501 potestati
934 2425 967 2486 et

175 2521 343 2581 communi
355 2519 570 2594 Massiliensi,
582 2522 646 2582 etc.

214 2616 361 2679 Dilectus
373 2615 462 2678 iilius
477 2615 580 2678 abbas
596 2618 708 2680 Sancti
722 2619 867 2680 Victoris
881 2619 967 2681 Mas-

174 2713 323 2776 siliensis
340 2714 495 2791 exposuit
509 2729 620 2776 coram
635 2714 730 2777 nobis
746 2717 843 2793 quod,
865 2731 965 2794 quum

173 2825 234 2873 vos
256 2825 429 2873 commune
448 2812 614 2889 quondam
637 2813 678 2874 do
696 2813 865 2875 thesauris
888 2829 965 2875 mo-

171 2908 312 2970 nasterii
322 2908 582 2986 quadringentas
593 2925 723 2972 marcas
736 2911 898 2972 valentiae
910 2927 967 2973 re-

172 3006 340 3083 ceperitis,
375 3021 459 3083 quas
491 3005 676 3068 venerabili
713 3007 811 3069 tratri
838 3009 964 3078 nostro,

171 3103 350 3164 Portuensi
374 3104 541 3180 episcopo,
566 3105 767 3180 apostolicae
794 3104 890 3168 Sedis
911 3105 964 3166 le·

170 3200 261 3276 gato,
276 3215 337 3277 pro
350 3201 516 3272 cautione,
530 3201 605 3272 etc,
623 3217 686 3262 nec
699 3201 824 3264 curatis
838 3217 896 3263 eas
911 3217 967 3264 re-

172 3296 343 3373 colligere,
363 3299 426 3358 616.
450 3297 708 3358 Universitatem
725 3299 869 3360 vestram
889 3315 964 3361 mo-

170 3409 290 3455 nemus
305 3393 440 3465 attente,
454 3409 516 3470 per
528 3393 719 3470 Apostollca
734 3395 859 3472 scripta
874 3411 966 3457 man·

170 3490 300 3563 dantes,
323 3492 498 3566 quatenus,
521 3492 584 3552 etc.
607 3489 763 3570 Alioquin
781 3493 965 3555 venerabili

169 3587 267 3650 fratri
283 3589 396 3650 nostro
410 3589 564 3666 episcopo
577 3588 610 3650 et
622 3588 742 3651 dilecto
756 3589 824 3651 illio
840 3606 966 3669 praepo·

170 3685 234 3747 sito
254 3685 489 3762 Foroiuliensi,
511 3685 634 3748 nostris
656 3685 773 3748 damus
789 3687 909 3750 litteris
928 3689 964 3749 in

107 3840 115 3861 ,
168 3782 345 3852 mandatis,
359 3785 396 3845 nt
407 3797 467 3844 vos
481 3783 522 3844 ad
538 3783 571 3844 id
586 3799 646 3861 per
660 3799 840 3846 censuram
851 3787 963 3848 eccle-

169 3879 351 3952 siasticam,
381 3880 468 3942 sicut
497 3882 621 3958 iustum
648 3882 710 3954 est,
740 3883 964 3960 appellatione

170 3979 308 4050 remota,
319 3977 530 4053 compellant.
542 3977 660 4039 Datum
672 3979 808 4054 Signiae,
820 3981 897 4040 xlii
908 3980 965 4042 ka-

170 4072 287 4135 landas
318 4073 462 4151 augusti,
500 4074 713 4152 pontificatus
741 4076 847 4138 nostri
876 4093 963 4140 anno

170 4171 321 4249 septimo.

467 4429 664 4517 CLXVIII

168 4582 222 4641 Ad
234 4579 423 4657 magistros
438 4581 628 4642 (luidonem
642 4581 894 4642 siderandum
907 4595 965 4642 cr·

208 4679 422 4739 cbtdiocoaos
441 4677 475 4738 et
493 4680 555 4739 Ar.
575 4681 749 4752 Esperum
761 4681 963 4740 rontonicum

207 4777 496 4836 Lemoviceasem.

482 4887 648 4945 {tit-md.

169 5011 282 5076 [1161616.
296 5009 361 5060 liist.
376 5008 470 5072 geneal.
487 5009 517 5060 de
531 5009 556 5060 la
570 5009 669 5060 maison
682 5010 848 5076 d'Anvergne,
864 5012 896 5074 ll,
910 5013 962 5078 Sd]

168 5137 334 5194 Utcausam
348 5135 466 5192 interd.
483 5134 659 5192 comitissam
674 5135 820 5193 Arvernia
830 5143 859 5194 et
870 5135 961 5194 domi-

204 5224 303 5280 ninum
322 5222 494 5282 borbonium
516 5222 688 5295 pendentem
711 5223 829 5283 audiant
845 5232 873 5284 et
888 5223 963 5296 quod

202 5312 373 5370 canonicum
384 5310 469 5370 luerit
482 5318 619 5370 statuant.

208 5444 335 5507 Dilecta
350 5446 385 5507 in
408 5445 539 5508 Christo
555 5445 624 5507 fllia
645 5445 767 5506 nobilis
790 5447 911 5508 mulier
927 5449 960 5509 G.

169 5545 339 5606 comitissa
355 5543 526 5606 Arvernia>
538 5543 650 5615 vidua,
663 5543 859 5605 transmissa
868 5545 962 5607 nobis

168 5641 340 5720 petitione,
355 5641 554 5704 monstravit
573 5641 658 5720 quod
684 5641 806 5704 nobilis
829 5643 882 5705 vir
903 5643 963 5705 do-

1020 1277 1148 1336 remota
1170 1275 1235 1336 tine
1258 1276 1418 1337 canonico
1442 1275 1638 1347 terminetis,
1656 1275 1817 1336 iacientes

1022 1371 1108 1448 quod
1126 1371 1341 1435 decreveritis
1360 1388 1615 1450 percensuram
1634 1372 1816 1434 ecclesias-

1022 1469 1122 1530 ticam
1140 1469 1281 1532 firmiter
1299 1468 1483 1531 observari.
1501 1471 1615 1531 Testes
1636 1470 1745 1531 autem
1761 1469 1818 1548 qui

1022 1565 1145 1628 luerint
1160 1566 1333 1640 nominati,
1355 1568 1385 1628 si
1404 1583 1440 1629 se
1454 1568 1574 1642 gratia,
1592 1568 1680 1640 odic,
1696 1567 1749 1629 vel
1768 1567 1816 1628 ti-

1022 1675 1114 1724 more
1146 1662 1373 1726 subtraxerint
1375 1709 1437 1736 .....
1463 1664 1566 1725 simili
1592 1656 1817 1740 appellatione

1021 1760 1149 1822 remota
1164 1761 1293 1836 cogatis
1307 1761 1441 1824 veritati
1455 1760 1682 1823 testimonium
1697 1761 1814 1838 perbi-

1021 1855 1110 1919 bere.
1139 1857 1280 1928 Quodsi
1306 1875 1372 1919 non
1401 1872 1527 1929 omnes,
1553 1858 1616 1920 etc.
1645 1858 1814 1932 Datum...,

1022 1953 1237 2030 pontificatus
1251 1955 1357 2017 nostri
1371 1970 1459 2016 anno
1473 1954 1624 2032 septimo.

1341 2281 1495 2371 CLXIX

1154 2435 1205 2496 Ad
1220 2435 1418 2510 episcopum
1433 2437 1687 2498 Celaenarum.

1319 2543 1520 2638 somniare.

1038 2684 1157 2750 [liegest.,
1167 2684 1212 2736 lib.
1223 2686 1278 2746 vll,
1290 2685 1365 2752 epist.
1378 2687 1433 2738 tat.
1446 2689 1504 2738 bias.
1521 2689 1556 2744 la
1570 2689 1648 2740 Porta
1659 2689 1693 2740 du
1706 2690 1802 2758 runt]

1066 2808 1099 2866 lii
1114 2807 1353 2881 gubernationem
1366 2811 1533 2868 mmasterii
1546 2811 1640 2885 sylva
1652 2813 1771 2886 titionis

1338 2899 1501 2956 committit.

1061 3020 1240 3094 Honorius,
1263 3021 1340 3092 etc..
1359 3023 1545 3085 venerabili
1567 3023 1700 3087 tratri...
1722 3026 1816 3103 epis·

1021 3131 1104 3194 copo
1119 3119 1360 3193 Convenarum,
1378 3119 1519 3182 salutem
1539 3122 1571 3186 et
1587 3123 1816 3200 Apostolicam

1019 3213 1294 3277 benedictionem.

1059 3311 1268 3374 Venerabilis
1302 3313 1407 3377 irater
1438 3316 1603 3378 noster...
1640 3318 1817 3396 episcopus

1020 3411 1191 3483 Portuen„
1218 3412 1417 3488 Apostolicae
1447 3413 1542 3475 Sedis
1572 3413 1713 3490 legatus,
1745 3419 1815 3479 suis

1019 3505 1117 3567 nobis
1137 3507 1257 3572 litteris
1278 3509 1456 3582 intimavit,
1481 3511 1567 3588 quod
1590 3527 1692 3589 quum
1707 3529 1817 3591 nuper

1019 3603 1221 3668 monasterio
1236 3605 1344 3682 sylvae
1359 3608 1497 3685 MajorIs
1508 3607 1637 3672 abbatis
1649 3611 1814 3686 regimine

1019 3701 1212 3764 destituto...
1228 3703 1321 3779 prior
1333 3704 1366 3765 et
1379 3707 1561 3768 conventus
1573 3708 1722 3783 ejusdem
1736 3723 1812 3770 mo-

1019 3798 1159 3860 nasterii
1176 3815 1242 3860 non
1255 3802 1393 3877 possent
1412 3801 1448 3861 in
1464 3817 1641 3878 personam
1659 3804 1814 3868 idoneam

1019 3895 1233 3968 concordare,
1259 3897 1393 3959 tandem
1415 3899 1490 3975 post
1511 3899 1673 3962 tractatus
1697 3901 1820 3963 multi--

1018 3993 1121 4070 plices
1149 3993 1353 4055 unanimiter
1388 3996 1625 4067 convenerunt,
1654 3997 1691 4058 ut
1724 3997 1812 4060 idem

1018 4089 1256 4151 monasterium
1270 4090 1337 4152 tua
1352 4091 1614 4154 committeretur
1627 4093 1810 4170 providen-

1018 4186 1074 4248 tiae
1097 4185 1359 4262 gubernandum,
1386 4189 1614 4252 consentiente
1638 4192 1812 4267 gratanter

1018 4284 1054 4344 in
1078 4283 1143 4346 boc
1167 4283 1352 4347 venerabili
1377 4285 1482 4348 fratre
1509 4287 1662 4350 nostro...
1690 4289 1812 4376 Burdi-

1018 4381 1126 4457 galen.
1142 4381 1403 4461 archiepiscopo,
1425 4383 1490 4445 loci
1510 4384 1711 4460 dioecesano
1726 4388 1814 4452 sicut

1019 4478 1386 4556 expetentibuslitteris
1398 4483 1470 4558 ejus
1480 4482 1651 4545 evidenter
1661 4487 1810 4562 apparet,

1018 4575 1138 4653 quibus
1160 4591 1260 4653 super
1277 4575 1342 4637 boc
1363 4593 1424 4640 nos
1444 4579 1639 4655 suppliciter
1658 4583 1812 4646 exoravit

1018 4674 1097 4751 quia
1116 4675 1237 4750 sperat,
1259 4675 1296 4736 ut
1320 4676 1453 4747 asserit,
1476 4677 1658 4753 quodcum
1681 4677 1728 4738 ibi
1751 4694 1812 4756 per

1017 4769 1154 4846 triginta
1172 4785 1290 4843 annos,
1314 4771 1510 4848 etamplius
1533 4773 1635 4834 fueris
1659 4774 1814 4837 laudabi-

1018 4869 1095 4930 liter
1107 4871 1337 4942 conversatus,
1349 4869 1433 4932 velis
1446 4870 1478 4932 et
1489 4871 1604 4932 valeas
1616 4871 1724 4949 ipsum
1737 4873 1815 4934 lau·

1018 4962 1379 5039 debilitergubernare.
1391 4963 1480 5026 Idem
1491 4981 1620 5042 quoque
1630 4966 1761 5042 legatus
1771 4969 1815 5030 ad

1017 5061 1210 5122 instantiam
1225 5061 1293 5123 tam
1313 5061 1420 5137 ipsius
1439 5061 1694 5141 archiepiscopi,
1714 5081 1813 5142 quam

1018 5157 1140 5234 prioris
1151 5158 1183 5219 st
1193 5159 1386 5230 conventus,
1399 5159 1559 5235 quantum
1572 5159 1607 5220 in
1618 5175 1657 5222 eo
1670 5161 1743 5226 erat
1754 5173 1813 5225 66-Ι

1018 5253 1176 5326 sentiens,
1191 5253 1287 5316 nobis
1302 5255 1502 5332 supplicavit
1515 5257 1689 5332 instantor,
1702 5261 1738 5322 ut
1748 5277 1813 5322 ne-

1018 5351 1166 5414 cessitati
1191 5351 1272 5413 dicti
1296 5353 1492 5414 monasterii
1527 5354 1637 5417 debito
1672 5373 1812 5435 compa-

1017 5449 1138 5510 tIentes
1163 5449 1295 5521 affectu,
1315 5449 1588 5524 gubernationem
1611 5452 1717 5529 ipsius
1739 5471 1813 5517 mo-

1019 5543 1156 5607 nasterii
1178 5544 1239 5608 tibi
1263 5547 1468 5609 committere
1490 5547 1716 5625 dignaremur.
1742 5553 1813 5615 Nos

1018 5643 1130 5721 itaque
1146 5643 1186 5705 de
1204 5643 1278 5715 ilde,
1301 5660 1339 5706 ac
1356 5645 1531 5708 honestate
1549 5648 1606 5709 tua
1623 5647 1658 5708 in
1673 5650 1821 5718 Domino.
