4258 6394
166 320 226 382 453
762 314 1005 394 ‚EPISTOLAE
1029 315 1106 388 ala.
1130 315 1216 375 VIII.
1746 313 1806 375 454

166 475 262 540 vobis
283 475 467 554 acceperat,
489 473 707 550 assignatum,
727 475 762 552 et
781 473 958 536 ecelesiam
1012 471 1168 535 thematIs
1202 487 1311 549 poena,
1336 473 1388 533 eis
1411 471 1552 534 tirmiter
1580 472 1803 548 injungentes,

166 575 209 636 de
230 572 352 651 Speije,
373 587 472 649 quam
493 570 588 632 bonae
612 571 782 632 memoriae
806 573 842 632 Β.
859 573 960 633 Wor-
1013 571 1049 631 ut
1075 569 1222 646 sigillum
1247 569 1430 632 conventus
1459 569 1500 631 ad
1529 568 1682 631 eumdem
1712 570 1805 646 epis-

166 670 342 732 matiensis
363 670 538 747 episcopus
561 666 655 729 robis
673 667 707 730 et
720 667 828 744 eidem
851 667 960 730 eccle-
1014 666 1362 743 copumdestinarent3
1375 665 1609 743 propterquod
1624 667 1729 728 illisd
1744 681 1805 728 nos

166 769 227 832 siae
244 770 365 829 restrae
380 765 421 828 de
433 765 485 826 sui
501 763 640 842 capituli
654 779 796 826 assensu
807 764 957 836 contulit,
1012 763 1135 824 iterum
1148 763 1369 840 appellarunt.
1395 764 1438 824 At
1459 761 1510 822 illi
1534 762 1752 824 nihilominus
1769 763 1805 824 iu

167 864 254 926 sicut
268 879 308 925 ea
318 863 421 940 juste,
435 862 597 924 canonino
610 877 649 922 ac
664 860 801 938 pacifice
815 861 961 937 posside-
1014 859 1134 922 tratres
1146 861 1332 937 praesentes
1346 859 1586 936 suspensionis,
1600 859 1633 921 et
1643 859 1808 922 inabsen-

165 961 222 1033 tis,
238 961 272 1022 et
285 960 321 1020 iu
337 957 572 1036 praedictorum
591 957 804 1033 imperatoris
824 955 857 1018 et
870 957 961 1034 epis-
1013 957 1063 1019 tes
1087 956 1441 1018 excommunicatIonis
1476 955 1660 1018 sententias
1689 959 1807 1034 postu-

168 1057 242 1134 copi
262 1056 383 1118 litteris
402 1054 524 1116 dicitur
538 1052 713 1126 contineri,
731 1052 827 1117 noble
847 1055 881 1116 et
901 1069 960 1131 per
1015 1052 1136 1116 larunt
1155 1055 1191 1116 lli
1204 1054 1283 1116 licet
1297 1053 1378 1117 dicti
1393 1055 1575 1116 conventus
1596 1053 1637 1114 de
1653 1053 1807 1132 appella·

167 1170 227 1217 sos
242 1157 313 1232 jam
333 1151 430 1214 dictae
450 1151 601 1214 ecclesiae
619 1152 743 1213 restrae
763 1150 960 1213 auctoritate
1013 1150 1106 1214 tione
1144 1151 1342 1228 interposita
1375 1149 1579 1212 confidentes
1613 1150 1809 1227 eliquamini

166 1249 358 1328 apostolica
365 1248 611 1320 confirmamus,
620 1247 836 1324 etpraesentis
844 1247 961 1324 scripti
1015 1247 1270 1320 celebraverint,
1285 1249 1460 1310 cessarunt
1475 1248 1587 1310 tamen
1600 1247 1809 1324 postmodum

167 1345 354 1426 patrocinio
373 1345 626 1408 communimus.
647 1345 765 1408 Datum
790 1344 958 1416 Laterani,
1015 1344 1057 1406 de
1068 1345 1267 1422 prudentum
1289 1345 1438 1423 uirorum
1458 1344 1601 1406 coneilio
1628 1343 1808 1406 edivinia

167 1446 341 1508 ivnonas
371 1441 579 1514 novembrir,
606 1440 820 1519 pontificatus
852 1440 961 1502 nostri
1015 1441 1292 1503 praedicassem
1314 1441 1500 1518 episcopus,
1521 1456 1637 1502 eorum
1660 1440 1811 1517 appella-

159 1554 256 1612 anno
271 1539 400 1602 oceno.
1014 1535 1162 1599 tionibus
1184 1537 1316 1613 penitus
1336 1536 1520 1614 vilipensis,
1532 1536 1623 1614 ipsos
1638 1537 1679 1598 de
1697 1537 1810 1598 claus-

949 1635 952 1640 “
1015 1632 1156 1699 soloen
1171 1633 1433 1710 eiiciriolentar,
1455 1634 1488 1695 et
1511 1632 1670 1711 quosdam
1693 1647 1810 1694 eorum

1016 1729 1118 1792 arctae
1128 1729 1289 1800 custodiae
1299 1728 1502 1806 mancipari;
1523 1744 1585 1792 nec
1599 1728 1652 1790 bis
1667 1729 1810 1792 conen-

483 1856 645 1944 XXXVI
1015 1827 1072 1888 tus
1097 1826 1319 1903 personaliter
1348 1825 1391 1888 ad
1418 1827 1528 1888 locum
1553 1825 1735 1898 accadens,
1761 1825 1811 1888 eis
1873 1898 1875 1902 ¹

1017 1921 1258 1998 appellationes
1298 1921 1514 1998 interpositas
1554 1920 1811 1993 renovantibus,

169 2011 221 2072 Ad
235 2011 438 2072 manime·
460 2007 670 2084 mimium
689 2007 916 2068 Fremitum
928 2005 963 2067 ⁶²
1017 2018 1258 2095 praemiaque
1273 2018 1505 2094 eratsigillum
1519 2033 1634 2080 eorum
1656 2017 1811 2080 confrin-

228 2105 446 2176 Clementem,
457 2106 638 2166 canonicos
647 2101 901 2169 atrebatenses.
1017 2129 1111 2190 gens,
1133 2116 1168 2177 et
1181 2114 1261 2176 illud
1277 2114 1399 2184 exinde
1423 2130 1536 2176 secum
1547 2116 1696 2191 portans,
1719 2115 1811 2192 ipsos

433 2231 596 2291 summa,
616 2231 698 2290 liii.
1017 2211 1239 2275 adivinorum
1255 2211 1481 2277 celebratione
1495 2212 1679 2288 suspendit.
1693 2214 1814 2283 Quum·

186 2355 528 2421 ΝΜ
542 2354 652 2408 Ν
668 2353 792 2405 Ν
805 2352 945 2416 Μ
1016 2307 1861 2474 llilllslurzllldaltlutu¹

169 2476 964 2552 Mandatutinmouastericnimoeurcen.quadriderint
1016 2503 1134 2566 ¹contr„
1156 2501 1309 2564 eumdem
1332 2450 1485 2570 abbat’em
1508 2503 1641 2568 nostras
1664 2502 1812 2580 immisi,

427 2565 562 2641 ⁰¹l0d¹¹0
585 2565 701 2626 ΜΨ·
1018 2598 1119 2662 nonis
1138 2599 1269 2662 ultores
1283 2600 1811 2678 reportantes,quia1ntereipsae

207 2694 386 2762 Honorius,
402 2692 478 2765 ete,
495 2691 625 2754 dilectis
637 2690 717 2754 ullis
733 2691 871 2763 decane,
885 2706 961 2752 ma·
1018 2695 1058 2757 de
1094 2697 1144 2758 tot
1177 2697 1211 2758 et
1241 2692 1344 2759 tantis
1375 2696 1636 2772 gravaminibus,
1670 2711 1812 2774 quorum

168 2791 275 2869 gistro
288 2789 464 2852 Fremuldo
478 2791 512 2852 et
524 2789 964 2853 clementicanonicisatre
1017 2791 1169 2869 praedicti
1183 2792 1248 2854 duo
1259 2791 1393 2854 tuerent
1405 2807 1540 2870 prorsus
1549 2793 1671 2870 ignari,
1685 2793 1813 2853 nullam

171 2888 294 2960 beten„
309 2887 461 2959 salutem,
477 2889 541 2948 etc.
1017 2889 1166 2951 lacerent
1193 2889 1406 2957 mentionem,
1432 2889 1601 2966 sepedicti
1629 2888 1810 2951 conventus

209 2984 366 3061 Experto
380 2983 562 3045 conventus
580 2981 776 3044 monasterii
788 2981 964 3042 Aimocur-
994 2989 995 2992 ’
1017 2984 1812 3064 nobishumilitersupplicaruntutquicquidpost

168 3094 241 3143 oen.
250 3079 313 3142 tuit
321 3079 509 3157 expositum
521 3093 633 3141 coram
646 3077 754 3149 nobie,
765 3077 851 3154 quod
862 3091 962 3154 quum
1018 3082 1209 3145 eorumdem
1224 3082 1364 3144 duorum
1374 3081 1440 3149 iter
1452 3083 1622 3159 arreptum
1637 3083 1678 3144 ad
1694 3083 1813 3144 sedem

169 3176 235 3255 ipsi
247 3177 398 3238 videntes
415 3174 654 3236 monasterium
669 3174 778 3250 ipsum
793 3189 854 3250 per
876 3173 964 3234 dila·
1016 3179 1241 3256 Apostolieam
1260 3179 1427 3251 veniendi,
1445 3179 1478 3242 et
1498 3179 1756 3256 appellationem
1769 3180 1811 3241 ad

168 3273 409 3352 pidatIOnemn·
434 3270 563 3333 abbatis
588 3285 714 3342 eorum,
737 3269 795 3346 ‘lui
823 3269 962 3346 perjurii
1016 3291 1078 3338 nos
1094 3276 1336 3353 interpositam,
1363 3277 1399 3337 in
1420 3291 1535 3340 eorum
1555 3277 1590 3338 et
1616 3277 1811 3338 monasterii

171 3370 311 3432 crimine
356 3369 506 3430 irretitus
554 3367 622 3430 alia
664 3367 761 3444 plura
799 3361 963 3428 commisit
1017 3373 1246 3451 prejudicium
1255 3373 1618 3446 nosciturattentatum,
1628 3373 1811 3436 faceremus

170 3466 363 3530 enormiain
377 3465 578 3528 animaesuae
591 3463 799 3541 (tlspendium
813 3466 847 3525 et
863 3479 964 3524 scan-
1016 3471 1051 3532 in
1078 3470 1210 3533 irritum
1235 3471 1398 3533 revocari.
1426 3471 1588 3544 Quocirca
1616 3471 1810 3533 discretioni

169 3563 518 3641 dalumplurimorum‚
530 3557 963 3627 fereadextremamexiba·
1016 3568 1136 3630 vestrae
1155 3583 1215 3646 per
1226 3568 1416 3645 apostolica
1434 3565 1583 3648 [scripta]
1601 3568 1809 3640 mandamus,

168 3661 328 3724 nitionem
340 3659 574 3737 temporalium
589 3658 773 3732 devenisse,
788 3657 872 3720 duos
887 3671 962 3718 mo·
1017 3665 1179 3741 quatenus
1193 3666 1262 3728 tam
1278 3680 1378 3742 super
1389 3664 1583 3743 praemissis,
1596 3680 1699 3742 quam
1712 3681 1812 3741 super

168 3757 294 3822 nachos
304 3757 488 3819 conpatres
496 3771 611 3818 eorum
621 3755 880 3818 denunciaturos
890 3753 962 3816 hec
1016 3762 1095 3835 illis,
1112 3777 1187 3839 quaa
1209 3763 1245 3824 in
1265 3761 1400 3824 directis
1416 3761 1458 3822 ad
1475 3777 1536 3824 vos
1556 3761 1678 3823 litteris
1699 3762 1811 3824 ronti-

168 3855 264 3918 nebis
279 3854 321 3916 ad
341 3853 459 3917 sedem
477 3852 703 3931 apostolicam
725 3851 959 3921 destinassent,
1015 3860 1137 3921 nentur
1150 3859 1357 3936 inquirentes
1367 3857 1522 3935 plenarie
1534 3858 1720 3930 veritatem,
1737 3874 1811 3935 pro-

168 3935 256 4014 idem
272 3950 384 4023 abbas,
413 3949 470 4028 qui
494 3949 613 4012 saltem
641 3947 682 4010 ob
706 3948 739 4009 id
758 3962 779 4010 a
801 3947 962 4010 consueta
1017 3955 1143 4017 cedatis
1165 3955 1201 4016 in
1225 3955 1370 4031 negotio,
1398 3955 1528 4016 ratione
1551 3955 1688 4030 praevia,
1713 3957 1811 4032 Juxta

169 4047 329 4110 debuerat
343 4047 472 4108 malilia
485 4045 649 4117 revocari,
665 4060 727 4106 nec
738 4044 847 4108 adhuc
873 4043 960 4106 adi·
1016 4052 1166 4130 priorum
1181 4051 1419 4114 continentiam
1433 4052 1631 4124 litterarum,
1642 4052 1810 4130 provisuri

167 4145 371 4226 lapidatione
397 4143 559 4204 bonorum
590 4141 737 4219 ejusdem
766 4142 962 4204 monasterii
1016 4148 1233 4210 nihilominus
1259 4164 1360 4226 super
1383 4164 1423 4212 eo
1447 4149 1533 4226 quod
1553 4147 1633 4212 dicti
1653 4151 1809 4212 monachi

168 4257 304 4304 manum
336 4241 512 4303 retrahens
546 4237 770 4315 prodigalem,
802 4237 960 4315 quosdam
1015 4246 1127 4308 taliter
1143 4244 1365 4319 celebrarunt,
1381 4247 1480 4326 prout
1501 4245 1602 4308 saluti
1620 4246 1809 4308 animarum

170 4336 370 4410 contractus,
386 4336 510 4414 praeter
518 4337 699 4398 conventus
711 4350 883 4397 assensum
892 4336 962 4397 illi-
1016 4343 1174 4420 ipsorum,
1204 4343 1238 4404 et
1270 4343 1373 4423 quieti
1405 4343 1601 4405 monasterii
1627 4345 1810 4406 seeundum

169 4436 235 4499 cite
248 4435 374 4497 inierat
385 4435 421 4494 in
435 4431 516 4495 dicti
530 4431 725 4494 monasterii
735 4431 906 4494 laesionem
919 4433 961 4494 ab
1015 4443 1119 4501 Deum
1133 4439 1284 4502 videritis
1303 4440 1471 4518 expedire.
1493 4441 1585 4513 Quod
1607 4441 1637 4502 si
1656 4457 1723 4503 non
1737 4457 1810 4504 om-

169 4533 220 4596 eis
233 4531 328 4610 petiit
341 4530 504 4607 sigillari3
521 4527 607 4606 quod
623 4528 692 4588 illis
704 4527 815 4592 iacere
829 4529 961 4605 penitus
1015 4551 1086 4608 nes,
1105 4536 1169 4599 etc.
1188 4536 1308 4599 Datum
1319 4538 1488 4612 Laterani,
1504 4539 1534 4600 Il
1545 4553 1652 4600 nonas
1665 4553 1807 4602 novem-

169 4627 411 4700 recusantibus,
432 4624 590 4703 prefatus
610 4623 711 4686 abbas
726 4623 894 4702 querelam
904 4643 962 4688 su·
1016 4632 1097 4706 bris,
1110 4647 1200 4695 anno
1215 4633 1344 4696 octavo.

169 4717 230 4804 per
242 4725 305 4787 hoc
323 4722 507 4786 venerabili
522 4721 619 4784 tratri
633 4724 784 4785 nostro...
802 4722 960 4784 Camera-

170 4839 243 4886 cen.
275 4821 441 4900 episcopo,
468 4819 535 4881 loci
567 4818 767 4891 dioecesanc,
794 4818 962 4896 deponens
1322 4854 1505 4942 XXXVII

170 4920 253 4982 duos
268 4919 308 4981 de
323 4916 454 4980 clericis
475 4916 581 4993 ipsius
602 4915 749 4992 episcopi
768 4915 810 4977 ad
824 4931 962 4978 monas·

168 5017 291 5079 terium
304 5028 416 5076 secum
429 5012 543 5087 duxit3
570 5027 674 5089 quare
692 5012 770 5089 ipsi,
793 5027 836 5073 ue
850 5010 892 5075 ab
914 5013 962 5074 eis
1075 5004 1127 5065 Ad
1139 5003 1296 5066 ottonem
1310 5006 1506 5079 episcopum
1530 5005 1746 5066 Vcrdenrem.

169 5111 461 5192 pregravarentur
487 5109 523 5170 in
547 5107 680 5185 aliquo,
707 5124 744 5170 se
765 5124 805 5171 ac
828 5124 964 5170 monas-
1286 5133 1450 5192 novemb,
1467 5133 1546 5192 liti.

170 5209 292 5272 tortum
319 5204 515 5284 protectioni
541 5204 636 5266 Sedis
654 5205 859 5314 ‘Apostolicae
884 5221 964 5283 sup-
1060 5254 1278 5320 [urkmnemucn
1291 5255 1544 5320 rememorabatur,
1559 5255 1644 5318 m
1662 5272 1689 5309 n.
1700 5258 1768 5324 m]

171 5305 342 5386 ponentes,
357 5303 398 5364 ad
413 5305 561 5364 nostram
584 5300 790 5363 aud1entram
809 5301 961 5378 appella-

170 5403 258 5465 runt,
276 5398 574 5471 sodd10t1010r101‚
601 5413 719 5460 popum
739 5398 964 5475 appellatione
1018 5381 1051 5438 Ei
1072 5380 1190 5439 mandat
1204 5389 1235 5438 ul
1252 5381 1387 5438 comitem
1401 5379 1437 5440 de
1448 5383 1562 5440 zwerin
1574 5389 1603 5440 et
1616 5383 1678 5456 ejus
1687 5382 1811 5442 lautores

172 5499 369 5574 contempta,
388 5494 604 5557 inhibuerunt
625 5494 752 5556 elsdem
771 5509 814 5556 ne
834 5494 962 5558 abbatis
1103 5477 1109 5489 '
1295 5471 1534 5528 emmunim·

172 5594 358 5656 contractus
373 5592 586 5670 aliquatenus
599 5590 799 5668 impedirent
811 5591 964 5655 subana-
1059 5590 1164 5666 Quum
1176 5592 1377 5669 igituridem
1390 5611 1451 5656 rex
1466 5596 1499 5657 et
1512 5594 1600 5657 lilius
1615 5611 1696 5657 suus
1708 5595 1744 5658 in
1755 5596 1812 5660 tua
