4226 6372
338 301 420 377 oor'
959 317 1135 380 11111111
1156 317 1201 376 111
1223 317 1370 378 orant.

1830 342 1833 353 ⁴
1937 315 2016 378 908

338 477 526 536 remaneret
536 475 666 550 penitus
682 475 715 536 et
728 472 903 546 indemnis,
920 474 954 536 et
968 475 1004 536 ut
1016 489 1132 536 eorum

338 571 449 634 verbis
480 573 622 641 utamur,
655 572 816 652 terminos
852 587 946 632 novae
979 571 1133 632 dioecesis

339 669 472 729 extendi
489 684 592 744 usque
607 668 648 727 ad
662 667 793 728 diaetam
810 670 842 728 et
853 667 1025 728 dimidiam
1041 667 1136 727 iuve-

263 767 268 772 '
339 767 468 825 nerunt.
501 765 699 824 parochiam
733 765 861 825 scilicet
885 763 1135 824 Chumbcnscbe

1189 475 1311 535 nostrae
1327 475 1552 535 concessionis
1566 475 1762 551 intringere,
1775 477 1828 537 vel
1843 477 1875 537 11
1903 493 2013 536 ausu

1189 571 1366 632 temerario
1395 572 1573 632 contraire.
1605 573 1639 631 Si
1671 573 1744 648 quis
1777 576 1890 633 autem
1930 573 2012 632 boc

1189 669 1352 729 attentare
1367 669 1627 744 praesumpserit,
1641 669 1907 744 indignationem
1920 685 2012 730 om-

1189 764 1369 838 nipotentis
1398 765 1457 825 Dei
1482 767 1514 826 et
1533 765 1704 826 beatorum
1721 767 1810 827 Petri
1832 770 1865 827 11
1887 767 2010 826 Ρ1111

339 879 413 922 cum
432 860 583 921 omnibns
605 862 674 920 suis
690 861 900 936 pertinentiis
922 861 956 920 in
982 877 1046 936 qua
1072 861 1135 920 sita

339 962 389 1020 est
413 958 554 1018 ecclesia
580 959 810 1018 Seccoviensis
832 974 936 1034 usque
965 957 1007 1017 ad
1034 957 1135 1017 linem

339 1055 507 1132 parochiae
528 1058 561 1114 S.
581 1055 752 1118 Laurentii
765 1055 799 1115 11
813 1057 937 1130 Lange,
954 1055 1134 1116 ecclesiam

337 1169 417 1212 vero
432 1155 464 1212 S.
482 1153 596 1214 Mariae
622 1152 656 1210 in
673 1151 804 1212 Brancb
831 1168 936 1228 usque
965 1151 1006 1212 ad
1034 1153 1134 1210 linem

339 1249 505 1326 parocbiae
521 1248 677 1308 Lemnizb
704 1247 738 1306 11
754 1247 856 1308 latum
886 1263 960 1308 cum
977 1247 1134 1307 omnibus

339 1345 488 1406 ecclesiis
510 1344 627 1404 mediis
656 1346 688 1406 et
722 1361 838 1404 earum
868 1344 1082 1422 pertinentiis
1104 1345 1136 1404 11

339 1441 477 1518 capellis
488 1454 560 1518 qnae
573 1443 650 1503 suut
664 1443 698 1502 iu
714 1457 831 1502 earum
844 1442 997 1502 terminis
1011 1441 1136 1502 consti-

338 1539 430 1599 tutae.
456 1537 615 1600 Redditus
642 1540 752 1598 eutem
781 1537 893 1598 tuturo
915 1538 1134 1612 assignandos

339 1635 493 1712 episcopo
515 1633 713 1696 invenerunt
730 1634 905 1695 ecclesiam
922 1634 1093 1696 vanstorff
1104 1635 1137 1694 et

338 1721 475 1808 triginta
497 1747 629 1792 mansos
646 1732 685 1792 de
703 1747 849 1801 nemore,
873 1713 959 1808 quod
975 1733 1026 1792 est
1048 1731 1135 1807 apud

239 1837 240 1842 ’
340 1827 488 1898 fiuvium,
531 1829 586 1906 qui
637 1831 778 1890 vocatur
813 1829 925 1896 Gerul,
960 1828 1135 1888 ecclesiam

339 1926 533 1998 Laebenzb,
575 1925 750 1988 ecclesiam
788 1929 921 1999 Vogan,
960 1925 1135 1984 ecclesiam

342 2022 443 2092 Rabe,
458 2039 531 2082 cum
545 2021 698 2082 omnibus
713 2023 921 2098 pertinentiis
932 2021 1133 2092 earumdem,

342 2119 434 2178 salvo
449 2119 560 2178 tamen
571 2121 648 2194 jure
663 2134 891 2195 personarum,
907 2134 979 2194 quae
993 2117 1040 2178 ibi
1053 2118 1136 2178 hac-

340 2218 438 2278 teuus
460 2215 598 2275 Domino
624 2215 830 2288 servierunt;
857 2215 984 2276 curiam
1007 2231 1136 2291 quoque

342 2311 535 2372 decimalem
550 2311 585 2371 iu
603 2312 728 2372 Seccab
743 2314 775 2372 11
789 2311 919 2374 domum
938 2311 971 2372 in
988 2311 1133 2384 Frisaco,

342 2420 440 2484 quam
457 2424 476 2468 a
490 2407 592 2468 nobili
606 2409 745 2470 muliere
761 2411 885 2480 Emma,
903 2411 935 2470 11
950 2409 1081 2469 domum
1101 2409 1135 2468 11

342 2503 476 2567 civitate
509 2505 762 2580 salzeburgensi
799 2522 896 2581 quam
922 2505 963 2565 ab
992 2506 1135 2566 Heurico

342 2601 414 2662 cive
428 2601 683 2678 salzeburgensi
712 2603 832 2672 emisti,
859 2618 902 2664 ex
926 2601 1044 2680 quibus
1060 2618 1134 2662 om-

341 2697 437 2758 nibus
463 2699 644 2760 secundum
669 2698 949 2760 existimationem
971 2699 1134 2759 bonorum

341 2796 488 2856 virorum
508 2797 732 2857 trecentarum
754 2797 965 2856 marcharum
987 2795 1135 2856 redditus

340 2892 489 2969 plenarie
519 2894 696 2968 provenire
725 2893 916 2963 creduntur,
947 2893 987 2952 de
1016 2892 1135 2967 quibus

340 2987 470 3050 tuturus
482 2989 657 3066 episcopus
668 2989 852 3050 honorifice
866 2989 988 3064 polerit
1003 2991 1135 3050 susten-

339 3087 416 3147 tari.

382 3181 475 3242 Unde
496 3181 591 3242 nobis
614 3198 674 3258 per
694 3183 845 3244 eumdem
868 3183 1080 3258 praepositum
1103 3186 1135 3243 11

340 3278 469 3338 litteras
483 3279 557 3338 tuas
578 3279 698 3339 iterum
721 3297 794 3340 cum
819 3277 980 3340 instantia
1003 3279 1134 3356 suppli-

341 3375 435 3445 casti,
453 3391 525 3434 cum
544 3375 679 3450 paratus
695 3377 742 3435 sis
765 3377 798 3438 11
813 3375 983 3436 dioecesim
998 3379 1030 3436 et
1054 3375 1133 3434 red·

340 3470 438 3540 ditus,
451 3471 536 3530 sicut
550 3471 704 3546 superius
721 3474 771 3532 est
792 3487 998 3548 expressum,
1023 3471 1134 3532 tuturo

339 3567 493 3644 episcopo
510 3567 693 3642 assignare,
714 3567 774 3628 tibi
789 3567 979 3630 facultatem
1000 3568 1134 3629 creandi

340 3679 462 3724 novum
474 3663 699 3740 episcopatum
710 3681 743 3724 m
756 3665 912 3740 predicta
923 3665 1134 3726 seccoviensi

339 3760 482 3822 ecclesia
499 3760 716 3832 traderemus
735 3762 781 3822 ita
794 3762 878 3838 quod
893 3761 1010 3824 electio
1026 3779 1065 3822 ac
1080 3763 1135 3822 in-

338 3858 496 3918 vestitura
510 3857 658 3934 11111111
672 3859 818 3934 episcopi
834 3859 874 3918 ad
891 3861 923 3920 te
945 3861 978 3920 11
999 3875 1134 3919 succes-

340 3969 432 4015 sores
446 3958 519 4014 tuos
533 3953 656 4030 absque
671 3955 758 4016 omni
775 3956 1036 4017 contradictione
1052 3971 1133 4031 per-

337 4051 453 4122 tineat,
471 4051 511 4111 de
535 4067 675 4127 quorum
700 4051 797 4112 bonis
820 4052 907 4112 idem
922 4053 1133 4128 episcopatus

338 4148 469 4208 dolatus
484 4148 634 4208 noscitur
646 4149 678 4208 et
689 4148 821 4210 ditatus.
836 4149 1015 4210 (turcensis
1024 4151 1133 4210 autem

338 4245 523 4320 episcopus,
541 4245 597 4320 qui
612 4245 758 4306 vicarius
775 4245 1049 4321 salzeburgensis
1069 4262 1145 4306 au-.

338 4341 452 4402 tistitis
468 4340 502 4400 in
523 4357 583 4401 sua
597 4341 733 4402 dioecesi
761 4358 834 4404 esse
858 4343 1075 4418 dignoscitur,
1098 4343 1133 4402 11

339 4437 396 4498 1111
409 4454 538 4516 quoque
549 4437 590 4500 sit
602 4439 796 4515 episcopatu
805 4441 960 4510 vicariae,
974 4440 1132 4516 quantum

338 4535 634 4612 archiepiscopalis
668 4536 773 4610 exigit
797 4536 997 4612 jurisdictio
1026 4551 1069 4597 ne
1099 4536 1134 4596 iu

338 4634 401 4696 boc
417 4633 515 4695 eiiam
527 4636 583 4710 jus
599 4633 607 4692 i
613 4633 703 4708 psius
714 4649 816 4708 grave
837 4633 1047 4710 dispendium
1069 4649 1132 4710 pa-

339 4731 453 4794 tiatur.

377 4831 446 4892 Nos
459 4829 561 4904 igitur
573 4826 685 4891 habito
701 4828 841 4890 lratrum
851 4831 1041 4890 nostrorum
1053 4843 1134 4891 con-

338 4927 425 4998 silio,
439 4927 516 5002 quia
531 4927 624 4986 tuum
641 4925 674 4986 in
686 4926 748 4987 bac
763 4927 858 5002 parte
872 4927 1076 5002 propositum
1092 4925 1134 4986 ad

338 5023 442 5084 divini
457 5023 602 5084 nominis
624 5023 766 5100 gloriam
783 5024 816 5084 et
836 5023 1028 5084 christianae
1048 5022 1132 5082 reli-

337 5119 446 5196 gionis
468 5121 682 5194 augmentum
701 5119 928 5188 intelleximus
955 5119 1132 5194 pertinere,

339 5218 452 5278 favore
464 5215 545 5275 illud
564 5217 752 5292 Apostolico
768 5217 1004 5292 prosequentes
1015 5217 1133 5292 postu-

336 5316 405 5376 lata
435 5311 660 5382 concedimus,
684 5313 771 5373 sicut
797 5313 948 5387 superius
973 5314 1050 5372 sunt
1073 5328 1134 5371 ex-

338 5427 464 5488 pressa,
480 5409 552 5470 sine
576 5410 664 5486 juris
679 5409 873 5487 praejudicio
898 5409 1011 5470 alieni.
1040 5408 1132 5470 Nulli

338 5504 561 5584 ergoomniuo
579 5507 750 5568 bominum
770 5506 869 5568 liceat
878 5505 964 5567 hanc
977 5506 1131 5583 paginam

1189 862 1412 936 apostolorum
1440 864 1513 938 ejus
1538 877 1574 922 se
1601 863 1731 924 noverit
1757 863 2005 924 incursurum.

1189 959 1306 1018 batum
1323 961 1435 1018 Romae
1457 958 1497 1018 ad
1527 961 1560 1018 S.
1588 962 1734 1030 Petrum,
1764 975 1823 1036 per
1850 975 2007 1021 manum

1190 1055 1336 1125 Renerii,
1362 1057 1393 1114 S.
1420 1057 1577 1116 Romanae
1597 1056 1755 1116 Ecclesiae
1770 1057 2005 1117 vicecancel-

1189 1151 1277 1223 larii,
1303 1151 1416 1212 Xkal.
1443 1151 1533 1228 julii,
1564 1151 1677 1212 indict.
1708 1155 1794 1224 Vlll,
1825 1156 2007 1214 lucarna-

1188 1248 1290 1308 tionis
1316 1249 1496 1308 Dominicae
1513 1264 1600 1310 anno
1616 1251 1820 1320 MGCXVIII,
1851 1249 2005 1326 pontisi-

1190 1346 1374 1406 catusvero
1390 1345 1516 1406 domini
1542 1346 1683 1408 Houorii
1710 1360 1805 1424 papae
1828 1347 1875 1406 ΠΙ
1896 1362 2001 1408 anno

1189 1441 1345 1502 secundo.

1229 1539 1319 1598 Nulli
1335 1555 1413 1613 ergo
1429 1541 1565 1600 omuino
1590 1539 1760 1602 homiuum
1782 1541 1882 1602 liceat
1898 1541 1999 1602 hanc

1190 1637 1345 1712 paginam
1369 1638 1491 1697 nostrae
1521 1638 1746 1698 annotationis
1770 1639 1803 1700 et
1822 1638 2000 1699 coustitu-

1188 1732 1290 1793 tionis
1325 1731 1518 1808 intringere,
1548 1733 1601 1794 vel
1629 1734 1661 1796 ei
1686 1749 1772 1798 1111
1803 1734 1995 1795 temerario

1190 1829 1369 1891 contraire.
1398 1830 1432 1890 Si
1470 1829 1544 1906 quis
1577 1831 1688 1891 autem
1723 1830 1786 1890 hoc
1818 1832 1995 1892 attentare
2083 1821 2084 1824 '

1190 1927 1448 2002 praesumpserit,
1467 1925 1728 2001 indignationem
1747 1927 1993 2002 omnipotentis

1190 2023 1248 2082 Dei
1265 2023 1297 2084 11
1311 2023 1483 2084 beatorum
1497 2023 1586 2084 Petri
1603 2025 1635 2084 et
1646 2024 1741 2084 Pauli
1757 2025 1990 2105 apostolorum
2083 2043 2084 2052 ¹

1190 2123 1260 2194 ejus
1277 2121 1456 2182 senoverit
1479 2121 1704 2180 incursurum.
1726 2123 1843 2182 Datum
1866 2123 1988 2192 Reate,

1189 2219 1232 2276 Vl
1254 2217 1328 2276 idus
1348 2218 1491 2293 augusti,
1520 2217 1732 2294 pontificatus
1753 2217 1859 2280 nostri
1892 2234 1988 2278 anuo

1190 2312 1328 2372 decime.

1545 2561 1623 2648 Vll

1215 2737 1267 2794 Ad
1281 2735 1434 2796 abbatem
1449 2735 1481 2796 et
1494 2738 1653 2808 priorem
1669 2737 1956 2809 Aqrctctnctenrcs.

1470 2883 1487 2939 9
1500 2885 1616 2958 augusti
1630 2884 1707 2940 laus.

1190 3013 1285 3077 [Fouds
1297 3016 1407 3073 1111111,
1421 3015 1477 3064 lllss.
1489 2989 1603 3072 1111111.
1614 3015 1735 3074 CXXXV,
1743 3030 1768 3079 p.
1777 3015 1901 3074 malit.
1911 3017 1979 3080 nat]

1189 3145 1321 3218 indulget
1339 3162 1376 3203 ne
1403 3162 1452 3220 per
1476 3149 1694 3205 commissiones
1715 3149 1885 3221 Apostolicae
1901 3147 1981 3206 Sedis

1224 3235 1377 3306 procedere
1393 3243 1554 3306 teneantur,
1575 3238 1630 3294 nisi
1642 3236 1678 3294 de
1692 3237 1869 3309 indulgentia
1880 3236 1978 3309 huius-

1224 3324 1301 3380 modi
1321 3322 1439 3382 iecerint
1454 3325 1640 3384 mentionem.

1228 3468 1407 3540 Honorius,
1424 3469 1500 3541 111,
1521 3469 1652 3530 dilectis
1671 3469 1749 3529 tiliis
1765 3469 1893 3530 abbatis
1909 3471 1976 3531 et..

1188 3565 1293 3641 priori
1314 3564 1573 3641 aquicinctensi,
1595 3565 1735 3626 salutem
1757 3569 1791 3628 et
1809 3567 1977 3644 Apostoli-

1189 3675 1260 3720 cam
1275 3660 1550 3722 benedictionem.

1228 3759 1254 3816 Α
1271 3757 1365 3817 nobis
1379 3757 1550 3818 humiliter
1560 3758 1764 3832 postulastis.
1780 3761 1816 3822 ut
1830 3777 1902 3820 cum
1916 3776 1979 3820 uon

1188 3851 1340 3914 habeatis
1364 3853 1451 3929 jnris
1482 3853 1636 3930 peritiam
1666 3855 1699 3914 11
1726 3859 1862 3932 propter
1890 3857 1979 3932 judi-

1188 3951 1316 4010 ciorum
1342 3950 1515 4026 strepitum
1547 3951 1716 4028 coutingat
1745 3953 1794 4012 sic
1824 3952 1859 4012 11
1887 3952 1977 4014 vobis

1189 4047 1477 4124 contemplationis
1503 4049 1607 4108 otium
1640 4047 1804 4123 impediri,
1835 4050 1978 4112 eximere

1187 4161 1290 4206 vosa
1322 4145 1591 4205 commissionum
1626 4148 1815 4206 nostrarum
1851 4146 1977 4207 sollici-

1187 4243 1301 4303 tudine
1321 4242 1547 4318 dignaremur.
1580 4243 1649 4303 Nos
1677 4248 1787 4302 autem
1814 4243 1978 4304 devotioni

1187 4341 1307 4400 vestrae
1343 4339 1540 4400 auctoritate
1574 4339 1787 4416 presentiam
1829 4339 1979 4416 indulge·
2083 4367 2084 4372 ¹

1187 4453 1281 4509 mus,
1307 4452 1349 4498 11
1376 4451 1435 4512 per
1463 4435 1714 4498 commissiones
1739 4437 1882 4508 nostras,
1899 4454 1979 4514 quas

1188 4534 1228 4594 ad
1264 4549 1324 4594 vos
1364 4532 1404 4592 de
1432 4533 1553 4593 caetero
1586 4533 1759 4608 impetrari
1793 4533 1976 4610 contigerit,

1188 4630 1366 4707 procedere
1393 4627 1585 4699 teneamini,
1612 4629 1677 4690 uisi
1707 4629 1746 4690 de
1775 4630 1979 4706 indulgentia

1188 4726 1377 4804 hujusmodi
1396 4724 1537 4788 iecerint
1558 4727 1771 4788 mentionem.
1796 4727 1888 4788 Nulli
1903 4745 1977 4805 ergo

1188 4825 1322 4884 omniuo
1361 4821 1534 4884 bominum
1570 4822 1670 4886 liceat
1704 4823 1791 4884 hanc
1825 4825 1978 4901 pagiuam

1188 4923 1310 4982 nostrae
1332 4919 1558 4983 concessionis
1571 4919 1768 4996 iufringere,
1785 4921 1839 4982 vel
1854 4923 1887 4984 ei
1899 4939 1978 4984 ausu

1188 5017 1367 5080 temerario
1399 5017 1579 5078 contraire.
1611 5018 1645 5078 Si
1677 5019 1752 5094 quis
1780 5023 1892 5080 autem
1919 5019 1977 5082 hoc

1187 5116 1349 5177 attentare
1399 5114 1665 5192 praesumpserit,
1718 5115 1975 5190 indignationem

1187 5211 1422 5288 omnipotentis
1436 5211 1495 5272 Dei
1511 5213 1543 5272 et
1554 5209 1725 5272 beatorum
1739 5213 1830 5273 Petri
1842 5215 1874 5276 et
1888 5215 1978 5274 Pauli

1188 5309 1416 5385 apostolorum
1441 5311 1513 5384 ejus
1540 5323 1576 5368 se
1600 5309 1731 5370 noverit
1756 5311 1975 5372 incursurum.

1188 5407 1306 5467 Datum
1328 5407 1442 5478 Reate,
1462 5405 1579 5466 Vidus
1604 5405 1749 5484 augusti,
1770 5407 1977 5482 pontificatus

1189 5503 1294 5565 nostri
1312 5518 1400 5564 auno
1416 5501 1554 5566 decimo.
