4222 6374
296 263 337 326 27
406 204 410 212 Ἰ
919 253 1095 326 HONORII
1117 257 1162 319 111
1183 256 1331 322 OPERA.
1903 251 1944 312 28

297 403 501 482 subdiacono
528 415 712 484 memorato
748 411 807 494 (l).
837 413 954 492 Nuper
980 415 1092 478 autem
1145 429 1268 478 remur.
1298 413 1382 486 Quia
1407 425 1487 474 vero
1514 409 1585 494 [in]
1617 411 1800 475 intentione
1826 407 1943 473 nostra

297 514 414 578 eadem
451 516 495 576 M.
533 511 655 576 nobilis
694 510 866 572 humiliter
893 511 1093 589 supplicavit
1149 508 1240 591 [non]
1257 511 1378 583 extitit,
1400 511 1437 573 ut
1455 527 1515 587 per
1533 511 1782 572 innovationem
1801 508 1944 586 praedic-

297 610 345 684 ut,
369 627 445 674 cum
470 627 491 672 a
513 613 550 672 B.
569 609 761 686 supradicto
783 608 984 680 discesserit,
1004 609 1037 670 et
1051 609 1091 669 ad
1146 611 1213 672 tam
1238 608 1457 685 derogaretur
1475 607 1547 686 juri
1567 607 1718 670 ecclesiae
1737 607 1942 679 memoratae,

300 725 376 772 eum
385 723 554 786 nunquam
569 706 691 768 babeat
703 706 908 782 propositum
918 705 1090 777 redeundi,
1147 722 1247 782 quum
1271 707 1444 768 innovatio
1468 721 1531 766 nee
1551 708 1607 782 jus
1634 720 1757 766 novum
1781 702 1942 774 conterat,

296 807 404 884 ipsam
419 821 440 867 a
454 805 593 883 praelata
617 803 782 866 sententia
806 819 905 880 quam
920 818 957 864 se
975 803 1093 864 incur·
1147 817 1209 865 nec
1228 804 1330 864 etiarn
1352 803 1449 864 tollat
1467 803 1576 874 vetus,
1596 803 1630 865 te
1649 802 1684 863 in
1703 818 1742 864 eo
1761 797 1850 863 statu
1870 816 1944 862 esse

297 903 384 966 risse
404 902 570 975 formidat,
588 900 773 964 laceremus
788 900 927 962 absolvi.
951 900 1093 977 ideoque
1147 900 1312 974 volumus,
1325 902 1361 961 in
1380 916 1457 977 que,
1473 901 1623 977 tempore
1642 899 1828 976 impetratae
1847 899 1947 960 inno-

297 1001 495 1062 discretioni
517 1002 638 1062 uestrae
662 1015 722 1076 per
749 998 941 1074 Apostolica
969 998 1094 1075 scripta
1147 999 1293 1061 rationis
1333 998 1541 1075 dignosceris
1577 997 1740 1058 extitisse.
1781 989 1945 1058 Caeterum

297 1099 511 1170 mandamus,
549 1098 711 1174 quatenus
740 1096 847 1173 ipsam
878 1111 897 1158 a
929 1096 1093 1158 sententia
1147 1097 1277 1158 nullum
1289 1113 1349 1174 per
1364 1097 1427 1157 hoc
1439 1096 1644 1159 intendimus
1654 1095 1726 1172 juri
1739 1094 1823 1156 alias
1837 1093 1944 1154 eidem

297 1195 489 1274 hujusmodi
502 1194 694 1268 absolvatis,
717 1192 1094 1270 injunctoeiquodvide-
1148 1195 1352 1258 monasterio
1376 1194 1575 1270 competenti
1597 1192 1827 1270 praejudicium
1842 1207 1946 1268 gene-

297 1292 372 1356 ritis
384 1291 636 1370 injungendum.
654 1289 746 1362 Quod
760 1290 791 1352 si
805 1307 872 1352 non
887 1305 1013 1360 omues,
1028 1291 1092 1352 etc.
1148 1293 1230 1356 rari.
1251 1294 1370 1356 Datum
1390 1292 1560 1363 Laterani,
1581 1293 1640 1352 XV
1657 1290 1791 1352 kalend.
1812 1291 1947 1352 decem-

298 1389 419 1454 Datum
433 1388 602 1460 Laterani,
622 1389 698 1452 XVI
711 1386 780 1452 kal.
799 1386 985 1456 decembris
1005 1401 1094 1452 auno
1148 1390 1229 1462 bris,
1245 1387 1457 1468 pontificatus
1472 1388 1580 1450 nostri
1594 1403 1683 1449 auno
1698 1389 1804 1450 sexto.
1880 1398 1883 1404 '

297 1484 406 1550 ⁸⁰3⁰·
1188 1523 1364 1597 Scriptum
1382 1523 1434 1586 cst
1451 1538 1559 1598 super
1572 1527 1635 1586 boc
1652 1525 1783 1586 eisdem
1796 1523 1834 1582 tn
1849 1533 1947 1583 eunc-

1149 1623 1228 1682 dem
1248 1624 1323 1697 sere
1341 1624 1481 1682 modum
1505 1621 1662 1698 utsupra
1681 1633 1789 1694 usqtie
1809 1618 1947 1696 dignos-

636 1697 762 1783 XXXI
1150 1718 1247 1790 citur,
1273 1719 1438 1780 extitisse.
1464 1719 1510 1779 Ea
1545 1717 1681 1795 propter
1707 1717 1862 1780 volumus
1887 1731 1947 1794 per

439 1838 491 1898 Aa
504 1839 728 1912 Bajocemem
743 1840 951 1912 episcopum,
1150 1814 1326 1892 praedictas
1342 1814 1471 1878 litteras
1486 1814 1528 1878 ad
1545 1831 1604 1878 ros
1620 1815 1661 1876 ab
1681 1813 1800 1876 abbate
1815 1829 1854 1876 ac
1869 1829 1946 1875 mo-

559 1969 592 2026 ii
606 1967 729 2026 novemb
758 1968 825 2028 ml
1150 1913 1267 1973 nachis
1293 1913 1488 1990 impetratas
1509 1913 1656 1990 aliquem
1672 1912 1713 1974 de
1737 1915 1858 1974 caetero
1882 1911 1948 1972 lia-

733 2009 739 2024 ·
829 2009 837 2024 ’
1119 2077 1120 2082 1
1150 2008 1223 2070 beri
1235 2025 1439 2086 processum,
1455 2012 1488 2072 et
1500 2010 1626 2088 siquod
1641 2025 1756 2071 eorum
1768 2009 1946 2071 occasione

324 2093 448 2157 [Rima
459 2090 505 2143 lib.
517 2090 562 2153 vi,
577 2089 651 2155 W·
661 2091 703 2140 ω·
715 2091 774 2142 ⁸³⁸·
789 2091 827 2142 ¹⁴⁸
840 2091 916 2141 ‘⁰¹²⁸
930 2091 965 2142 ‘¹³
978 2091 1073 2156 Τιὶθὶιι]
1151 2105 1273 2168 factum
1283 2108 1374 2168 estin
1385 2107 1532 2183 ejusdem
1543 2107 1690 2184 episcopi
1702 2105 1944 2184 praejudicium,

336 2213 487 2274 innovatio
502 2213 616 2287 noejus
631 2227 737 2271 novum
749 2213 887 2286 conterat,
903 2229 958 2273 nee
972 2215 1059 2274 ettam
1151 2203 1192 2264 ad
1212 2205 1335 2265 statum
1354 2204 1533 2281 pristinum
1555 2219 1761 2266 revocamus.
1784 2203 1947 2266 Caeterum

608 2302 795 2360 tollatvetus.
1151 2301 1278 2362 nullum
1305 2317 1364 2379 per
1392 2301 1466 2374 hoe,
1492 2303 1554 2364 etc.
1586 2303 1629 2362 Ut
1653 2316 1753 2378 supra
1778 2315 1885 2376 espace
1909 2303 1948 2362 tn

341 2420 520 2490 Honorius,
536 2421 613 2492 etc,
630 2419 817 2482 venerabili
831 2419 926 2482 tratri
942 2421 1096 2499 episcopo
1151 2401 1267 2472 finem·

302 2517 490 2595 Baiocensi.

343 2613 613 2692 supplicantibus
635 2613 730 2675 nobis
755 2615 834 2676 olim
863 2615 994 2678 dilectis
1020 2616 1097 2677 tiliis
1473 2597 1622 2686 XXXII

301 2709 422 2774 abbate
439 2727 480 2774 ac
495 2713 661 2773 conventu
680 2712 874 2774 monasterii
890 2713 1002 2774 Sancti
1019 2713 1097 2775 Ste-
1152 2749 1678 2810 Mmmmmssmmnmm
1685 2747 1947 2822 mmmm

303 2808 408 2888 phuni
424 2808 621 2880 Cadornen,
639 2808 802 2886 quoddam
815 2811 974 2888 scriptum
992 2811 1027 2872 in
1040 2826 1097 2872 re-

302 2907 397 2984 gesto
411 2905 507 2968 bonae
520 2907 688 2968 memoriae
703 2906 885 2969 Alexandri
900 2924 994 2985 papae
1006 2908 1098 2970 tertii
1410 2879 1444 2938 ¹9
1456 2877 1589 2937 ¹¹⁰V⁰¹¹¹b·
1607 2879 1686 2937 ¹²²¹·

302 3003 559 3082 predecessoris
572 3004 678 3065 nostri
693 3007 860 3081 repertum
876 3005 1030 3067 duximus
1045 3005 1099 3067 in·
1154 3003 1435 3068 [fluitat-Braneus,
1447 3003 1512 3054 nisi.
1527 3003 1725 3068 uipi.,11‚2au;
1740 3001 1868 3068 asynan,
1881 3004 1949 3054 nnn.

281 3100 505 3172 novandum,
534 3099 720 3162 venerabili
748 3100 844 3163 fratri
874 3103 988 3164 nostro
1009 3103 1099 3181 epis-
1422 3083 1507 3134 ⁸⁶²⁰·
1522 3083 1676 3146 ΜΝ]

304 3212 398 3275 copo,
411 3199 444 3258 et
454 3195 584 3258 dilectis
595 3195 673 3257 tiliis
684 3195 810 3259 decano
821 3198 1014 3272 Lexovieu„
1027 3200 1096 3261 et...
1154 3197 1304 3258 Fredenco
1317 3197 1481 3273 imperatori
1492 3197 1634 3256 infelicem
1648 3197 1789 3256 exercitus
1798 3196 1950 3256 christiani

305 3293 411 3372 priori
434 3295 563 3355 sanctae
590 3293 746 3356 Barbarae
773 3294 989 3356 Lexoviensjs
1013 3295 1099 3357 dioe.
1187 3287 1458 3362 cusumexprobrat,
1471 3303 1555 3360 quem
1568 3287 1608 3345 illi
1621 3287 1701 3346 multi
1714 3289 1949 3360 imputantflor·

306 3391 392 3454 cesis
405 3391 664 3453 nostris-dantes
683 3391 803 3453 litteris
819 3392 853 3453 in
870 3393 1047 3466 mandatis
1064 3395 1100 3456 ut
1189 3382 1265 3478 ‘diui
1275 3391 1341 3478 ⁰J¹¹¹¹
1356 3375 1479 3475 &¹¹⁰⁰ss
1489 3377 1729 3450 vituperationem
1740 3377 1907 3434 0⁰¹8¹1¹D¹³⁰
1921 3381 1951 3452 ,0‘

304 3488 437 3552 eosdem
450 3486 603 3551 abbatem
617 3488 651 3550 et
667 3490 865 3550 conuentum
882 3505 948 3550 non
963 3491 1101 3566 permit·
1188 3463 1352 3522 h⁰ffl¹¹¹¹b¹¹⁸
1366 3463 1541 3522 dstflffldffl·

306 3587 416 3648 terent
437 3587 553 3647 contra
570 3584 718 3662 ejusdem
740 3584 855 3663 scripti
875 3587 1024 3649 tenorem
1047 3589 1099 3651 te·
1193 3590 1362 3653 Honorius
1370 3591 1558 3670 episcopus,
1569 3605 1685 3654 servus
1694 3603 1868 3652 servorum
1877 3590 1949 3660 Dei,

306 3698 397 3746 mere
419 3682 599 3754 molestari,
619 3682 848 3746 molestatores
863 3683 1028 3746 indebitos
1041 3700 1101 3762 per
1154 3689 1274 3753 dilecto
1296 3687 1365 3750 tilio
1390 3689 1579 3762 Frederico,
1599 3687 1791 3751 salutemet
1812 3688 1950 3765 aposto-

306 3795 483 3844 censuram
496 3780 757 3842 eeclesiasticam
771 3781 995 3858 appellatione
1007 3784 1100 3860 post-
1154 3787 1255 3848 licam
1267 3785 1544 3849 benedictionem.

306 3879 414 3958 posita
427 3879 685 3958 compescentes.
708 3881 794 3940 Sane
814 3879 860 3950 tu,
877 3881 1014 3957 propter
1025 3880 1099 3950 boc,
1195 3885 1337 3944 Moerore
1352 3882 1469 3961 plenas
1485 3881 1545 3944 tibi
1564 3882 1715 3958 cogimur
1730 3882 1859 3944 litteras
1876 3881 1954 3944 dos-

306 3979 348 4041 ad
367 3977 590 4056 Apostoiioam
611 3978 728 4039 Sedem
747 3977 909 4040 accedens
930 3978 965 4040 in
987 3980 1100 4042 nostra
1155 3981 1274 4054 tinere,
1287 3979 1685 4058 quianostramanimam
1700 3979 1814 4042 acerbi
1827 3978 1953 4040 doloris

305 4074 538 4152 conquerendo
557 4075 761 4151 proposuisti
778 4075 958 4152 praesentia
977 4076 1098 4156 0011qu
1155 4078 1287 4158 gladius
1305 4077 1534 4157 pertransivit,
1559 4078 1592 4138 et
1610 4075 1719 4140 adhuc
1743 4077 1953 4139 incessanter

304 4171 408 4244 tutus,
426 4171 513 4248 quod
531 4171 618 4232 idem
638 4169 751 4244 abbas,
773 4173 806 4234 ot
824 4173 1006 4235 conventus
1026 4173 1103 4234 nul·
1156 4175 1363 4238 concidimur
1372 4174 1511 4238 vulnere
1519 4189 1620 4250 super
1627 4174 1758 4235 vulnus.
1771 4175 1852 4236 Cum
1860 4173 1951 4235 enim

305 4269 375 4330 lum
395 4268 607 4346 privilegium
626 4267 790 4330 libertatis
810 4269 863 4332 vel
882 4270 1101 4348 exemptionis
1156 4273 1277 4335 flebilis
1289 4289 1385 4336 casus
1397 4272 1565 4334 exercitus
1576 4271 1751 4334 christiani
1763 4286 1824 4332 nos
1838 4271 1953 4332 dolore

305 4365 484 4438 habebant,
512 4367 578 4438 cui,
611 4366 640 4426 si
669 4366 770 4428 otiam
794 4365 999 4442 habuissent,
1027 4383 1102 4430 cum
1157 4370 1361 4433 intolerabili
1390 4369 1607 4444 sauciaverit3
1644 4366 1856 4446 deplorantes
1884 4384 1952 4430 non

306 4463 382 4536 hoc,
404 4463 439 4526 ut
460 4461 604 4535 dicebas,
622 4461 842 4540 quadraginta
860 4464 958 4526 annis
979 4466 1013 4527 et
1030 4475 1103 4528 am·
1156 4469 1224 4532 tam
1239 4468 1371 4530 labores
1384 4469 1418 4530 et
1432 4470 1582 4544 sumptus
1597 4481 1680 4543 quos
1691 4468 1762 4543 jam
1777 4481 1838 4542 per
1852 4466 1954 4544 quin-

306 4561 395 4639 plius
416 4560 468 4620 usi
488 4577 555 4622 uon
576 4559 710 4632 fuerint,
724 4561 881 4623 extiterat
895 4561 1100 4638 derogatum,
1157 4583 1220 4644 que
1250 4581 1356 4627 annos
1377 4564 1605 4626 indesinenter
1626 4563 1823 4640 pertulimus
1847 4578 1952 4641 quos-

307 4657 366 4719 sed
386 4658 450 4735 ipsi
471 4657 646 4720 occasione
666 4657 892 4720 innovationis
913 4658 1102 4738 hujusmodi
1157 4679 1221 4742 que
1236 4663 1440 4726 christianus
1465 4661 1617 4738 populus,
1642 4661 1677 4720 in
1699 4659 1799 4722 rebus
1821 4662 1855 4722 et
1874 4675 1954 4738 per-

307 4755 343 4816 in
367 4755 563 4832 quibusdam
592 4770 628 4816 se
654 4754 695 4815 ab
721 4755 903 4832 episcopali
923 4759 1003 4834 juro
1023 4757 1103 4818 sub-
1158 4761 1249 4822 sonis
1276 4760 1389 4832 subiit,
1414 4773 1488 4820 esse
1512 4771 1649 4834 prorsus
1673 4759 1827 4826 amissos,
1853 4773 1953 4835 quam

306 4853 442 4918 trabere
457 4852 659 4924 nitebantur,
675 4867 714 4913 ac
729 4851 778 4914 eis
796 4853 992 4931 quibusdam
1007 4856 1103 4933 quast
1158 4858 1386 4922 contusionem
1407 4855 1584 4917 christiani
1604 4855 1760 4926 nominis,
1787 4855 1821 4916 et
1844 4855 1952 4930 ipsius

307 4951 552 5030 possessionem
567 4949 655 5028 juris
672 4949 778 5026 ipsius
796 4950 943 5014 indebite
965 4952 1102 5030 pertur-
1157 4957 1318 5034 injuriam
1338 4957 1417 5016 iesu
1435 4953 1559 5016 Christi
1578 4953 1647 5030 qui,
1661 4951 1807 5030 peccatis
1828 4952 1953 5014 nostris

307 5047 441 5137 habant.
459 5048 553 5110 Unde
572 5045 720 5126 petebas,
737 5049 774 5110 ut
792 5064 834 5112 ne
853 5048 939 5112 forte
957 5049 998 5111 de
1016 5049 1103 5112 iacto
1158 5035 1380 5130 exigentibus,
1394 5050 1655 5128 blasphematur,
1672 5065 1749 5112 ecce
1768 5050 1846 5111 novi
1859 5048 1955 5111 dolo-

308 5146 396 5226 quod
409 5146 450 5210 ad
464 5145 655 5224 opinionem
670 5145 842 5208 hominum
854 5147 932 5208 laedi
947 5149 1101 5224 Bajooen.
1157 5152 1206 5214 ris
1217 5151 1356 5214 vulnere
1366 5148 1569 5221 sauciamur,
1583 5149 1748 5212 clamante
1763 5147 1880 5212 contra
1892 5161 1954 5210 uos

308 5243 459 5308 ecclesiae
470 5243 601 5320 justitia
616 5243 798 5318 videretur,
815 5244 990 5324 providere
1004 5259 1106 5322 super
1159 5249 1314 5311 universo
1325 5246 1448 5326 populo
1458 5245 1654 5318 christiano,
1669 5247 1703 5306 et
1715 5243 1810 5306 nebia
1821 5244 1954 5306 ruinam

308 5342 427 5406 hoedo
448 5340 590 5422 quadam
606 5342 744 5406 cautelae
762 5341 966 5406 abundantia
985 5343 1105 5419 digua·
1159 5345 1289 5424 praelati
1304 5344 1472 5407 exercitus
1484 5343 1670 5420 imputante
1684 5357 1725 5403 ac
1739 5339 1882 5417 publicis
1895 5341 1954 5402 im·

344 5491 387 5566 (Ι)
411 5487 584 5622 delegendae
613 5498 679 5549 suni
704 5492 822 5551 lionorii
845 5493 946 5550 littere
967 5491 1105 5549 adversus
1159 5500 1234 5562 tatae,
1250 5492 1297 5550 lib.
1316 5496 1365 5563 ΙΙΙ,
1380 5492 1460 5566 epist.
1478 5493 1544 5564 CCi,
1564 5490 1619 5548 col.
1635 5489 1684 5548 an
1698 5489 1734 5546 ad
1747 5504 1854 5549 annum
1873 5489 1953 5560 iiis,

309 5562 464 5624 burchardi
495 5563 650 5623 eivesuis
661 5565 873 5622 matrimonium
889 5564 1102 5636 superiusreci·
1158 5563 1194 5623 ai
1210 5565 1316 5636 aprilis.
