4274 6388
157 310 220 388 aso
776 308 1005 375 nmsronm.
1027 310 1106 372 uua.
1129 309 1199 370 vn.
1735 307 1796 368 aoo

161 467 291 532 Sanctae
321 468 438 530 Maria
458 467 740 531 'theutonicorum
753 467 950 547 Hierosoly·
1003 466 1112 530 torum
1146 465 1306 529 offensam
1335 466 1482 528 divinam
1509 466 1649 543 mitigat,
1679 464 1795 527 datin

158 566 293 637 mitani,
319 566 458 632 salutem
486 568 519 627 et
538 566 762 642 apostolicam
790 565 949 627 benedic·
1005 565 1161 641 praesenti
1170 564 1311 639 gratiam
1322 564 1355 625 et
1374 563 1489 638 adjicit
1502 564 1644 639 gloriam
1660 563 1695 624 in
1705 562 1798 624 lulu-

158 663 296 725 tionem.
1005 664 1142 738 reipsa
1157 661 1245 722 enim
1259 661 1409 737 dispersa
1418 659 1697 736 multiplicaturet
1710 674 1798 722 ores·

200 761 476 822 Graviteroculos
502 760 625 822 divinae
646 761 829 838 majestatis
844 759 952 821 offen-
981 793 982 796 =
1005 759 1060 830 cit,
1073 759 1106 820 et
1115 758 1260 834 reposita
1275 757 1310 818 in
1323 773 1440 819 manus
1454 772 1635 833 pauperum
1646 757 1797 818 coelestes
1914 819 1916 828 ,

159 856 241 918 dunt
256 857 288 919 et
301 857 528 919 thesaurizant
542 857 604 918 sibi
617 857 702 919 iram
717 858 753 920 in
768 858 822 919 die
832 857 951 936 judicii
1006 856 1197 932 congeritur
1220 855 1255 916 in
1269 854 1455 926 thesauros,
1473 853 1552 930 quin
1572 853 1691 928 potius,
1710 853 1798 930 quod

155 953 238 1032 justi
250 953 320 1025 Dei,
333 953 571 1030 quireligionis
583 953 733 1016 habitum
746 956 951 1015 assumentes
1006 953 1065 1014 uni
1086 967 1129 1013 ex
1153 951 1299 1014 minimis
1316 950 1440 1012 factum
1463 949 1564 1011 fuerit
1583 949 1622 1012 de
1642 951 1798 1026 operibus

138 1052 192 1122 ,et
207 1050 403 1126 incipientes
420 1052 559 1112 Domino
583 1051 737 1112 famulari
759 1051 801 1112 ad
816 1051 952 1128 AEgypti
1006 1048 1171 1120 caritatis,
1202 1047 1268 1125 ipsi
1293 1047 1431 1108 Domino
1462 1046 1585 1108 lactum
1617 1046 1799 1109 secundum

159 1147 297 1208 delicias
315 1146 491 1209 derelictas
516 1147 693 1211 inhiantet
719 1164 876 1226 pepones,
893 1147 953 1208 ab·
1005 1145 1156 1207 veritatis
1165 1143 1624 1222 eloquiumperhibetnr.N0n
1633 1143 1801 1205 astantem

154 1244 310 1322 jactoque
320 1246 402 1321 jugo
424 1245 555 1306 Domini
578 1244 794 1308 sacularibus
810 1245 952 1320 negotiis
1006 1240 1120 1314 alicui,
1143 1241 1230 1302 sicut
1250 1239 1464 1308 arbitramur,
1480 1239 1696 1315 incognitum,
1714 1239 1804 1318 quod

160 1357 197 1402 se
219 1340 405 1403 immiscent
425 1342 458 1403 el
475 1341 592 1403 illicita
607 1343 835 1411 mercimonia,
851 1342 952 1402 immo
1007 1338 1118 1400 dilecti
1131 1337 1204 1410 filii,
1215 1338 1334 1399 fratres
1345 1337 1528 1413 Hospitalis
1541 1338 1671 1399 Sanctae
1683 1337 1801 1399 Mariae

159 1437 353 1500 detestanda
366 1437 583 1500 contubernia
595 1439 793 1501 contrahere
807 1455 874 1500 non
889 1437 954 1499 for·
1007 1436 1287 1498 Theutonioorum
1316 1434 1622 1511 Hierosolymitani‚
1653 1435 1710 1512 qui
1739 1451 1801 1497 sua

158 1535 296 1597 midant.
319 1534 474 1613 Plerique
499 1536 611 1608 etiam,
635 1537 692 1613 qui
719 1539 786 1597 Deo
808 1536 845 1597 in
867 1535 953 1596 fictis
1007 1532 1801 1612 omnia,immoetseipsossuperimpenduntser·

159 1631 315 1710 operibus
343 1633 549 1694 mentiuntur
582 1633 719 1695 obtentu
749 1632 843 1694 falsae
872 1633 954 1694 reli·
1007 1631 1175 1693 vitioJesu
1185 1629 1374 1703 Christi,sic
1384 1629 1586 1692 intentisunt
1595 1629 1686 1690 circa
1697 1646 1800 1706 opera

159 1729 281 1805 gionis,
309 1745 408 1807 quam
434 1730 544 1807 potius
571 1729 689 1792 volunt
713 1729 828 1806 fugere
855 1744 953 1806 quam
1008 1727 1168 1799 caritatis,
1197 1726 1388 1803 specialiter
1410 1725 1451 1786 ad
1476 1725 1702 1792 defensionem
1723 1727 1803 1789 fidei

158 1827 300 1899 mutare,
317 1841 384 1887 non
397 1813 500 1904 petita
515 1826 666 1903 magistri
681 1826 733 1887 sui
750 1825 885 1889 licentia
900 1827 952 1887 vel
1009 1823 1217 1896 Christianae,
1228 1823 1424 1884 aemulantes
1439 1823 1679 1899 quodammodo
1691 1823 1801 1885 zelum

159 1922 305 1996 obtenta,
320 1939 356 1984 se
366 1923 408 1984 ad
421 1923 525 1984 alium
537 1923 711 1999 religionis
721 1923 830 1984 locum
840 1925 954 1984 trans-
1008 1921 1190 1992 Mathaliae,
1207 1936 1309 1996 quum
1331 1919 1460 1981 videret
1473 1921 1590 1982 sancta
1604 1920 1736 1981 Domini
1758 1920 1800 1982 ab

160 2020 282 2092 ferunt,
299 2033 366 2081 non
379 2019 601 2092 advertentes,
618 2019 704 2096 quod
717 2022 805 2081 Deus
815 2034 881 2080 non
896 2019 955 2080 fal·
1008 2015 1335 2080 exterisnationibus
1349 2014 1566 2093 prophanari,
1583 2017 1640 2094 qui
1652 2017 1755 2079 vitam
1766 2017 1802 2078 in

159 2116 242 2178 litur
262 2133 325 2178 neo
349 2117 532 2178 altissimus
559 2115 726 2178 irridetur.
755 2117 825 2177 Nos
851 2116 955 2191 igitur
1008 2114 1169 2191 patientia
1194 2113 1340 2176 tolerant
1362 2113 1450 2176 etin
1474 2113 1640 2176 desiderio
1662 2116 1803 2176 mortem

160 2229 262 2291 super
275 2213 328 2274 his
343 2213 492 2275 volentes
506 2213 644 2290 speciali
659 2211 801 2290 quadam
820 2213 953 2290 sollici·
1008 2209 1141 2283 habent,
1157 2210 1254 2272 bonis
1274 2211 1385 2272 tamen
1407 2209 1597 2272 coelestibus
1620 2211 1800 2274 inhiantes.

160 2311 275 2372 tudine
305 2310 492 2386 providere,
517 2311 715 2372 auctoritate
739 2310 954 2387 praesentium
1008 2310 1114 2381 Quum
1142 2308 1246 2384 igitur
1273 2306 1351 2368 dicti
1381 2306 1512 2380 fratres,
1541 2308 1598 2384 qui
1627 2307 1804 2371 effundunt

161 2406 362 2479 inhibemus,
377 2422 419 2468 ne
439 2406 524 2482 quis,
540 2407 614 2484 post
638 2406 878 2484 professionem
894 2422 953 2468 or·
1008 2421 1088 2482 opes
1104 2406 1137 2467 et
1151 2405 1287 2467 tradunt
1299 2420 1439 2482 corpora
1453 2420 1513 2482 pro
1526 2404 1682 2466 zelolidei
1693 2405 1804 2466 chris-

162 2503 249 2564 dinis
261 2504 364 2564 vestri
378 2503 472 2565 vobis
487 2504 688 2580 regulariter
711 2504 832 2566 iactam
853 2503 954 2564 habi·
1008 2504 1120 2574 tianae,
1138 2501 1178 2562 ad
1194 2501 1423 2578 eleemosynas
1444 2517 1510 2562 non
1533 2501 1700 2564 sufficiant
1716 2519 1801 2564 con-

160 2601 295 2678 tumque
317 2601 497 2678 receptum,
514 2601 555 2661 ad
580 2601 738 2662 saeculum
765 2601 818 2664 vel
841 2601 954 2662 mundi
1009 2598 1131 2671 suetas,
1148 2599 1214 2658 nisi
1235 2598 1382 2660 fidelium
1398 2597 1568 2674 suffragiis
1592 2597 1800 2676 adjuventur,

162 2693 315 2755 militiam
339 2697 397 2756 aut
425 2696 603 2756 saeculares
627 2695 761 2772 nuptias
785 2695 954 2757 licentiam
1009 2696 1260 2758 universitatem
1277 2697 1423 2756 vestram
1444 2695 1625 2770 rogandam
1645 2697 1803 2757 duximus

160 2790 282 2853 habeat
303 2791 511 2853 transeundi.
528 2792 648 2852 Nullus
673 2807 802 2868 quoqne
816 2792 954 2868 majoris
1009 2795 1042 2858 et
1062 2791 1259 2855 monendam
1278 2791 1562 2852 inremissionem
1582 2793 1675 2854 vobis
1689 2809 1804 2870 pecca·

161 2889 215 2949 vel
225 2887 364 2949 minoris
374 2888 548 2964 religionis
564 2888 699 2950 obtentu
714 2890 787 2950 sine
802 2889 955 2964 magistri
1009 2890 1134 2951 minum
1149 2888 1372 2964 injungentes,
1388 2888 1562 2964 quatenus,
1586 2905 1686 2965 quum
1701 2890 1803 2952 iidem

163 2985 215 3044 sui
241 2985 377 3046 licentia
402 2985 583 3060 prasumat
604 2985 647 3045 ad
675 2984 778 3046 alium
804 2986 954 3046 ordinem
1009 2986 1129 3048 fratres
1150 2985 1203 3047 vel
1227 3000 1343 3046 eorum
1366 2985 1477 3046 nuntii
1502 2985 1622 3046 advos
1650 2988 1803 3048 venerint

162 3081 377 3142 transvolare.
397 3081 490 3141 Nulli
516 3096 596 3156 ergo
625 3082 759 3142 omnino
783 3082 954 3142 hominum
1010 3084 1238 3159 eleemosynas
1252 3081 1386 3159 petituri
1402 3097 1462 3158 pro
1473 3081 1714 3144 sustentatione
1724 3099 1804 3160 pau-

162 3177 263 3238 liceat
288 3178 375 3238 hano
401 3177 557 3253 paginam
594 3178 718 3239 nostrae
745 3176 955 3239 inhibitionis
1009 3195 1124 3257 perum
1137 3194 1176 3240 ac
1190 3181 1301 3240 Terrae
1318 3179 1447 3240 Sanctae
1460 3195 1630 3252 succursu,
1648 3181 1802 3256 grataeis

162 3274 357 3348 infringere,
373 3274 426 3334 vel
441 3274 473 3334 ei
486 3289 569 3335 ausu
583 3275 760 3336 temerario
776 3276 952 3337 contraire.
1009 3275 1156 3338 subsidia
1182 3275 1372 3348 conferatis,
1402 3277 1449 3336 ita
1465 3276 1551 3354 quod
1587 3292 1646 3354 per
1671 3277 1743 3338 haec
1769 3277 1803 3340 et

163 3371 199 3433 Si
215 3370 289 3446 quis
304 3373 415 3430 autem
430 3371 493 3431 hoc
512 3371 675 3433 attentare
689 3373 953 3448 praesumpserit,
1009 3375 1076 3435 alia
1091 3373 1224 3450 pietatis
1239 3388 1352 3450 opera,
1369 3388 1443 3450 quae
1461 3373 1601 3434 Domino
1616 3373 1802 3450 inspirante

162 3467 426 3541 indignationem
451 3468 686 3544 omnipotentis
707 3469 764 3530 Dei
794 3470 957 3531 etbeato-
1009 3470 1165 3543 feceritis,
1190 3469 1372 3547 proficiatis
1393 3469 1489 3530 bonis
1512 3471 1750 3548 temporalibus
1770 3472 1803 3534 et

162 3578 236 3625 rum
269 3563 360 3624 Petri
386 3565 418 3626 et
452 3565 550 3625 Pauli
572 3566 797 3640 apostolorum
824 3569 895 3644 eJus
920 3583 955 3628 se
987 3567 1105 3644 ‚donis
1131 3583 1198 3628 non
1228 3567 1456 3630 destituamini
1480 3568 1700 3644 sempiternis.
1733 3569 1802 3630 Nos

162 3659 294 3720 noverit
307 3661 532 3720 incursurum.
555 3663 674 3722 Datum
693 3663 861 3734 Laterani,
885 3663 952 3724 hal.
1008 3680 1088 3726 vero
1112 3665 1172 3736 eis,
1192 3655 1248 3741 qui
1262 3664 1360 3726 dictis
1383 3663 1542 3725 fratribus
1565 3681 1698 3725 manum
1725 3682 1804 3742 por-

163 3755 334 3829 februarii,
348 3758 559 3833 pontificatus
582 3759 688 3820 nostri
701 3773 789 3820 anno
802 3760 952 3838 septimo.
1009 3762 1158 3825 rexerint
1165 3761 1310 3839 pietatis,
1324 3761 1353 3821 si
1368 3777 1446 3823 vere
1456 3759 1580 3822 fuerint
1590 3762 1808 3838 poenitentes,-

1010 3859 1191 3921 secundum
1206 3858 1424 3936 quantitatem
1443 3856 1583 3918 subsidii
1598 3860 1631 3919 et
1651 3859 1801 3920 devotio-

1010 3957 1062 4017 nis
1090 3956 1244 4017 affectum
1271 3969 1407 4018 suorum
1421 3953 1554 4015 veniam
1572 3955 1801 4031 peccaminum

1009 4052 1216 4132 pollicemur.
1229 4051 1347 4112 Datum
1358 4051 1526 4130 Laterani,
1539 4052 1585 4113 Ill
1595 4067 1672 4112 uon.
1685 4049 1802 4114 febru-

498 4140 621 4230 LXXI
1010 4151 1086 4226 arii,
1100 4148 1311 4227 pontificatus
1326 4147 1432 4211 nostri
1447 4163 1535 4213 anno
1550 4147 1715 4227 septimo.¹

290 4303 538 4363 nauncoersos
558 4301 825 4374 christipotens.
915 4279 925 4294 “

428 4439 445 4496 3
460 4436 593 4498 februarii
610 4439 688 4497 1223.
1100 4395 1108 4495 ,Ι
1336 4461 1481 4550 LXXII

257 4571 464 4637 [Stmhnffl’ffi'
478 4571 533 4622 Μὰ·
544 4572 682 4633 Th⁰¹¹t⁰¹²'’
697 4573 743 4623 ³¹⁸
754 4587 781 4624 ¹²¹
794 4573 862 4638 ³⁸⁹¹]
1069 4615 1121 4674 Ad
1144 4615 1311 4676 decanum
1330 4613 1365 4674 et
1384 4613 1573 4687 capitulam
1594 4617 1744 4676 ecclesiae

163 4695 307 4755 Honorius
324 4697 474 4754 universos
494 4695 598 4756 Christi
616 4695 726 4766 fideles,
746 4698 890 4772 proposita
910 4700 953 4755 in·
1249 4712 1290 4770 pe
1315 4711 1559 4783 praesensere

198 4783 357 4857 dumento,
377 4783 506 4843 hortatur
538 4785 574 4842 ad
612 4785 834 4844 aueorurendum
864 4787 957 4844 ordini
1275 4838 1292 4896 3
1312 4836 1446 4897 februarii
1460 4839 1539 4896 4223·

174 4933 177 4942 ,
199 4871 375 4930 Theutonioo
387 4872 589 4948 eleemosynis.

320 4961 327 5018 ⁴.
425 5006 431 5020 .
934 5011 941 5024 ,
1098 4962 1229 5027 [Bohmer,
1242 4961 1303 5013 cod.
1315 4960 1421 5026 diplom.
1433 4961 1609 5022 llanofranc„
1625 4978 1651 5027 p.
1664 4963 1716 5029 38.]

203 5009 370 5068 Honorius
381 5021 566 5084 ep1seopus,
576 5023 692 5070 servus
702 5025 872 5072 servorum
884 5013 955 5082 Dei,

163 5103 330 5182 universis
345 5103 469 5166 Christi
488 5103 651 5177 fidelibus,
676 5105 718 5167 ad
733 5122 815 5183 quos
836 5107 957 5170 litterae
1059 5085 1470 5158 G⁰¹¹⁸¹¹²¹¹¹i⁰¹1⁶¹¹¹lll'hililllffl
1485 5085 1637 5158 lrffill⁰³ss⁰
1652 5084 1756 5146 iactam

164 5199 236 5265 istae
260 5201 484 5276 pervenerint,
511 5201 707 5264 salutemet
732 5204 957 5280 apostolicam
1330 5172 1491 5230 fflflfl‘mil·

163 5295 439 5359 benedictionem.
653 5311 655 5315 ’
1051 5299 1219 5361 Honorius
1260 5298 1590 5374 episcopusservus
1633 5315 1806 5365 servorum

204 5395 294 5457 inter
307 5396 439 5468 caetera,
454 5411 529 5473 quae
548 5396 710 5458 inducunt
733 5397 958 5459 miserationis
1012 5397 1082 5468 Dei,
1100 5395 1229 5456 dilectis
1245 5394 1322 5454 filiis
1339 5394 1463 5457 decano
1478 5395 1511 5457 et
1530 5393 1676 5473 capitulo
1697 5401 1808 5462 eccle-

164 5490 359 5566 patientiam
375 5491 416 5553 ad
431 5491 644 5568 parcendum,
663 5493 736 5555 sola
748 5494 799 5556 est
814 5494 958 5555 eleemo-
1012 5494 1070 5555 siae
1084 5493 1124 5555 de
1138 5490 1372 5565 Franhenfort,
1390 5492 1529 5555 salutern
1540 5494 1574 5555 et
1582 5495 1806 5571 apostolicam

164 5601 259 5662 syna,
292 5604 365 5668 quae
388 5588 544 5666 operiens
569 5590 814 5666 multitudinem
838 5607 960 5668 pecca·
992 5589 1287 5682 benedictionem.

311 5733 427 5777 naraon.
446 5731 521 5776 rous
532 5720 584 5780 ill.
1636 5724 1669 5781 10
