4262 6382
199 231 260 291 753

199 389 278 451 dieti
291 389 386 452 vobis
401 404 421 450 a
434 389 597 452 331313313
609 389 880 467 denuntiaverint
892 405 990 450 amo-

198 487 334 558 vendos,
366 487 490 562 singuli
513 488 658 549 restrum
683 487 719 547 in
751 501 812 548 333
842 485 1012 556 dioecesi,

199 583 801 659 sublatocujusltbetcontradictionis
823 584 856 644 et
876 583 991 660 appel-

199 680 333 741 lationis
356 680 538 752 obstaculO,
562 697 628 742 non
651 680 806 741 differant
824 695 988 741 amovere.

198 777 356 854 Alioquin
376 777 527 854 poteritis
543 793 608 838 333
623 778 789 838 immerito
811 777 991 838 formidare

199 873 415 950 quodminus
436 873 680 952 jurisdictionis
700 873 795 934 vobis
819 866 992 949 33113333-1

197 971 253 1031 133
267 970 302 1030 13
315 970 374 1040 313,
391 985 489 1047 quam
504 969 669 1032 habuistis
684 969 857 1042 hactenus,
875 973 908 1030 et
929 969 992 1030 ba-

199 1065 293 1127 betts.
318 1067 434 1128 Datam
461 1067 630 1138 Laterani,
654 1067 732 1128 XlII
754 1067 915 1128 kalendas
931 1068 990 1143 ja-

203 1163 325 1235 nuarii,
339 1179 428 1226 anno
443 1179 541 1225 3333.

555 1413 627 1499 LII

218 1565 271 1622 Ad
285 1565 467 1623 universos
483 1565 767 1635 archiepiscopos,
784 1564 967 1637 episcopos,

394 1659 541 1730 3113133,
559 1659 788 1732 3313333313.

454 1788 487 1844 31
503 1786 632 1845 decemb.
648 1787 727 1845 1121.

328 1909 519 1974 [Turgenerius
531 1911 637 1962 llonimss
650 1910 757 1972 Russiae,
769 1911 789 1970 l,
804 1909 854 1974 111]

197 2035 246 2091 Eis
264 2033 408 2106 significat
428 2049 459 2092 se
480 2033 515 2092 31
535 2033 791 2106 evangelizandum
812 2037 840 2090 tn
863 2033 990 2106 partibus

232 2122 358 2179 Livoniae
380 2137 414 2179 ac
437 2123 560 2180 Prussisn
581 2123 773 2191 Guillelmum,
799 2122 989 2179 Mutinensem

230 2211 395 2282 episcopum
407 2211 540 2283 elegisse,
553 2225 676 2282 eumque
687 2211 752 2266 illuc
762 2211 883 2266 mittere.
897 2211 990 2281 Rogat

230 2311 280 2354 eos
294 2303 325 2354 ut
336 2297 468 2355 eumdem
480 2297 742 2371 apostolicaesedis
754 2299 881 2370 legatum
892 2295 986 2353 bumi-

230 2385 295 2442 liter
305 2387 444 2458 recipiant
458 2387 541 2459 eique
556 2386 648 2444 debita
664 2393 800 2460 praestent
814 2385 916 2442 officia.

234 2521 401 2581 Honorius
410 2522 595 2598 episcopus,
605 2538 722 2583 servus
731 2537 902 2583 servorum
915 2520 986 2590 Dei,

196 2613 362 2675 universis
393 2616 652 2693 archiepiscopis
673 2617 706 2678 et
728 2615 903 2693 episcopis,
929 2614 989 2676 ab·

194 2709 335 2792 batibus
367 2713 547 2789 prioribus,
579 2713 836 2781 archidiaconis,
871 2712 987 2772 archi-

194 2808 408 2884 presbyteris
429 2810 462 2871 31
485 2811 652 2871 universis
674 2810 751 2870 aliis
770 2809 987 2870 ecclesiarum

195 2903 352 2980 praelatis,
376 2905 516 2966 salutern
538 2907 572 2968 et
593 2906 816 2982 apostolicam
830 2905 989 2967 benedic-

194 3001 329 3061 tionem.

233 3099 314 3158 Gurn
338 3099 367 3159 is
394 3099 449 3175 qui
474 3099 655 3160 secundum
680 3115 748 3161 suae
774 3099 986 3176 omnipoten-

193 3195 273 3256 tiam
294 3197 487 3272 majestatie,
512 3212 573 3258 nec
596 3197 669 3258 loco
691 3198 800 3274 potest
822 3212 884 3258 nec
903 3198 987 3258 tern-

193 3308 275 3368 pore
298 3293 545 3369 comprehendi,
571 3295 684 3370 utpote
712 3294 985 3370 incircumscrip-

193 3389 308 3459 tibilis,
324 3391 358 3452 et
372 3391 552 3451 immensus
574 3393 607 3452 et
628 3389 758 3453 stabilis
778 3405 916 3452 manans
932 3391 987 3452 dat

193 3488 311 3549 cuncta
326 3488 463 3558 morari,
481 3487 583 3549 faciat
603 3488 741 3564 spiritus
757 3503 834 3549 suos
849 3487 986 3563 angelos

192 3585 225 3645 et
239 3584 420 3656 ministros,
444 3586 668 3661 coelorumque
686 3584 861 3647 altitudine
882 3584 985 3645 incli-

193 3683 271 3744 nata
293 3698 426 3744 carnem
455 3698 627 3744 assumens
651 3683 830 3743 humanam
852 3698 912 3759 pro
934 3697 984 3753 eo,

193 3779 278 3854 quod
301 3779 429 3841 delicias
451 3795 520 3840 suae
543 3780 620 3840 sunt
639 3795 712 3841 esse
731 3794 804 3840 cum
827 3779 906 3839 liliis
925 3779 988 3838 bo-

193 3876 304 3946 minis,
321 3875 403 3936 disci
409 3877 515 3952 pulos,
526 3892 608 3953 quos
623 3876 771 3952 elegerat
780 3879 814 3936 13
828 3875 985 3936 mundum

194 3971 410 4034 destinaverit
433 3967 634 4044 universum,
660 3976 696 4035 ut
715 3974 805 4034 omni
821 3972 986 4049 praedica·

192 4069 986 4144 rentEvangeliumcreaturae,suonosinstruxit

192 4165 356 4242 exemplo,
375 4167 411 4228 ut
429 4169 501 4242 ejus
526 4166 701 4243 sequentes
716 4168 869 4242 vestigia,
884 4183 985 4244 quum

192 4264 352 4338 assumpti
370 4263 472 4324 simus
489 4263 524 4324 in
543 4263 783 4340 plenitudinem
798 4264 982 4340 potestatis

192 4375 252 4431 nec
267 4375 327 4435 per
342 4375 404 4420 nos
423 4360 514 4436 ipsos
530 4359 696 4437 possimus
719 4358 860 4434 singulis
875 4375 983 4435 nego-

191 4456 760 4532 11131331313333,131333333333313
773 4455 900 4532 partem
916 4456 984 4516 sol-

192 4551 609 4625 licitudinisevocarimus,
626 4553 846 4628 3333333331
861 4553 983 4614 Getbro

193 4650 244 4710 usi
267 4648 419 4720 consilio,
443 4649 629 4710 dividamus
656 4649 834 4726 unicuique
859 4665 982 4710 secun-

192 4747 268 4807 dum
283 4747 439 4807 uirtutem
461 4747 639 4822 propriam,
657 4762 755 4823 quam
776 4746 880 4808 variis
894 4748 982 4808 tem-

191 4842 326 4920 poribus
337 4843 510 4903 imminent
525 4842 769 4904 committendo.
785 4845 872 4904 Sane
883 4859 982 4920 quum

190 4942 226 5001 13
239 4939 387 5017 partibus
403 4939 550 5000 Livoniae
564 4955 603 5000 ac
616 4940 762 5002 Prussiae
777 4940 898 5002 duritie
913 4956 983 5001 cor·

191 5038 281 5098 dium
296 5035 480 5097 infidelium
495 5037 662 5113 tamquam
677 5037 768 5099 terra
782 5037 886 5098 vastae
901 5038 983 5098 soli-

190 5134 314 5196 tudinis
336 5133 441 5194 imbre
464 5133 582 5209 gratiae
607 5133 728 5195 divinae
751 5133 927 5210 compluta,
950 5135 983 5196 et

190 5230 981 5309 vomeresanctaepraedicationisexculta,semen

815 228 1225 318 increscentiam.
1318 253 1324 258 ψ

1777 225 1883 291 751

1045 386 1179 448 3133133
1212 385 1344 448 Domini
1369 381 1511 448 feliciter
1534 386 1570 448 in
1594 384 1739 464 segetem
1761 386 1839 464 pul·

1045 484 1137 556 lulet,
1154 484 1201 545 ita
1225 483 1312 560 quod
1333 484 1487 558 regiones
1507 483 1591 546 albae
1615 485 1683 546 sint
1701 488 1772 562 jam
1793 485 1837 546 ad

1045 597 1197 653 messem,
1212 596 1285 657 quae
1301 579 1443 657 quidem,
1456 580 1556 642 dante
1571 582 1711 644 Domino
1726 583 1838 644 incre-

1046 679 1203 749 mentum,
1221 677 1325 739 multa
1338 678 1398 748 est,
1409 677 1555 753 operarii
1569 694 1649 739 vero
1662 680 1770 755 pauci,
1781 695 1838 740 ex·

1045 774 1146 851 pedit,
1167 778 1204 835 ut
1222 775 1281 836 alii
1300 775 1472 836 mittantur
1493 775 1574 834 illuc
1595 777 1730 848 metere,
1749 776 1836 853 quod

1045 871 1104 932 alii
1120 871 1338 942 seminarunt,
1350 873 1525 948 quatenus,
1536 871 1717 932 secundum
1730 888 1835 934 evan-

1044 968 1185 1042 gelicam
1202 969 1369 1039 virtutem,
1387 967 1442 1045 qui
1457 969 1623 1030 seminant
1639 969 1737 1028 simul
1752 985 1837 1046 gau-

1045 1064 1143 1126 deant
1157 1066 1190 1126 et
1203 1065 1259 1142 qui
1275 1065 1411 1126 metunt.
1433 1065 1595 1126 Caeterum
1611 1066 1688 1143 quia
1701 1080 1760 1143 pro
1776 1083 1838 1128 ne-

1044 1163 1209 1237 gotiorum
1235 1162 1474 1238 emergentium
1505 1162 1664 1240 qualitate
1699 1179 1836 1225 necesse

1045 1258 1204 1320 babemus
1219 1259 1356 1320 idoneas
1378 1274 1537 1335 personas
1560 1260 1694 1336 eligere,
1717 1260 1836 1338 quibus

1045 1370 1084 1416 ea
1097 1355 1297 1417 fiducialiter
1312 1356 1565 1428 committamus,
1583 1373 1659 1418 ecce
1675 1357 1716 1417 ad
1732 1373 1837 1419 evan-

1044 1451 1252 1527 gelizandum
1292 1452 1327 1512 in
1364 1452 1513 1528 partibus
1553 1454 1622 1513 illis
1660 1455 1836 1516 Dominum

1043 1551 1061 1610 J
1064 1565 1156 1609 esum
1172 1548 1337 1611 Christum
1351 1549 1511 1626 elegimus
1526 1550 1751 1612 venerabilem
1765 1551 1836 1613 lra-

1043 1647 1128 1706 trem
1139 1645 1286 1707 nostrum
1301 1646 1525 1720 Guillelmum,
1537 1648 1758 1710 Mutinensem
1768 1649 1835 1726 epi·

1045 1757 1191 1818 scopum,
1212 1743 1266 1804 vel
1281 1743 1390 1818 potius
1406 1743 1501 1804 nobis
1521 1745 1616 1821 quasi
1636 1744 1834 1818 dicentibus,

1045 1854 1141 1916 quern
1156 1839 1323 1901 mittemus
1339 1841 1457 1916 etquis
1471 1840 1541 1911 ibit,
1554 1841 1835 1903 nobisidemcum

1044 1936 1131 1996 lsaia
1156 1936 1274 1998 obtulit
1294 1953 1330 1997 se
1351 1937 1556 2010 mittendum,
1581 1939 1636 2015 qui
1661 1939 1837 2001 honestate

1043 2032 1591 2110 3113,33333333113333311313313,
1604 2037 1637 2096 31
1646 2035 1834 2096 eruditione

1044 2129 1835 2207 scientiaepreeditus,necignoransquodnullum
1860 2171 1862 2179 ›

1043 2227 1110 2286 Deo
1128 2225 1329 2286 sacrificium
1348 2227 1391 2288 sit
1406 2227 1574 2303 acceptius
1590 2244 1687 2305 quam
1702 2229 1832 2290 lucrum

1044 2338 1193 2398 quaerere
1206 2324 1403 2395 animarum,
1419 2323 1524 2384 totum
1539 2325 1580 2385 ad
1594 2325 1626 2384 id
1640 2327 1786 2388 totaliter
1798 2342 1835 2388 se

1043 2419 1204 2496 impendit
1227 2420 1414 2496 exemplum
1435 2419 1597 2484 bonorum
1620 2438 1756 2498 operum
1774 2438 1837 2500 33-

1042 2514 1151 2576 33313
1168 2531 1204 2576 33
1218 2516 1338 2592 ipsum,
1355 2518 1453 2592 prout
1466 2533 1534 2578 333
1548 2520 1616 2578 tam
1630 2519 1835 2594 argumentis

1043 2610 1269 2689 probabilibus
1300 2628 1399 2688 quam
1432 2615 1668 2690 experimentis
1695 2616 1835 2678 eviden-

1043 2706 1131 2768 tibus
1155 2707 1278 2768 elarius
1303 2708 1376 2769 luca
1400 2709 1499 2785 patet.
1529 2712 1636 2780 Quare
1659 2712 1835 2773 commisso

1043 2803 1106 2864 sibi
1127 2803 1233 2879 plenae
1257 2803 1434 2879 legationis
1459 2805 1579 2878 officio,
1602 2806 1670 2868 tam
1691 2808 1727 2868 in
1743 2824 1833 2885 prae-

1043 2900 1139 2961 dictis
1163 2899 1355 2976 regionibus
1377 2918 1475 2979 quarn
1495 2903 1530 2962 in
1551 2903 1721 2982 Holzeten,
1744 2907 1834 2966 Hes·

1041 2997 1145 3070 tonia‚
1164 2998 1367 3072 Semigallia,
1392 2999 1617 3073 Samblandia,
1637 3003 1833 3074 Gurlandia,

1042 3094 1229 3155 Wirlandia
1245 3095 1278 3156 et
1291 3095 1325 3155 in
1345 3095 1464 3158 insulis
1485 3098 1668 3168 Gulandiae,
1682 3101 1845 3176 Burgon«

1042 3191 1206 3264 domlinae,
1222 3193 1326 3265 Rivae,
1343 3193 1562 3266 Gotlbandiae,
1579 3196 1688 3272 ipsum
1701 3197 1741 3258 ad
1751 3213 1833 3274 par-

1040 3289 1090 3350 tes
1107 3288 1182 3348 illas
1205 3289 1410 3366 providimus
1431 3291 1680 3368 destinandum;
1706 3293 1834 3355 firmam

1041 3400 1144 3462 spem,
1181 3386 1400 3464 fiduciamque
1430 3388 1591 3460 tenentes,
1626 3389 1713 3466 quod
1741 3391 1833 3452 tanto

1041 3500 1113 3560 quse
1122 3483 1252 3546 Christo
1266 3489 1342 3546 sunt
1355 3486 1429 3562 ipso
1441 3487 1584 3565 propitio
1599 3489 1676 3564 aget
1689 3487 1831 3562 felicius,

1042 3584 1165 3657 quanto
1174 3583 1307 3658 propria
1324 3584 1432 3643 minus
1446 3585 1588 3660 quaeret:
1604 3601 1686 3647 eove
1700 3585 1833 3647 13311133
1925 3568 1928 3578 ’

1041 3677 1163 3739 diffusa
1186 3679 1221 3738 13
1241 3678 1338 3740 labiis
1359 3681 1429 3740 suis
1453 3682 1562 3754 gratia
1581 3683 1728 3759 optatum
1752 3699 1835 3744 con·

1041 3779 1197 3852 sequetur
1211 3776 1375 3848 effectum,
1394 3792 1459 3853 quo
1474 3776 1558 3839 solet
1575 3777 1660 3854 quod
1673 3779 1834 3855 praedicat

1041 3872 1219 3948 perfectius
1246 3888 1345 3950 33333
1369 3873 1562 3949 adimplere.
1591 3875 1733 3951 Ideoque
1757 3876 1835 3936 uni-

1040 3969 1232 4030 versitatem
1251 3971 1395 4031 vestram
1417 3985 1584 4046 rogamus,
1607 3987 1778 4032 monemus
1793 3987 1833 4034 33

1040 4066 1223 4138 hortamur,
1245 4082 1285 4128 ac
1304 4082 1363 4142 per
1383 4068 1572 4144 Apostolica
1595 4068 1689 4129 vobis
1708 4070 1832 4146 scripta

1040 4163 1181 4224 tirmiter
1193 4165 1416 4240 precipiendo
1431 4165 1639 4237 mandantes,
1656 4167 1830 4243 quatenus,

1039 4261 1189 4322 eumdem
1217 4262 1416 4338 apostolicae
1446 4262 1540 4323 Sedis
1568 4263 1713 4338 legatum
1739 4265 1831 4326 reci-

1039 4359 1167 4434 pientes
1181 4359 1362 4431 bumiliter,
1382 4361 1415 4422 et
1434 4361 1551 4422 devote
1566 4359 1671 4437 ipsius
1686 4360 1833 4423 salubri-

1038 4455 1829 4535 busmandatis,etmonitisefficaciterpareatis,

1039 4553 1072 4613 et
1084 4553 1271 4630 spiritualia
1294 4554 1473 4614 seminanti
1493 4554 1690 4631 temporalia
1706 4556 1829 4616 minis-

1038 4650 1166 4720 trando,
1195 4651 1241 4712 ita
1268 4651 1354 4727 quod
1380 4651 1502 4711 exinde
1523 4651 1670 4712 divinam
1694 4655 1728 4712 et
1750 4666 1831 4713 nos-

1037 4747 1123 4808 tram
1151 4747 1294 4822 gratiam
1316 4746 1452 4824 possitis
1473 4746 1608 4808 uberius
1635 4749 1828 4824 promereri.

1036 4839 1194 4920 Alioquin
1223 4845 1433 4916 sententiam,
1470 4860 1568 4921 quam
1603 4845 1691 4905 idam
1717 4846 1831 4908 tulerit

1036 4940 1099 5002 rite
1114 4941 1148 5000 in
1162 4939 1314 5012 rebelles,
1331 4943 1437 5002 ratam
1453 4940 1657 5014 babebimus,
1674 4943 1828 5006 31133134

1036 5053 1109 5097 mus
1133 5039 1268 5100 auctore
1292 5037 1432 5099 Domino
1453 5038 1693 5100 inviolabiliter
1714 5039 1830 5101 obser-

1035 5135 1119 5196 vari.
1136 5136 1254 5196 Datum
1269 5135 1436 5207 Laterani,
1454 5136 1483 5195 ll
1496 5135 1657 5198 kalendas
1665 5137 1827 5215 januarii,

1036 5247 1123 5294 anno
1139 5247 1237 5293 3333.
1596 5219 1609 5234 ’
