4226 6372
310 221 371 284 895

218 419 225 426 -
310 396 391 460 pore
405 377 527 441 ibidem
542 376 687 453 aliquam
705 374 882 452 jacturam,
904 371 962 433 aut
975 370 1103 432 moles-

311 479 393 541 tiam
406 476 540 547 inlerre,
551 475 627 535 dum
638 471 829 549 perenniter
841 469 920 530 illud
933 469 1027 530 firma
1036 468 1106 529 sta-

311 575 439 638 bilitate
474 573 683 635 decernimus
716 568 776 630 suh
814 568 940 628 ditione
978 565 1103 627 sanctae

312 677 470 736 Romauae
479 669 634 732 Ecclesiae
644 665 916 744 permanendum.
930 662 1105 724 Concessi-

311 787 386 832 mus
400 770 501 831 etiam
515 767 577 828 hoc
589 763 779 842 Apostolico
791 762 980 840 privilegio,
996 761 1033 821 ut
1045 773 1104 834 pro

313 867 481 930 oblatione
506 864 560 926 vel
590 862 799 923 ordinatione
824 859 1102 936 presbyterorum,

313 965 539 1033 diaconorum,
569 960 857 1028 subdiaconorum,
888 957 921 1016 et
949 954 1104 1016 altarium

313 1061 577 1131 consonatione,
610 1055 866 1132 chrismatisque
900 1052 1103 1128 acceptione,

313 1156 564 1236 inquibuslibet
588 1153 736 1232 ejusdem
761 1151 957 1214 monasterii
971 1163 1105 1225 posses-

313 1256 462 1318 sionibus
485 1267 722 1331 quemcumque
745 1247 913 1312 voluerint
932 1247 1106 1323 episcopo-

311 1371 387 1416 rum
408 1351 626 1414 invitandum.
661 1348 769 1409 Simili
802 1345 898 1407 modo
936 1344 1105 1404 licentiam

313 1452 429 1512 damus
442 1450 475 1510 et
487 1447 741 1510 corroboramus
756 1445 791 1505 iu
815 1441 952 1520 praelato
966 1455 1104 1501 monas-

311 1549 396 1612 terio
423 1547 455 1608 et
479 1546 514 1605 in
541 1543 692 1605 omnibus
722 1545 794 1619 ejus
821 1539 973 1602 ecclesiis
1001 1537 1107 1598 fontes

312 1645 465 1708 benedici
479 1646 511 1704 et
538 1657 669 1703 sacrum
688 1640 854 1716 baptisma
875 1621 1057 1707 celebrari;
1077 1635 1109 1694 et

314 1760 381 1805 non
393 1742 499 1803 solum
511 1739 567 1810 ibi,
578 1740 636 1800 sed
647 1739 682 1798 in
693 1737 895 1814 hisquoque,
906 1749 979 1810 quae
991 1731 1108 1792 amodo

247 1842 251 1849 “
311 1842 348 1901 iu
360 1833 624 1916 possessionibus
639 1827 789 1910 'praedicti
803 1829 945 1893 coenobii
967 1844 1110 1906 praesen.

312 1926 412 2008 tibus,
426 1935 479 1996 vel
500 1933 619 1994 tuturis
640 1929 843 2006 temporibus
858 1927 1008 1988 ecclesiae
1027 1925 1109 1986 aedi-

313 2033 452 2095 ficandae
465 2031 551 2101 sunt,
569 2029 694 2089 remota
711 2023 1104 2101 scilicetcujusqueepis-

314 2131 389 2208 copi
400 2127 642 2190 interdictione.
653 2123 813 2185 Addimus
826 2122 936 2194 etiam,
950 2123 985 2183 ut
998 2121 1108 2182 nullus

315 2229 489 2305 episcopus
505 2222 683 2300 prohibeat
706 2219 927 2282 christianum
950 2219 1108 2296 populum

920 211 1104 274 'HONORII
1126 210 1171 270 111
1193 209 1340 271 OPERA.

1896 207 1974 268 896

1160 371 1193 430 et
1206 369 1241 429 in
1255 367 1407 430 omnibus
1432 368 1505 444 ejus
1523 364 1654 427 cellulis
1673 363 1820 427 decimas
1844 366 1971 436 tollat,

1159 467 1365 527 sacerdotem
1379 463 1656 536 excommunicet,
1670 463 1773 526 velad
1789 464 1973 541 synodum

1159 563 1326 640 provocet.
1345 561 1455 623 Simili
1467 562 1568 622 etiam
1591 561 1687 621 modo
1709 561 1881 622 licentiam
1895 563 1973 622 da-

1158 677 1231 721 mus
1255 659 1362 721 eidem
1389 659 1511 720 dilecto
1538 657 1618 730 filio',
1645 661 1784 735 ejusque
1810 661 1971 735 posteris

1158 757 1344 829 abbatibus
1370 747 1609 817 monachorum
1637 757 1799 831 synodum
1813 771 1972 831 congre-

1159 854 1269 930 gandi,
1283 867 1522 930 quemcumque
1535 853 1691 913 clericum
1700 852 1867 914 voluerint
1878 869 1970 913 cum

1159 951 1228 1012 suis
1249 951 1445 1013 substantiis
1475 951 1647 1026 suscipere
1662 949 1702 1010 ad
1722 949 1966 1010 habitandum.

1159 1050 1196 1108 ln'
1212 1047 1364 1109 omnibus
1376 1047 1571 1108 monasterii
1587 1046 1863 1124 possessionibus,
1882 1048 1968 1108 sive

1159 1145 1332 1222 presbiter
1358 1145 1412 1213 sit,
1431 1145 1488 1205 aut
1516 1143 1685 1214 diaconus,
1704 1143 1756 1204 vel
1778 1145 1968 1224 cujuslibet
2076 1169 2077 1176 ¹

1159 1241 1379 1302 ecclesiastici
1416 1241 1554 1310 ordinis,
1585 1243 1618 1302 et
1652 1241 1777 1301 nullius
1805 1243 1965 1318 episcopi

1158 1341 1278 1400 timere
1291 1338 1601 1401 contradictionem.
1617 1339 1770 1400 mussat
1783 1339 1889 1399 eidem
1904 1355 1967 1400 re-

1160 1436 1281 1512 ligioso
1292 1439 1430 1512 eiusque
1445 1436 1587 1512 posteris
1595 1437 1628 1496 et
1638 1451 1751 1496 eorum
1768 1437 1963 1514 praepositis
2074 1459 2075 1462 ¹

1163 1535 1407 1610 inperpetuum
1425 1533 1576 1609 judicare
1594 1533 1769 1610 praedictas
1784 1533 1962 1606 ecclesias,

1163 1627 1272 1693 curtes
1289 1633 1322 1693 et
1342 1631 1570 1708 possessiones
1597 1633 1630 1691 et
1646 1647 1760 1692 omnes
1776 1631 1811 1692 in
1831 1633 1964 1693 eisdem

1163 1728 1439 1806 possessionibus,
1453 1728 1625 1803 degentem
1641 1728 1798 1790 clericum
1820 1729 1861 1790 ad
1877 1729 1963 1791 olli-

1164 1828 1250 1888 cium
1267 1825 1455 1902 promoveri
1481 1826 1606 1902 absque
1621 1841 1772 1902 personae
1786 1826 1964 1887 saecularis

1163 1925 1335 2001 potestate,
1352 1923 1406 1985 vel
1434 1923 1612 2000 cujuslibet
1635 1923 1782 2000 episcopi
1807 1923 1966 2000 prohibi-

1162 2023 1263 2084 tione.
1280 2026 1375 2084 Anno
1405 2023 1473 2082 Deo
1495 2021 1648 2098 propitio,
1666 2021 1877 2098 pontificatus
1896 2020 1965 2083 do-
2076 2027 2077 2040 ³

1164 2120 1246 2180 mini
1263 2119 1433 2180 Zachariae
1452 2119 1572 2178 summi
1585 2119 1762 2194 pontificis,
1775 2121 1807 2180 et
1822 2119 1964 2179 univer-

1164 2217 1244 2278 salis
1255 2233 1360 2294 papae,
1377 2217 1412 2276 in
1428 2216 1655 2278 sacratissima
1671 2217 1748 2277 sede
1763 2216 1850 2277 beati
1865 2217 1962 2278 Petri

314 2323 446 2400 ingredi
483 2320 524 2382 ad
551 2319 683 2381 easdem
725 2319 896 2379 ecclesias.
931 2316 1108 2378 observari
1162 2314 1311 2391 Apostoli
1326 2313 1445 2390 primi3
1466 2313 1963 2385 inmensemartio,indictione

316 2435 447 2500 quoque
471 2420 558 2480 hanc
573 2417 721 2478 nostram
740 2416 926 2492 jussionem
941 2414 1105 2484 volumus,
1163 2428 1263 2490 supra
1277 2411 1410 2488 scripta.
1427 2429 1445 2470 »

268 2529 272 2536 '
316 2509 1107 2598 quodnullusepiscopusiujamdictocoeuohio
1202 2511 1320 2572 Datum
1335 2508 1467 2580 Tibure,
1481 2508 1591 2570 idibus
1606 2509 1697 2582 maii,
1714 2525 1802 2571 anno
1818 2525 1917 2570 none.

983 2743 1295 2757 *—

343 2967 354 2982 ’
405 3021 472 3107 uu
510 3016 721 3123 ocruvo,
755 3015 925 3116 uuoun
963 3015 1104 3104 nouo
1143 3015 1366 3105 uouoeu
1403 3018 1464 3104 ru
1501 3017 1870 3106 renuncians

1076 3223 1206 3286 ANNO

351 3465 396 3524 Ad
408 3478 515 3522 aunum
525 3460 793 3534 octavumejusdeu
803 3463 920 3521 lionorii
935 3465 976 3522 lll
991 3463 1108 3521 Pontill·
1198 3462 1242 3522 Ad
1254 3462 1390 3537 presules
1402 3465 1562 3523 Germaniae
1571 3466 1678 3536 scribit,
1692 3466 1788 3525 scribit
1804 3467 1840 3525 sd
1854 3467 1959 3526 Frede-

318 3561 399 3613 catus
415 3551 500 3610 refert
519 3552 657 3610 Batonius
677 3551 906 3609 commendatam
926 3560 955 3608 et
974 3553 1107 3610 corrobo·
1164 3553 1264 3610 neum.
1276 3552 1320 3611 Ad
1338 3553 1514 3612 ludovicum
1529 3555 1607 3623 lllll,
1625 3556 1750 3613 Francia}
1765 3571 1876 3630 regem,
1890 3556 1958 3614 diri·

318 3651 409 3701 ratam
436 3641 603 3698 auctoritate
627 3639 789 3710 Apostolica
812 3641 941 3712 regulam
969 3643 996 3698 S.
1021 3643 1107 3698 Fran·
1163 3642 1207 3714 git
1220 3641 1340 3708 litteras,
1357 3648 1462 3698 etcum
1476 3642 1602 3714 corripit,
1616 3642 1737 3714 eoquod
1754 3641 1893 3702 adversus
1907 3647 1963 3702 lin·

318 3733 397 3800 cisci,
413 3745 476 3803 quse
493 3735 549 3786 tota
565 3729 694 3785 consistit
709 3728 736 3784 in
751 3728 873 3785 vivendo
891 3731 920 3786 in
937 3729 1108 3794 obedientia.
1164 3729 1231 3802 gilas
1246 3743 1345 3804 regem
1360 3729 1466 3787 bellum
1484 3736 1622 3798 moverat,
1638 3739 1801 3804 contempta
1821 3747 1893 3805 paee
1908 3747 1959 3790 an·

318 3821 380 3878 siue
392 3817 516 3892 proprio,
532 3832 596 3873 curn
612 3817 752 3874 castitate.
768 3818 880 3874 Placuit
893 3818 1010 3889 speciali
1026 3817 1110 3875 modo
1164 3825 1210 3875 tea
1229 3818 1309 3874 inita.
1340 3816 1395 3873 Sed
1419 3818 1514 3889 plures
1538 3833 1590 3876 seu
1618 3820 1758 3890 civitates,
1793 3835 1845 3878 seu
1872 3822 1960 3878 etiam

318 3910 372 3984 ipsi
394 3905 536 3964 fundatori
560 3911 590 3961 ut
614 3903 715 3962 iratres
737 3903 839 3963 Christi
862 3905 961 3962 vicarii
984 3906 1111 3978 imperiis
1166 3904 1328 3980 provincias
1355 3903 1516 3963 Ludovicus
1538 3905 1715 3980 subiugaret,
1737 3923 1831 3980 neque
1860 3924 1960 3981 pacem

319 3998 436 4054 omnino
451 3993 616 4069 penderent.
641 3992 696 4050 Sed
711 3991 806 4050 divina
820 3995 1003 4052 miseratione
1019 3994 1047 4052 ld
1062 4010 1107 4052 ac·
1166 4009 1230 4051 cunt
1244 3993 1346 4066 Anglis
1360 3991 1468 4063 habuit,
1486 3994 1540 4050 nisi
1555 3992 1669 4068 quando
1681 3996 1853 4066 Amalricus,
1869 3999 1960 4056 Simo-

319 4086 387 4144 cidit
410 4082 485 4155 quod
508 4083 653 4140 Salomoni
670 4082 731 4154 jem
750 4080 860 4138 dixerat
883 4084 1030 4152 Dominus,
1045 4097 1111 4140 narn
1167 4084 1212 4139 nis
1227 4081 1310 4150 illius,
1331 4083 1424 4139 elsua
1443 4083 1505 4155 iura
1524 4083 1667 4140 concessit
1686 4085 1714 4141 in
1730 4085 1872 4143 Tolosam.
1888 4089 1960 4144 Nam

319 4187 408 4246 quum
428 4171 528 4228 iratres
546 4171 641 4227 omnio
657 4185 708 4242 pro
723 4173 782 4227 Deo
800 4169 963 4243 abiecerunt
981 4171 1058 4229 dedit
1077 4171 1110 4228 il·
1167 4171 1294 4228 mancias
1318 4185 1367 4227 rex
1389 4169 1583 4228 haereditatem
1611 4171 1687 4228 illam
1709 4173 1799 4231 noluit
1819 4175 1959 4244 amittere,

319 4261 356 4320 lis
370 4263 446 4317 Deus
462 4259 632 4330 sapientiam
647 4264 675 4314 et
693 4258 921 4330 intelligentiam,
938 4260 975 4317 ita
990 4267 1022 4316 ut
1041 4263 1113 4317 inter
1166 4261 1373 4332 regionemque
1386 4258 1487 4332 opibus
1502 4257 1649 4316 florentem
1661 4275 1715 4318 suo
1730 4261 1851 4334 imperio
1864 4267 1961 4322 statuit

320 4350 385 4408 illos
397 4347 476 4406 multi
491 4353 589 4418 postea
607 4346 740 4403 llorerent
754 4347 884 4403 doctores
903 4356 932 4405 et
950 4350 1111 4421 scriptores,
1168 4346 1334 4420 adjungere.

321 4436 448 4509 theologi
463 4442 492 4492 ct
505 4435 672 4501 canonista,
693 4433 768 4506 quod
783 4434 896 4507 quidem
911 4451 996 4494 nemo
1011 4437 1111 4495 nescit.
1202 4440 1326 4504 Interea,
1340 4435 1376 4493 de
1390 4437 1705 4511 Constantinopolitano
1720 4438 1842 4512 imperio
1854 4442 1958 4500 sollici·

355 4528 389 4584 lu
399 4523 500 4582 eodem
515 4537 601 4592 anuo,
614 4521 827 4580 exhortationes
840 4524 985 4584 Pontilicls
995 4525 1031 4584 ad
1041 4527 1116 4599 priu-
1168 4531 1223 4594 tus,
1239 4531 1358 4583 conatus
1370 4532 1414 4582 est
1435 4527 1576 4582 Honorius
1599 4527 1707 4586 Latinis
1720 4533 1750 4583 et
1769 4527 1893 4586 lieberto
1907 4531 1959 4588 im-

320 4615 399 4688 cipes
420 4612 581 4686 diriguntur
604 4617 632 4667 et
660 4611 810 4668 suasiones
836 4611 862 4668 in
888 4613 982 4671 Terre
1004 4615 1115 4672 Sancite
1171 4611 1374 4686 peratorilerre
1384 4629 1478 4684 opem.
1488 4613 1701 4672 waldemarum
1711 4615 1808 4686 etiam,
1818 4620 1960 4676 Dacorum

321 4701 489 4761 subsidium.
515 4701 617 4758 llirum
638 4708 681 4756 est
703 4715 859 4772 numquam
877 4702 1016 4760 deiecisse
1037 4704 1116 4777 vigo·
1170 4703 1567 4774 regemevlnculiseripere
1583 4701 1960 4778 studui13mandatquoque

323 4807 383 4849 rem
399 4789 488 4848 animi
503 4789 647 4846 mansueti
665 4788 810 4846 Pontiheis
823 4789 851 4846 in
865 4788 911 4846 bis
926 4788 1114 4862 expeditioni·
1170 4789 1314 4848 Ludovieo
1333 4791 1395 4862 regi
1414 4797 1445 4846 ut
1468 4789 1607 4847 Flandriae
1635 4792 1770 4848 comitem
1798 4795 1828 4849 in
1849 4809 1961 4852 carcere

320 4875 1116 4952 buspersequendis,nequeproptercalamitates,neque
1169 4877 1315 4934 detentum
1332 4876 1431 4934 redimi
1456 4879 1594 4950 pullatum
1621 4879 1719 4936 Belem
1743 4881 1898 4954 ilungariae
1919 4898 1960 4940 re·

321 4975 436 5040 propter
451 4965 546 5022 clades
562 4965 719 5022 lionorionr
738 4978 864 5036 unquam
884 4981 966 5022 suam
988 4981 1068 5039 spent
1088 4975 1117 5024 et
1170 4981 1238 5040 gem
1266 4965 1294 5023 in
1322 4981 1403 5024 suam
1425 4966 1543 5023 tutelam
1563 4967 1680 5038 suscipit
1688 4983 1697 5038 3
1718 4967 1909 5028 theutonicos
1934 4972 1961 5028 iu

322 5053 514 5112 tortitudinem
529 5054 678 5126 abjecisse.
691 5053 767 5110 Nihil
777 5068 834 5110 nou
848 5053 962 5111 molitur
974 5054 1009 5111 ad
1023 5063 1114 5113 trans·
1171 5057 1292 5128 regione
1307 5056 1390 5112 Bozae
1405 5053 1458 5110 sibi
1473 5053 1538 5112 data
1555 5055 1590 5112 ab
1601 5056 1713 5113 Andrea
1729 5072 1798 5129 rege
1812 5057 1960 5129 stabilivit3

321 5141 497 5201 tundendum
511 5143 539 5198 in
555 5155 651 5214 reges,
665 5147 712 5198 aut
721 5139 820 5210 duces,
832 5148 881 5198 aut
891 5142 1021 5214 populos,
1034 5158 1114 5202 eum·
1171 5143 1316 5201 Bohemias
1336 5157 1435 5216 regem
1451 5145 1561 5200 monuit
1575 5152 1763 5217 precatusque
1778 5152 1832 5216 est,
1846 5147 1886 5203 uti
1900 5163 1960 5220 pos·

321 5231 388 5290 dem
402 5245 458 5303 quo
477 5229 594 5287 ardebat
615 5230 717 5286 zelum.
738 5230 783 5286 Sic
802 5231 863 5288 ait:
884 5231 962 5286 Multi
978 5239 1043 5288 sunt
1057 5233 1115 5304 qui,
1171 5233 1316 5289 sessiones
1326 5231 1355 5287 iu
1366 5231 1468 5303 quibus
1479 5240 1545 5289 sunt
1555 5231 1741 5290 auriiondinae
1749 5235 1961 5293 vratislavieusi

321 5327 387 5395 post
412 5318 688 5378 consummationem
715 5319 953 5392 peregrinationis
981 5329 1115 5394 acceptae,
1171 5321 1308 5393 episcopo
1327 5321 1471 5390 restituam
1487 5320 1614 5392 legatum
1630 5321 1707 5379 misit
1724 5323 1752 5379 iu
1769 5323 1916 5380 tironium
1935 5335 1963 5382 et

321 5409 415 5468 carnis
431 5414 522 5464 morte
533 5406 681 5478 preventi,
697 5405 734 5462 ad
749 5421 903 5478 supernam
919 5407 1041 5479 patriam
1053 5425 1117 5468 evo
1172 5409 1383 5482 predicatores,
1399 5409 1446 5480 qui
1464 5409 1493 5464 in
1507 5408 1552 5466 his
1565 5410 1648 5468 terris
1657 5418 1686 5468 et
1698 5412 1725 5468 iu
1740 5411 1853 5470 Prussia
1868 5414 1960 5470 Evan-

322 5497 425 5564 larunt,
438 5503 467 5552 et
484 5509 560 5552 nune
576 5494 735 5568 gloriantur
749 5494 778 5550 in
791 5494 891 5554 ordine
903 5493 1114 5556 confessorum!
1171 5498 1239 5572 gelli
1252 5513 1350 5556 semen
1363 5496 1534 5556 excolerent.
