4262 6382
183 329 239 390 sal

178 505 270 562 rone,
305 490 446 552 salutem
483 492 517 553 et
551 489 774 569 apostolicam
808 489 968 554 benedic·

177 587 314 648 tionem.

219 684 309 744 Solet
323 699 471 745 annuere
486 685 587 745 Sedes
599 685 791 761 Apostolica
805 685 869 762 piis
884 685 969 746 votis

178 782 211 840 et
226 781 374 842 honestis
390 783 571 857 petentium
585 781 737 858 precibus
751 781 896 842 savorem
912 781 971 841 be·

179 877 326 938 nivolum
341 878 516 953 impertiri.
531 880 724 954 Eapropter,
739 879 852 940 dilecti
862 879 896 938 in
910 881 971 938 Do·

179 975 269 1035 mino
284 975 356 1045 tilii,
378 975 497 1036 vestris
512 975 612 1051 justis
632 974 785 1050 precibus
804 975 968 1046 inclinati,

179 1071 460 1146 compositionem,
478 1087 551 1147 quae
563 1071 651 1132 inter
665 1087 724 1132 vos
739 1088 782 1132 ex
796 1075 890 1147 parte
903 1087 970 1131 una

179 1168 212 1227 et
226 1166 376 1227 abbatem
389 1169 423 1228 et
435 1169 633 1229 conventum
646 1168 790 1228 Cornelii
807 1167 967 1239 indensis,

179 1263 385 1324 coloniensis
407 1264 571 1336 dIoecesis,
597 1280 640 1324 ex
661 1264 766 1325 altera
789 1279 888 1340 super
907 1265 969 1324 de-

179 1361 264 1420 cIma
289 1361 328 1420 de
352 1361 514 1431 Wodeka,
545 1359 795 1421 Cameracensis
824 1361 971 1436 episcopi

178 1449 357 1517 dioecesani
373 1457 438 1517 loci
458 1456 635 1517 accedente
650 1471 825 1523 consensu,
842 1457 970 1518 amica-

177 1553 291 1614 biliter
309 1553 499 1624 intervenit,
524 1553 610 1624 sicut
629 1553 693 1613 rite
714 1553 786 1612 sine
808 1553 971 1628 pravitate

179 1650 315 1726 provide
329 1649 415 1710 lacta
427 1649 486 1720 est,
504 1649 536 1710 et
547 1649 587 1710 ab
599 1649 737 1725 utraque
748 1651 841 1725 parte
854 1651 970 1725 sponte

178 1747 323 1820 recepta,
343 1745 375 1806 et
394 1747 553 1808 hactenus
573 1747 710 1822 pacifice
732 1746 918 1818 observata,
936 1747 971 1808 ut

179 1841 214 1900 in
234 1842 352 1903 litteris
374 1843 451 1903 inde
475 1841 632 1905 confectis
654 1843 776 1904 dicitur
792 1843 968 1910 contineri,

179 1939 377 2002 auctoritate
392 1940 582 2014 Apostolica
597 1940 830 2000 confirmamus
845 1941 877 2000 et
890 1955 972 2016 prae·

179 2035 283 2096 sentis
294 2037 408 2112 scripti
420 2036 605 2112 patrocinio
616 2037 867 2097 communimus.
878 2036 970 2096 Nulli

178 2147 258 2207 ergo
281 2133 413 2194 omnino
436 2132 607 2194 hominum
631 2133 740 2204 lIceat,
766 2135 826 2194 etc.
852 2134 970 2194 Datum

179 2229 345 2300 Laterani,
361 2231 437 2290 XIII
452 2229 613 2291 kalendas
625 2229 717 2299 maii,
732 2245 819 2292 anno
832 2245 930 2291 nono.

199 2641 251 2698 Ad
269 2639 455 2711 capitutum
469 2639 504 2698 S.
528 2637 682 2703 Quintilii
698 2639 949 2699 Noviomensls.

454 2748 488 2826 29
504 2768 601 2840 aprus
617 2767 695 2824 raes.

199 2881 318 2945 [begeat.
331 2883 376 2932 lib.
394 2883 437 2940 IX,
451 2881 524 2946 epist.
535 2880 590 2932 303.
604 2882 662 2930 llss.
675 2880 711 2930 La
722 2883 795 2930 Porta
809 2879 843 2928 du
854 2880 948 2940 Thett]

179 2998 349 3054 Processum
364 2996 399 3052 ab
414 2995 614 3052 archldiacono
628 2996 657 3051 in
669 2996 743 3063 Bria,
760 2995 789 3050 in
804 3009 891 3050 causa
907 3008 970 3066 quae

214 3085 287 3141 inter
305 3085 382 3156 ipsos
399 3091 427 3142 et
439 3084 565 3155 ipsorum
580 3083 721 3140 decanum
735 3095 821 3154 super
835 3081 904 3138 dicti
920 3081 969 3138 de·

215 3175 279 3230 cani
300 3171 497 3244 jurtsdictlone
518 3170 680 3228 vertebatur
699 3171 808 3227 irritum
833 3185 898 3226 esse
920 3168 969 3226 de·

214 3262 313 3318 clarat.

218 3378 397 3449 Honorlus,
436 3379 511 3448 etc,
551 3376 679 3438 dilectis
710 3376 788 3436 nlns
824 3374 971 3450 capitulo

178 3475 291 3536 Sancti
310 3475 457 3547 Quintini
477 3475 711 3536 Noviomensis
726 3473 890 3546 dioecesis,
913 3489 971 3534 sa-

180 3571 293 3643 lutem,
311 3574 372 3633 etc.

219 3670 364 3732 Dilectus
388 3669 477 3730 filius
502 3670 532 3731 J.
558 3668 703 3729 decanus
724 3667 836 3728 vester
856 3668 971 3728 contra

177 3782 237 3826 vos
252 3767 343 3828 litem
358 3766 460 3828 movit
474 3780 573 3842 super
592 3765 803 3827 restitutione
818 3763 972 3826 videlicet

178 3863 344 3924 fructuum
357 3863 608 3938 praebendarum
624 3863 742 3938 ipsius,
760 3861 794 3923 et
811 3861 973 3938 jurisdic-

178 3959 279 4019 tionis
294 3975 392 4036 quam
407 3975 443 4019 se
458 3959 587 4019 dicebat
608 3958 732 4019 babere
751 3959 787 4017 in
802 3958 925 4034 populo
939 3958 972 4019 et

179 4055 310 4116 clericis
330 4056 424 4116 extra
448 4055 596 4127 cnorum,
619 4070 748 4116 necnon
770 4055 802 4116 et
826 4070 971 4131 proven-

178 4153 282 4224 tuum,
300 4152 357 4230 qui
369 4167 412 4212 ex
427 4151 498 4227 ipsa
507 4151 742 4227 jurisdictione
757 4151 971 4228 proveniunt,

179 4250 299 4327 quibus
319 4265 355 4309 se
370 4248 575 4325 proponebat
593 4248 773 4324 spoliatum
786 4263 805 4308 a
818 4249 923 4320 vobIs,
939 4251 972 4310 et

179 4362 279 4423 super
303 4346 503 4418 reverentia,
534 4345 567 4406 et
588 4343 775 4406 obedientia
800 4361 898 4422 quam
929 4344 970 4406 ab

179 4443 342 4516 omnibus,
364 4444 397 4504 et
413 4443 553 4520 singulis
573 4442 613 4503 de
633 4441 777 4519 capitulo
797 4442 861 4502 sibl
880 4444 970 4503 tam-

179 4555 277 4616 quam
292 4539 439 4614 praelato,
461 4540 495 4600 et
513 4539 639 4600 decano
658 4537 791 4614 petebat
811 4538 968 4614 impendi,

178 4650 332 4696 asserens
351 4636 456 4696 einos
474 4636 514 4696 de
529 4637 606 4711 Jure
627 4634 746 4696 debere
768 4634 915 4707 subesse,
931 4651 970 4695 ac

179 4733 294 4807 petens
316 4733 401 4809 quod
427 4748 494 4793 non
515 4731 719 4808 impediretis
739 4731 848 4807 ipsum
864 4732 971 4808 jurIs-

179 4829 356 4890 dictionem
371 4844 464 4889 suam
483 4829 602 4888 tamin
621 4829 720 4900 clero,
738 4845 835 4904 quam
855 4829 890 4889 in
910 4844 971 4905 po-

178 4927 256 5002 pulo
276 4940 434 4986 exercere
455 4927 553 5001 atque
569 4927 732 4996 revocari,
755 4927 784 4985 si
799 4925 885 4988 forte
906 4926 970 4986 ali-

179 5023 255 5098 quid
267 5021 511 5098 jurisdictionis
526 5023 752 5083 exercueratis
771 5023 807 5083 in
828 5022 918 5099 ipsos
938 5025 971 5084 et

178 5121 215 5180 ut
233 5121 359 5180 nullum
380 5119 712 5180 excommunicaretis
734 5119 788 5180 vel
811 5118 968 5180 absolve-

177 5216 272 5286 retis,
295 5233 369 5277 cum
394 5217 504 5277 claves
527 5231 593 5276 non
616 5215 739 5276 habere
764 5233 824 5276 vos
846 5216 971 5278 diceret

178 5313 360 5388 potestatis.
375 5313 468 5374 Unde
479 5327 612 5374 causam
624 5312 812 5389 hujusmodi
824 5315 967 5390 primo...

179 5410 284 5486 priori
297 5411 410 5470 Sancti
422 5411 577 5482 Victoris,
595 5409 628 5470 et
642 5409 871 5486 conjudicibus
887 5413 968 5485 suis,

179 5505 346 5567 demum...
364 5506 599 5568 archidiacono
618 5507 653 5568 in
673 5507 761 5578 Bria,
780 5509 812 5569 et
833 5509 970 5584 collegis

179 5603 284 5679 ipsius
309 5603 369 5664 sub
394 5605 484 5666 certa
509 5603 614 5666 torma
639 5605 794 5666 duximus
819 5608 971 5669 commit·

794 333 1022 394 EPISTOLAE.
1051 334 1127 392 LIB.
1151 334 1206 396 IX.

1694 413 1696 418 ι
1758 333 1818 394 aaa

1024 491 1167 554 tendam.
1184 491 1247 552 sed
1262 507 1336 552 cum
1356 493 1485 568 priores
1500 493 1631 570 judices
1648 493 1819 555 restituls-

1025 591 1098 650 sent
1112 589 1275 650 decanum
1287 589 1437 649 eumdem
1453 605 1518 650 non
1531 591 1642 652 tamen
1655 591 1814 666 plenarie,

1026 687 1061 746 ut
1076 685 1216 757 dicebat,
1232 685 1367 746 secundi
1380 685 1596 747 nihilominus
1605 687 1817 748 restituentes

1024 781 1133 858 ipsum
1157 784 1192 841 in
1216 782 1350 856 negotio
1374 781 1592 858 procedendo,
1617 799 1751 844 causam
1775 783 1816 844 ad

1024 879 1172 939 nostram
1192 879 1403 953 praesentiam
1426 894 1499 938 cum
1522 878 1587 948 his,
1613 897 1686 956 quae
1706 895 1818 940 coram

1025 975 1074 1035 ets
1090 975 1163 1036 acta
1178 975 1319 1047 fuerant,
1333 975 1546 1035 remiserunt.
1563 976 1632 1035 Nos
1648 976 1750 1050 igitur
1762 993 1819 1036 au·

1024 1071 1102 1132 dltis
1123 1073 1156 1132 et
1171 1070 1350 1132 intellectis
1371 1087 1443 1148 quae
1463 1087 1563 1147 super
1584 1071 1697 1132 eadem
1717 1089 1818 1133 causa

1024 1166 1117 1228 tuere
1131 1167 1299 1244 proposita
1312 1183 1424 1228 coram
1438 1166 1545 1239 nobis,
1560 1183 1731 1228 cassamus
1747 1183 1819 1246 pro·

1025 1277 1156 1324 cessum
1192 1262 1340 1324 habitum
1369 1279 1481 1324 coram
1514 1263 1751 1326 archidiacono
1782 1265 1817 1326 in

1025 1361 1114 1430 Bria,
1131 1360 1208 1436 quia
1230 1361 1264 1418 in
1292 1375 1330 1420 eo
1355 1360 1423 1421 litis
1451 1361 1647 1422 contestatio
1668 1375 1733 1421 non
1759 1378 1821 1438 ap-

1026 1457 1129 1531 paret,
1152 1455 1198 1517 ita
1219 1457 1329 1517 tamen
1352 1457 1438 1532 quod
1457 1457 1491 1516 in
1513 1471 1573 1516 suo
1595 1459 1682 1518 statu
1705 1472 1818 1518 rema-

1025 1553 1103 1612 neat
1117 1552 1282 1613 restitutio
1298 1553 1383 1613 tacta
1396 1553 1531 1614 decano.
1548 1555 1666 1615 Datum
1681 1553 1817 1626 Tibure,

1026 1649 1071 1709 Ill
1087 1648 1248 1708 kalendas
1263 1649 1355 1720 maii,
1370 1665 1459 1710 anno
1474 1665 1572 1710 nono.

1349 1889 1501 1976 CXLVI

1074 2041 1125 2098 Ad
1139 2041 1310 2099 (tertuum
1321 2041 1363 2098 dc
1377 2043 1491 2113 Βοῖος),
1508 2042 1773 2102 Ambtonmtsorn

1334 2139 1507 2196 clericum.

1304 2264 1338 2321 29
1353 2263 1449 2336 aprilis
1463 2264 1541 2322 laad.

1042 2387 1162 2451 [Begest.,
1179 2385 1225 2436 lib.
1237 2387 1280 2444 IX,
1293 2387 1368 2450 epist.
1381 2385 1435 2434 302.
1450 2387 1507 2436 tiss.
1525 2387 1562 2437 La
1572 2388 1648 2438 Porio
1664 2388 1697 2438 du
1712 2388 1806 2453 Theti]

1160 2502 1341 2575 Dispensatio
1353 2516 1404 2575 pro
1418 2501 1531 2560 delectu
1546 2503 1694 2560 batallum.

1067 2627 1245 2697 Honorius
1276 2629 1351 2697 etc,
1386 2608 1507 2688 dilecto
1537 2627 1605 2688 lllio
1634 2628 1758 2688 Garine
1781 2629 1822 2689 de

1027 2724 1139 2800 Beloy,
1156 2723 1388 2784 Ambianensls
1404 2721 1556 2783 dioecesis
1575 2724 1707 2795 clerico,
1729 2725 1823 2784 salu-

1026 2821 1103 2888 tem,
1121 2821 1182 2880 etc.

1069 2919 1149 2976 Cum
1165 2916 1361 2993 paterinus,
1383 2916 1470 2977 stcut
1489 2916 1624 2988 asseris,
1647 2917 1774 2978 solutus
1790 2917 1822 2978 te

1026 3012 1182 3089 genueris
1196 3029 1239 3073 en
1254 3014 1373 3084 soluta,
1387 3029 1448 3074 nos
1466 3029 1577 3090 quum,
1590 3015 1676 3074 sicut
1689 3015 1821 3082 dicitur,

1027 3109 1213 3171 litterarum
1238 3111 1298 3171 tibi
1323 3111 1463 3172 scientIa
1489 3111 1701 3187 suffragetur,
1728 3115 1822 3188 cujus

1027 3207 1212 3283 disciplinis
1228 3206 1327 3284 longo
1342 3210 1491 3286 tempore
1507 3210 1702 3284 proponeris
1723 3209 1823 3270 insti-

1025 3297 1181 3376 tIsse,'ac
1205 3303 1353 3364 bonosus
1380 3303 1527 3364 moribus
1552 3305 1732 3380 adjuverls,
1756 3306 1822 3366 tuis

1027 3400 1323 3476 supplicationibus
1337 3401 1491 3462 inclinati
1509 3417 1609 3477 super
1622 3401 1755 3462 tuorum
1769 3401 1822 3462 de·

1026 3499 1113 3561 Iectu
1129 3499 1290 3561 natalium
1303 3500 1564 3561 misericorditer
1577 3500 1820 3578 dispensamus,

1026 3597 1223 3658 auctoritate
1237 3597 1298 3657 tibi
1314 3597 1528 3676 praesentium
1542 3597 1771 3670 concedentes,
1788 3600 1823 3660 ut

1026 3693 1085 3753 tali
1108 3708 1174 3755 non
1201 3691 1352 3754 obstante
1375 3693 1610 3769 impedimento
1633 3696 1822 3770 promoveri

1026 3789 1133 3866 possis
1148 3789 1190 3850 ad
1203 3805 1316 3850 sacros
1330 3789 1476 3860 ordinae,
1492 3795 1524 3850 et
1537 3789 1577 3849 ad
1594 3790 1823 3851 ecclesIastica

1026 3884 1197 3956 beneficia,
1222 3885 1255 3946 et
1276 3885 1454 3959 dignitates
1474 3885 1620 3957 assuml;
1643 3887 1692 3946 sic
1710 3887 1822 3946 tamen

1027 3981 1157 4058 quodsi
1179 3979 1221 4041 ad
1240 3981 1400 4042 bonorem
1417 3983 1448 4043 te
1461 3981 1575 4042 vocari
1592 3981 1675 4042 sorte
1689 3983 1822 4044 contin-

1026 4079 1118 4154 geret
1142 4078 1351 4154 praesulatus,
1377 4077 1472 4138 illum
1497 4093 1706 4155 nequaquam
1733 4079 1822 4140 reci-

1026 4176 1099 4252 pias
1113 4174 1238 4250 absque
1262 4173 1355 4235 Sedis
1373 4175 1571 4250 ApostoIIcae
1590 4175 1726 4236 licentia
1746 4192 1823 4253 spe-

1026 4272 1115 4333 clali.
1132 4271 1224 4332 Nulli
1246 4287 1337 4346 ergo,
1360 4273 1434 4343 etc,
1458 4272 1544 4332 banc
1568 4273 1722 4350 paginam
1742 4289 1823 4334 nos-

1024 4371 1086 4431 trae
1106 4369 1364 4445 dIspensationis
1387 4371 1419 4429 et
1441 4369 1678 4441 concessionis,
1702 4371 1764 4432 etc.
1786 4372 1821 4432 Si

1026 4467 1101 4543 quis
1133 4467 1254 4537 autem,
1282 4468 1344 4526 etc.
1371 4467 1489 4528 Datum
1521 4465 1653 4540 TIbure,
1682 4469 1726 4528 Ill
1751 4467 1819 4530 kal.

1026 4563 1116 4635 mali,
1133 4578 1221 4624 anno
1234 4578 1333 4648 nono.

1294 4811 1301 4822 '
1336 4794 1510 4880 CXLVII

1060 4938 1112 4998 Ad
1127 4939 1277 4998 Aaronem
1292 4936 1545 4996 Artcortttenum
1561 4935 1594 4996 et
1606 4937 1790 5000 distensam

1295 5035 1543 5094 marchionem.

1327 5164 1340 5219 l
1356 5162 1422 5219 mail
1437 5163 1516 5221 1225.

1133 5277 1274 5344 [lluratort
1288 5277 1345 5326 nan
1359 5277 1440 5340 annq.
1452 5275 1529 5327 maan
1542 5278 1599 5338 evi,
1613 5281 1632 5339 1,
1643 5279 1720 5345 aean
1788 5248 1797 5264 Χ

1064 5397 1136 5452 Eum
1153 5393 1188 5450 ad
1200 5407 1232 5450 se
1245 5398 1339 5461 vocat,
1355 5399 1386 5448 ut
1400 5391 1556 5450 biarchiam
1570 5375 1779 5452 Anconitanum

1117 5489 1252 5554 tanquam
1268 5495 1354 5538 suum
1365 5479 1480 5538 lendum
1496 5481 1583 5539 libere
1600 5483 1728 5554 recipiat.

1065 5607 1232 5670 Honorius
1240 5606 1425 5684 episcopus,
1437 5621 1553 5667 servus
1563 5623 1734 5670 servornm
1747 5611 1820 5683 Dei,
