4274 6388
183 310 243 378 177

222 470 252 530 4.
269 466 497 530 cancellarius
507 467 683 543 praeterea,
695 465 803 528 medio
815 467 975 543 tempore,
1011 450 1017 461 “

183 565 226 628 ad
248 564 430 640 regendum
456 563 491 624 in
507 563 621 640 aliqua
648 562 806 624 facultate
831 563 976 641 aliquem

182 677 250 724 non
266 661 427 732 admittet,
442 660 508 720 nisi
523 675 542 720 a
571 659 730 734 magistro
753 660 888 736 proprio
904 675 978 725 cum

183 759 419 834 magistrorum
435 757 477 818 ad
493 757 555 818 boc
570 771 590 817 a
612 757 784 832 magistris
798 757 978 845 electorum

182 854 387 922 testimonio,
415 854 472 930 qui
487 853 686 930 praesentari
699 853 815 924 soleat,
830 867 980 930 praesen-

183 952 301 1020 tatum,
318 952 351 1013 et
375 951 490 1012 taliter
517 949 730 1026 praesentato,
758 947 825 1011 nisi
849 949 980 1013 exami-

184 1050 294 1120 natus,
324 1048 353 1109 si
375 1047 562 1109 examinari
583 1048 702 1119 soleat,
731 1062 791 1124 per
811 1045 980 1109 caucella-

186 1146 274 1206 rium
301 1144 508 1206 insufficiens
532 1146 686 1220 repertus
715 1142 827 1215 fuerit,
850 1143 892 1204 ab
916 1158 977 1204 eo-

183 1243 260 1304 dem
276 1241 478 1304 cancellario
496 1241 632 1302 licentia
648 1240 857 1302 concedetur.

225 1341 255 1400 5.
282 1340 352 1400 Nec
376 1339 562 1415 episcopua,
590 1353 653 1399 neo
676 1337 798 1414 aliquis
818 1353 862 1398 ex
885 1338 978 1415 parte

186 1437 304 1513 ipsius,
317 1436 386 1497 ullo
401 1434 499 1497 modo
509 1435 545 1496 in
556 1435 806 1498 universitatem
817 1435 976 1510 ipsorum,

187 1533 245 1594 sed
261 1548 324 1594 nec
347 1533 383 1594 in
405 1548 520 1602 eorum
542 1532 731 1608 quempiam
750 1532 895 1604 interim,
912 1533 980 1592 nisi

187 1646 247 1706 pro
269 1633 342 1707 ejus
363 1631 499 1708 proprio
527 1630 667 1704 crimine
689 1629 744 1690 vel
770 1629 979 1690 contumacia

187 1727 375 1796 manifesta,
393 1729 426 1788 et
437 1727 472 1786 in
492 1727 560 1788 alia
580 1741 681 1787 causa
700 1741 774 1801 quae
789 1725 979 1801 huJusmodi

187 1825 356 1900 negotium
368 1839 443 1884 non
464 1823 645 1904 contingat,
662 1823 980 1884 excommunicatio-

188 1921 242 1980 nis
256 1921 454 1983 seutentiam
465 1918 622 1995 proterat,
637 1935 710 1996 quae
721 1919 826 1990 nulla,
841 1920 869 1979 si
882 1934 978 1980 secus

186 2017 318 2094 prolata
334 2017 446 2088 fuerit,
459 2013 634 2076 habeatur.

226 2116 256 2174 6.
273 2113 322 2176 ad
338 2113 421 2181 haec,
438 2112 640 2174 donecidem
656 2113 833 2189 episcopus
846 2113 887 2174 ad
899 2129 980 2189 prae·

187 2210 331 2272 sentiam
355 2210 503 2285 nostram
528 2209 650 2280 veniat,
677 2210 731 2270 val
760 2209 979 2272 sufficientem

188 2324 248 2384 pro
264 2321 300 2368 sa
313 2307 561 2383 procuratorem
574 2306 778 2368 transmittat
792 2307 828 2366 in
837 2307 979 2371 termino

186 2405 298 2466 sibiet
321 2403 419 2464 alteri
434 2403 557 2479 partia
578 2403 746 2479 judicibus
762 2403 977 2478 assignando,

185 2517 265 2564 usus
288 2501 392 2576 sigilli
413 2500 626 2570 scholarium,
640 2503 860 2578 praeterquam
875 2501 910 2562 in
926 2501 979 2562 his

185 2614 259 2675 quae
274 2598 316 2658 ad
332 2597 477 2658 cilicium
493 2597 738 2673 procurationis
753 2598 788 2661 in
799 2599 863 2658 hac
878 2614 978 2659 causa

186 2696 362 2772 pertineat,
380 2695 612 2770 suspendatur.

227 2795 257 2852 7.
275 2792 553 2856 Noniudicantur
568 2792 676 2854 medio
700 2792 848 2868 tempore
868 2808 981 2854 cessa-

184 2870 296 2950 tiones
317 2888 458 2964 publicae
474 2889 589 2950 contra
614 2889 805 2964 episcopum
823 2891 882 2949 aut
895 2905 979 2950 can-

704 321 731 335 *·
798 307 1027 380 emarcum.
1049 309 1128 370 ure.
1151 310 1207 372 ιιι.
1285 272 1288 288 ’

1379 473 1481 560 coll

1155 627 1207 686 Ad
1216 625 1486 700 Rotbomcpcase
1500 583 1697 701 capitatum.

1313 754 1391 830 (lun.
1407 753 1547 829 ineunte.)

1321 881 1363 936 ltu
1375 885 1538 936 marmoris.

1072 977 1169 1082 (Vide
1198 1004 1361 1070 caratam
1396 1003 1688 1077 compactionem,
1717 1001 1763 1065 lib
1796 1005 1824 1076 1,

1031 1101 1081 1162 tit.
1096 1101 1126 1173 5,
1144 1103 1190 1162 De
1201 1099 1374 1174 electione,
1392 1115 1463 1177 cap.
1478 1097 1525 1178 6.)

1367 1365 1499 1453 colli·

1032 1519 1084 1578 Ad
1098 1517 1253 1578 abbatem
1261 1519 1296 1578 S.
1318 1517 1467 1578 Martini
1487 1519 1528 1578 dc
1543 1519 1749 1610 Gemellis„
1766 1520 1826 1596 dc-¹

1071 1613 1245 1676 canumet
1261 1617 1299 1674 G.
1315 1615 1597 1676 archidiaconum
1619 1616 1822 1698 Ambicncrt.

1324 1744 1355 1799 31
1373 1743 1440 1800 maii
1457 1743 1535 1800 lats.

1065 1866 1182 1930 [Repest.,
1194 1866 1239 1916 lib
1249 1866 1290 1924 vl,
1302 1865 1375 1931 epist.
1386 1866 1442 1916 ll8.
1454 1867 1510 1916 lisa.
1525 1869 1562 1918 La
1571 1867 1647 1916 Porta
1657 1865 1692 1916 du
1702 1866 1796 1929 rhod]

1034 1988 1150 2047 blandai
1162 1997 1192 2046 ut
1206 1991 1252 2048 W.
1268 1990 1437 2061 magistrum
1451 1989 1480 2046 in
1492 1991 1661 2046 canonicum
1676 1990 1746 2048 etin
1766 1988 1823 2048 lra-

1279 2085 1350 2135 trem
1366 2079 1453 2150 recipi
1464 2076 1578 2135 iaciant.

1073 2204 1253 2276 Honorino,
1271 2204 1345 2274 etc,
1361 2203 1490 2264 dilectis
1503 2203 1581 2264 tiliis
1590 2202 1700 2264 abbati
1713 2203 1827 2264 Sancti

1033 2301 1169 2360 Martini
1183 2300 1223 2360 de
1237 2300 1442 2370 Gemellis...,
1460 2298 1585 2360 decano
1607 2302 1640 2361 et
1655 2301 1692 2359 c.
1709 2299 1826 2360 archi-

1034 2396 1174 2456 diacono
1188 2397 1381 2457 ambianen.

1073 2493 1220 2556 Dilectus
1244 2494 1334 2554 filius
1360 2493 1519 2570 magister
1552 2495 1619 2565 W„
1646 2493 1827 2568 canonicus

1033 2590 1160 2661 Artem,
1185 2591 1466 2666 exposuitooram
1482 2591 1587 2674 nobis,
1613 2591 1700 2668 quod
1726 2606 1827 2666 quum

1033 2685 1128 2747 bonae
1163 2688 1332 2748 memoriae
1368 2690 1416 2760 L,
1451 2688 1648 2765 prepositus
1677 2687 1827 2748 ecclesiae

1035 2782 1147 2842 Sancti
1168 2783 1361 2844 Audomarii
1383 2784 1547 2843 Morinen
1569 2782 1734 2853 dioecesis,
1751 2795 1827 2842 oum

1033 2878 1069 2950 ip
1084 2877 1242 2940 clericum
1257 2894 1353 2938 suum
1364 2879 1541 2940 admittens
1556 2879 1597 2939 de
1611 2877 1729 2938 bonis
1720 2877 1828 2954 1psius

187 2986 373 3056 cellarium,
392 2985 550 3062 quamdiu
567 3001 677 3046 coram
692 2986 810 3048 vohis
798 2986 869 3061 Juri
884 2986 982 3046 erunt
1034 2974 1184 3036 ecclesiae
1200 2990 1348 3036 annuum
1363 2975 1527 3036 redditum
1548 2974 1708 3036 tredecim
1718 2973 1825 3042 libra

188 3082 278 3144 stare
293 3083 412 3158 parati,
431 3083 496 3142 nisi
511 3081 552 3142 ab
575 3083 730 3158 episcopo
746 3085 804 3143 aut
819 3083 981 3144 cancella·

184 3181 237 3240 rio
252 3180 305 3242 vel
328 3179 464 3240 officiali
480 3179 580 3240 luerit
595 3182 711 3240 contra
725 3179 893 3255 prohibita
908 3195 981 3240 ma-

189 3277 309 3348 nifeste
322 3277 570 3353 presumptum,

226 3377 256 3434 8.
271 3375 424 3450 Magistri
439 3375 538 3436 etiam
554 3390 574 3435 a
589 3375 749 3450 magistro
764 3376 817 3436 rel
833 3373 979 3436 scholari

188 3471 981 3548 poenampecpniariampertempusnonexigent

1034 3088 1108 3133 rum
1125 3073 1341 3154 assignasset,
1358 3071 1465 3133 eidem
1488 3071 1622 3132 donec
1614 3088 1649 3132 ιιι
1672 3070 1827 3148 praeben·

1034 3168 1103 3230 dali
1126 3169 1191 3230 sibi
1216 3167 1377 3230 beneficio
1404 3168 1604 3244 provideret,
1621 3168 1828 3246 postmodum

1033 3267 1085 3336 R„
1103 3267 1275 3348 Boutiven.
1286 3264 1660 3329 archidiaconosublato
1671 3264 1829 3326 demedio

1034 3363 1091 3440 qui
1112 3361 1322 3440 praebendam
1346 3363 1555 3426 scolasticam
1574 3363 1609 3422 in
1632 3361 1747 3423 eadem
1772 3376 1830 3422 ec·

1034 3460 1137 3522 clesia
1161 3459 1340 3532 obtinebat,
1369 3459 1476 3521 dictus
1503 3460 1700 3542 praepositus
1726 3475 1824 3540 eum-

185 3569 426 3646 supradictum
442 3585 503 3630 nec
516 3569 686 3630 scholares
701 3569 846 3641 interim,
866 3585 981 3630 secun·
1034 3558 1108 3618 dem
1137 3558 1331 3633 magistrum
1359 3557 1398 3620 de
1422 3557 1600 3636 Plaebessda
1619 3557 1692 3632 ipsa
1717 3557 1827 3620 insui

186 3666 263 3733 dum
277 3667 430 3728 nationes
451 3683 540 3736 suas,
566 3665 631 3726 sibi
654 3681 854 3743 quemquam
870 3667 981 3742 praeil-
1034 3655 1172 3732 capituli
1187 3655 1366 3731 praesentia
1380 3653 1561 3728 investivit
1576 3653 1658 3716 sed..
1664 3653 1828 3730 decanus

185 3763 274 3824 cient
304 3764 381 3824 ad
373 3764 515 3850 injurias
540 3763 767 3839 ulciscendam
793 3763 850 3841 qui
878 3764 979 3826 etiam
1034 3756 1067 3813 el
1093 3751 1274 3828 capitulum
1299 3752 1447 3828 ejusdem
1474 3751 1661 3814 0⁰01051ae
1653 3767 1761 3828 ipsum
1786 3749 1828 3810 ad

185 3875 280 3923 arma
306 3876 372 3923 non
398 3861 541 3936 portent,
557 3861 623 3922 nisi
648 3861 741 3922 autu
742 3862 842 3922 telam
866 3861 919 3922 sur
938 3877 981 3922 ex
1030 3849 1296 3913 eamadmittere
1313 3847 1532 3924 denegarunt
1549 3850 1721 3922 Quumque
1741 3863 1830 3923 prae-

186 3973 303 4020 cansa
310 3958 502 4020 necessaria
524 3958 776 4033 compellantur.
803 3960 873 4020 Neo
897 3941 1354 4034 p,0.p0s1toetcap1tu10
1380 3941 1578 4020 sulradlsslls
1602 3955 1703 4016 super
1724 3941 1831 4002 diffla-

187 4054 324 4118 hibeant
345 4055 497 4130 magistri
520 4055 739 4127 scholaribus,
756 4071 798 4116 ne
820 4055 981 4118 accedant
1033 4039 1147 4102 tione
1141 4055 1244 4116 ¹1³³1us
1266 4037 1452 4114 ill‘aebessdae
1477 4037 1671 4114 aliquandiu
1686 4037 1826 4112 stillian-

186 4133 454 4228 apcd'Sanctum
478 4151 645 4214 Victorem
669 4153 711 4213 ad
737 4152 980 4215 contessionem
1033 4135 1828 4212 libusmemoratusmagistflillssrllliffllssssssfflum

184 4249 238 4310 vel
252 4247 428 4323 exsequias
444 4248 660 4320 mortuorum,
673 4251 706 4310 et
721 4249 762 4310 ab
778 4250 881 4322 eis,si
892 4250 980 4312 sacta
1034 4233 1152 4295 luisset
1175 4233 1260 4294 dono
1284 4233 1401 4310 gratiae
1424 4233 1486 4294 sibi
1516 4232 1612 4294 iactae
1636 4232 1826 4306 frustratus,

163 4371 166 4374 ·
183 4345 285 4408 luerit
298 4343 490 4422 hujusmodi
505 4345 695 4422 probibitio,
709 4349 893 4411 revocetur.
1032 4331 1176 4392 tamdem
1190 4329 1334 4408 'ill'aesfltO
1349 4329 1527 4406 PraellOSiiO
1551 4329 1640 4390 Viam
1660 4330 1828 4392 unileisae

224 4441 978 4520 Quocircadiscretionivesoaepenaposmuaa
1034 4429 1145 4490 carnis
1164 4427 1329 4504 ingresso,
1351 4431 1387 4488 P·
1411 4442 1583 4490 successor
1605 4427 1712 4504 ipsius
1727 4443 1831 4504 super

183 4541 307 4618 scripta
327 4541 535 4612 mandamus,
551 4543 716 4617 quatenus
738 4542 824 4618 quod
848 4541 979 4608 anobis
1033 4527 1096 4588 ¹10⁰
1111 4525 1268 4602 lffaedictl)
1292 4525 1449 4600 [Πᾶιζῑὸῒιθ
1474 4525 1677 4602 00¹¹1llafi0¹1⁸
1701 4526 1734 4587 θῑ
1756 4528 1830 4601 eJ'US

183 4654 283 4714 super
296 4638 350 4698 his
360 4637 529 4713 provisum
545 4639 607 4710 est,
625 4637 757 4698 faciatis
772 4628 979 4698 inviolabili·
1033 4623 1255 4684 litteraturam
1271 4623 1303 4683 θῖ
1323 4622 1529 4684 Ῑιθῐῑθὸῒᾶῒθῐΰ
1554 4621 1727 4684 attendens
1751 4637 1831 4698 PPO·

184 4737 234 4798 ter
246 4734 429 4805 observari,
447 4735 714 4798 contradicentes
729 4750 979 4811 percensuram
1033 4721 1125 4782 misit
1138 4721 1257 4791 eidem,
1275 4718 1830 4796 (111οᾶὃὶᾱᾶἴθῐῦὓὶὓῑιΐιθῧθῦᾶᾶω

183 4831 454 4898 ecclesiasticam,
463 4831 686 4907 appellatione
696 4831 890 4908 postposita
899 4847 980 4893 com.
1034 4818 1243 4880 scolasticam
1263 4817 1412 4902 obtinere
1437 4833 1503 4878 non
1525 4817 1640 4894 possit,
1656 4818 1691 4877 in
1707 4816 1774 4876 alia
1798 4817 1830 4877 ei

183 4927 359 5004 pascendo.
385 4927 476 4998 Quod
504 4927 533 4986 si
559 4943 626 4988 non
655 4943 781 5001 omnes,
812 4928 877 4988 duo
902 4944 981 4990 ves.
1034 4914 1211 4992 praebenda
1245 4892 1392 4990 ejusdem
1431 4914 1581 4974 ecclesiae
1620 4913 1827 4991 provideret,

183 5026 283 5096 trum,
301 5025 363 5084 etc
381 5023 500 5085 Datum
522 5023 641 5096 alatri,
664 5025 771 5100 pridie
794 5025 863 5146 kal.
877 5025 977 5102 junii,
1034 5028 1145 5073 annuo
1169 5011 1300 5074 redditu
1316 5012 1461 5089 quinquo
1481 5010 1642 5070 librarum
1662 5011 1828 5072 parisien.

184 5136 273 5182 anno
290 5122 397 5182 sexto
1035 5111 1074 5172 de
1090 5125 1223 5172 camera
1247 5125 1307 5169 sua
1332 5109 1492 5186 praedicto
1516 5107 1674 5186 magistro
1696 5109 1830 5170 interim

1034 5208 1217 5285 assignato,
1244 5209 1343 5285 prout
1370 5206 1527 5284 apparet
1533 5221 1625 5268 ese
1608 5209 1680 5284 ejus
1709 5207 1830 5270 litteris

1034 5307 1215 5368 evidenter.
1244 5309 1349 5376 Quum
1376 5305 1486 5365 autem
1515 5303 1602 5365 idem
1631 5305 1830 5380 magistera

1036 5403 1130 5466 nobis
1151 5402 1361 5480 praebendam
1388 5400 1597 5464 scolasticam
1619 5403 1829 5479 postulasset,

1035 5517 1096 5562 nos
1107 5517 1149 5562 ne
1161 5499 1316 5563 alterutri
1329 5500 1474 5576 partium
1484 5500 1713 5577 praejudicium
1720 5500 1831 5562 facere

1036 5599 1237 5671 videremur,
1252 5613 1326 5660 eam
1344 5597 1409 5659 sibi
1425 5597 1574 5660 absolute
1590 5613 1656 5658 non
1675 5597 1830 5660 duximus
