4274 6388
945 369 1120 433 HONORH
1142 369 1186 434 111
1207 369 1354 433 OPERA.
1910 371 1973 432 228

329 378 388 438 227

330 551 419 598 nunc
442 533 592 596 haeredes
614 533 773 611 ipsorum,
789 531 825 592 in
846 526 1023 608 reprobum
1046 543 1124 590 sen·
1177 544 1241 607 que
1256 529 1468 592 serenitatem
1483 527 1972 606 tuamrogamus,etmonemus

330 649 402 696 sum
418 632 497 704 dati,
511 647 578 693 non
593 631 699 692 solum
714 627 944 706 persecutores
957 626 997 688 de
1008 625 1126 687 defen·
1177 628 1314 700 attente,
1343 629 1506 705 quatenus
1522 628 1615 689 tuum
1632 627 1764 704 jactans
1781 627 1817 686 in
1831 627 1972 688 Domino

328 727 471 800 acribus,
501 727 649 804 quinimo
675 723 898 786 destructores
928 721 1124 804 monasterii
1179 725 1371 800 cogitatum,
1396 725 1452 803 qui
1477 740 1646 800 nunquam
1668 723 1704 784 in
1731 739 1766 783 se
1798 723 1972 800 sperantes

328 825 438 904 potius
452 812 529 884 sunt
539 821 661 883 effecti.
679 821 773 882 Unde
787 835 888 898 quum
900 819 968 880 tam
983 819 1122 880 haereti·
1178 821 1361 894 confundit,
1372 822 1562 883 nullatenus
1572 819 1743 892 terrearis
1756 821 1813 881 sed
1827 822 1858 880 ie
1872 821 1972 882 forti-

329 937 443 984 corum
455 920 553 993 bona,
568 935 666 996 quam
677 918 777 979 etiam
788 917 999 978 defensorum
1015 915 1125 976 tideli—
1177 917 1238 981 bus
1250 917 1453 981 adversariis
1468 919 1630 980 exhibens
1649 918 1830 990 fortiorem,
1847 919 1971 980 atrium

327 1020 389 1081 bus
404 1016 642 1096 occupantibus
658 1016 727 1076 sint
740 1029 909 1086 concessa,
925 1014 958 1074 et
978 1028 1056 1090 pars
1071 1013 1125 1090 ip-
1177 1016 1270 1077 tuum
1285 1017 1438 1093 potenter
1452 1017 1587 1078 studeas
1598 1015 1776 1087 custodire,
1790 1015 1826 1076 ut
1837 1013 1971 1076 tandem

329 1132 440 1178 sorum
460 1113 617 1176 haeretica
633 1112 796 1196 pravitate
821 1111 945 1172 infecta
961 1127 1028 1172 uua
1049 1126 1123 1172 cum
1178 1115 1302 1183 omnia,
1318 1131 1392 1192 quae
1419 1114 1582 1192 possides,
1599 1114 1667 1174 sint
1692 1113 1727 1174 in
1755 1128 1847 1190 pace,
1870 1129 1970 1190 quam

328 1214 404 1276 aliis
415 1211 580 1272 haereticis
596 1209 774 1273 adhaeserit
785 1207 980 1280 manifestis,
995 1207 1076 1285 ipsis
1092 1208 1125 1268 et
1178 1227 1251 1272 cum
1266 1211 1418 1273 omnibus
1429 1211 1633 1282 hominibus,
1643 1212 1801 1288 quantum
1815 1211 1898 1270 exte
1908 1211 1969 1283 est,

328 1325 443 1374 eorum
456 1307 641 1370 fautoribus
656 1323 695 1368 ac
711 1305 940 1367 defensoribus
955 1319 1014 1382 per
1030 1319 1065 1365 se
1085 1319 1124 1364 ac
1179 1307 1212 1370 et
1238 1309 1405 1386 praecipue
1431 1325 1505 1369 cum
1534 1308 1662 1370 Latinis
1693 1307 1911 1370 existentibus
1936 1309 1971 1368 iu

328 1423 417 1479 suos,
434 1406 631 1492 impendens
659 1420 718 1482 pro
737 1403 866 1466 viribus
892 1402 1068 1464 consilium
1092 1401 1126 1463 et
1179 1405 1327 1482 partibus
1343 1405 1514 1468 Romaniae
1528 1405 1694 1478 volumus,
1711 1406 1743 1467 et
1765 1405 1971 1465 consulimus

325 1507 496 1584 juvamen,
514 1502 615 1564 iidem
635 1501 748 1569 abbas,
772 1501 805 1563 et
824 1500 1007 1562 conventus
1028 1497 1124 1560 nobis
1178 1504 1210 1565 te
1234 1519 1381 1574 servare,
1403 1519 1478 1564 cum
1498 1519 1541 1566 ex
1553 1503 1761 1563 dissensione
1774 1501 1877 1562 multa
1892 1517 1972 1578 pos-

329 1601 501 1664 humiliter
526 1599 765 1678 supplicarunt,
787 1598 825 1659 ut
847 1613 963 1658 eorum
990 1611 1126 1674 compa·
1179 1601 1246 1662 sint
1269 1601 1443 1662 imminere
1461 1600 1621 1677 pericula,
1647 1600 1733 1662 sicut
1756 1615 1775 1661 e
1800 1599 1970 1661 contrario

328 1700 449 1762 tientes
463 1698 565 1760 exilio
577 1697 634 1775 qui
644 1698 711 1759 tam
722 1695 762 1756 ab
776 1695 869 1772 ipsis,
883 1709 980 1772 quam
992 1693 1033 1754 ab
1047 1692 1124 1754 aliis

328 1795 597 1860 malefactoribus
630 1795 665 1855 in
692 1793 917 1869 contemptum
950 1790 1124 1852 catholicae

331 1894 444 1956 ildeia
465 1909 525 1954 suo
547 1891 749 1954 monasterio
773 1891 850 1950 sunt
869 1887 1013 1970 expulsi,
1029 1903 1125 1949 occu·

329 1991 430 2071 pandi
447 1990 605 2070 praedicta
621 1988 718 2050 feuda
733 1987 904 2049 licentiam
923 1985 1126 2047 concedere-

330 2105 403 2151 mus
416 2087 552 2150 eisdem.
569 2087 638 2148 Nos
657 2083 761 2162 igitur
780 2083 821 2145 de
840 2081 1041 2145 discretione
1066 2082 1123 2144 tua

329 2188 460 2266 plenam
480 2183 635 2246 fiduciam
657 2181 854 2254 obtinentes,
878 2180 1050 2257 negotium
1072 2179 1124 2258 ip-

329 2300 403 2347 sum
425 2282 490 2358 tibi,
512 2279 667 2343 duximus
698 2277 944 2350 remittendum,
963 2273 1125 2340 fraterni·

329 2381 391 2445 tati
404 2380 471 2443 tuae
485 2393 545 2458 per
558 2377 747 2456 apostolica
762 2375 892 2452 Scripta
912 2373 1120 2446 mandantes,

330 2479 504 2557 quatenus,
522 2474 681 2553 inquisita
705 2487 806 2551 super
829 2471 1011 2549 praemissis
1038 2470 1122 2532 dili-

330 2574 462 2652 gentius
490 2571 642 2641 veritate,
668 2569 755 2648 quod
782 2568 978 2629 canonicum
1006 2566 1121 2636 fuerit,

331 2669 553 2750 appellatione
563 2669 700 2739 remota,
715 2667 885 2738 decernas,
899 2664 1024 2726 faciens
1035 2663 1122 2742 quod

330 2766 516 2832 decreveris
527 2781 588 2845 per
599 2780 774 2828 censuram
788 2762 1048 2825 ecclesiasticam
1061 2761 1122 2822 dr-
1153 2839 1154 2844 ἵ

329 2867 428 2929 miter
448 2863 631 2927 observari.
648 2861 761 2924 Testes
780 2861 902 2933 autem,
919 2863 981 2921 etc.
1004 2860 1123 2921 Datum
1153 2905 1155 2914 ,

333 2961 501 3036 Laterani,
517 2962 563 3022 XI
584 2959 719 3033 kalend,
742 2956 1123 3050 octobris,poutiticatus

330 3062 536 3125 nostrianno
553 3057 703 3136 septimo.

706 3377 742 3464 V

328 3527 581 3594 saponariam
604 3527 853 3602 ioapcrotoram
881 3525 1122 3590 constantino-

625 3627 827 3702 politanum.

584 3756 619 3815 at
632 3753 770 3830 septemb.
789 3753 868 3813 liii.

406 3867 755 3948 [anauahentemo
764 3892 825 3929 ann.
839 3877 908 3936 lass,
918 3872 978 3942 rso,
990 3875 1043 3940 aa]

355 4009 448 4082 Rogat
461 4014 489 4064 at
504 4014 601 4064 monet
613 4012 644 4063 ut
658 4005 820 4062 nuliatenus
835 4008 982 4069 terreatur,
998 3999 1048 4058 sed
1060 4015 1092 4057 se

414 4095 532 4154 fortibus
544 4093 714 4152 adversariis
722 4091 854 4148 exhibeat
865 4089 1019 4146 fortiorem.

366 4221 459 4284 Licet
472 4219 507 4282 iu
517 4218 680 4295 regimine
692 4215 825 4293 imperii
838 4213 942 4276 multa
960 4213 1021 4276 tibi
1036 4213 1122 4290 obji-

327 4319 460 4382 cientur
468 4311 1122 4391 adversa,nequaquamtamentuadebet

326 4413 583 4491 magnanimitas
606 4410 806 4488 perturbari,
834 4408 891 4470 sed
910 4425 1009 4487 quum
1034 4407 1120 4488 quod
1151 4483 1152 4486 Ἴ

326 4526 409 4573 auro
424 4509 523 4586 ignis,
533 4507 597 4570 hoc
612 4505 860 4569 faciattentatio
870 4506 943 4567 viro
958 4505 1047 4578 forti,
1064 4507 1121 4567 tua

326 4607 455 4671 crescat
469 4607 577 4670 virtus
593 4602 768 4680 magnifice
783 4603 818 4664 in
829 4601 990 4675 adversis,
1003 4604 1039 4664 ut
1051 4601 1121 4664 cla-

325 4701 397 4764 rior
416 4701 619 4771 elucescens,
648 4700 715 4761 tuae
740 4697 842 4760 faciat
879 4695 979 4759 latius
1011 4696 1120 4758 laudis

325 4799 494 4878 praeconia
504 4797 691 4876 praedicari,
708 4797 786 4874 quia
801 4794 864 4857 etsi
879 4793 1047 4857 mirabiles
1054 4795 1121 4857 sint

327 4898 489 4962 elationes
500 4896 613 4968 marie,
623 4893 787 4955 mirabilis
795 4896 906 4954 tamen
915 4893 1073 4954 Dominus
1084 4891 1119 4954 in

327 4997 480 5068 excelsis,
490 4991 572 5076 [qui]
584 4993 612 5055 si
621 4992 765 5070 perfecte
778 4991 813 5051 in
824 4990 954 5053 Christo
967 4989 1116 5062 contidis,

326 5093 424 5156 facile
439 5091 603 5157 convertit
623 5087 803 5169 procellam
818 5086 992 5161 inaurem,
1007 5087 1062 5166 qui
1078 5085 1121 5148 tl-

327 5190 417 5252 deles
433 5205 511 5251 suos
526 5189 649 5252 tentari
674 5203 740 5249 non
753 5186 883 5263 patiens
904 5185 993 5248 ultra
1019 5199 1118 5264 quam

325 5287 461 5352 valeant
486 5286 663 5358 sustinere,
689 5283 770 5348 facit
798 5284 898 5347 etiam
920 5300 994 5346 cum
1008 5284 1119 5345 tenta-

328 5387 419 5451 tione
432 5385 639 5464 proventum.

365 5485 435 5547 Nos
461 5497 591 5562 quoque
616 5480 677 5544 tibi
700 5495 910 5558 nequaquam
937 5477 1115 5548 deerimus,

326 5579 383 5646 sed
392 5581 427 5642 in
435 5577 590 5644 omnibus
598 5576 899 5656 opportunitatibus
911 5574 1116 5642 assistemus,

327 5679 413 5743 sicut
426 5675 625 5756 Apostolicaa
648 5673 742 5736 Sedis
761 5673 830 5734 illio
852 5663 1000 5748 speciali.
1018 5669 1116 5733 ideo-

1179 1697 1286 1759 solent
1297 1698 1338 1759 de
1348 1713 1429 1774 pace
1440 1697 1610 1760 commoda
1636 1695 1831 1759 multimoda
1850 1712 1972 1773 prore-

1178 1794 1262 1856 nire.
1280 1795 1399 1856 Datum
1421 1795 1589 1867 Laterani,
1604 1793 1680 1856 Viii
1695 1793 1856 1855 kalendas
1878 1792 1972 1855 octo-

1164 1892 1259 1965 bris
1274 1891 1486 1969 pontificatus
1500 1891 1604 1954 nostri
1615 1907 1703 1954 anno
1714 1890 1865 1968 septimo.

1547 2203 1603 2290 VI

1178 2353 1229 2414 Aa
1240 2353 1280 2413 A.
1291 2351 1481 2414 Samotbtoe
1489 2354 1770 2414 archidiaconum
1782 2351 1969 2429 Petrocor.

1436 2481 1471 2540 ti
1485 2479 1624 2555 septemb.
1638 2481 1716 2540 liii.

1202 2604 1322 2670 [Regest.,
1334 2604 1379 2655 lib.
1390 2605 1445 2665 Vll,
1456 2605 1530 2670 epist.
1542 2605 1582 2654 26.
1595 2605 1652 2655 bias.
1665 2605 1703 2655 La
1717 2605 1793 2656 Porta
1812 2603 1846 2654 du
1859 2603 1953 2669 rheti]

1194 2729 1228 2787 Ei
1242 2729 1373 2787 concedit
1387 2736 1419 2787 ut
1430 2728 1560 2802 quedam
1571 2728 1710 2788 beneficia
1721 2729 1844 2788 retinere
1854 2729 1953 2802 possit.

1216 2861 1393 2935 Honorius,
1408 2863 1484 2935 etc,
1501 2861 1620 2924 dilecto
1643 2859 1711 2924 filio
1728 2865 1767 2924 A.
1789 2861 1971 2924 Samathiaa

1163 2960 1413 3021 archidiacono
1422 2959 1834 3035 Petragoricen.‚salutem
1845 2960 1972 3036 etApo·

1177 3056 1327 3118 stolicam
1341 3057 1618 3119 benedictionem.

1216 3157 1266 3216 Ex
1291 3155 1412 3217 litteris
1440 3155 1644 3218 venerabilis
1660 3153 1774 3218 fratris
1798 3155 1903 3216 nostri
1907 3197 1969 3214 .....

1176 3251 1324 3329 episcopi
1362 3252 1612 3329 Petregoricen.
1645 3251 1845 3328 accepimus,
1882 3251 1969 3330 quod

1177 3365 1276 3426 quum
1310 3349 1431 3425 praeter
1465 3349 1689 3426 ruptariorum
1716 3349 1910 3411 violentiam
1933 3350 1972 3412 at

1176 3460 1372 3520 guerrarum
1396 3444 1558 3518 turbines,
1585 3445 1703 3522 quibus
1725 3449 1799 3522 ejus
1814 3444 1970 3508 dioecesis

1176 3557 1264 3619 saepe
1286 3541 1483 3614 concutitur,
1510 3541 1547 3602 in
1575 3542 1717 3617 quadam
1741 3541 1847 3618 ipsius
1874 3544 1971 3619 parte

1175 3638 1267 3700 tabes
1300 3636 1481 3701 invaluerit
1517 3637 1682 3700 haereticae
1712 3637 1906 3714 pravitatis,
1936 3641 1970 3702 et

1175 3736 1296 3812 ipsum,
1310 3734 1366 3812 qui
1380 3733 1420 3795 ad
1429 3735 1477 3796 tot
1488 3733 1621 3795 diversa
1634 3734 1815 3796 etadrersa
1826 3750 1893 3796 non
1904 3734 1971 3796 suf·

1176 3831 1970 3908 ficit,oporteataliosinpartemsuaesollicitudi-

1175 3929 1227 3989 nis
1252 3943 1403 4001 evocare,
1439 3928 1574 4005 propter
1606 3929 1743 3990 multam
1773 3914 1969 3991 tenuitatem

1174 4025 1970 4102 beneficiorumipsiusdicecesis,vixconveniun-

1173 4125 1229 4185 tur
1239 4121 1336 4200 quiin
1352 4122 1572 4184 hisassistere
1583 4123 1647 4184 sibi
1659 4122 1775 4184 velint.
1788 4125 1894 4194 Quum
1906 4140 1970 4185 au-

1173 4223 1251 4292 tem,
1266 4219 1354 4282 sicut
1377 4220 1413 4281 iu
1435 4220 1555 4282 litteris
1579 4220 1812 4284 continebatur
1829 4220 1967 4294 eisdem,

1175 4317 1619 4394 quodamdePetragoricen.
1638 4318 1788 4380 ecclesiae
1799 4317 1970 4381 archidia-

1175 4415 1360 4488 conatibus,
1378 4415 1434 4492 qui
1464 4416 1541 4478 sunt
1564 4417 1702 4492 septem,
1720 4415 1879 4477 canonice
1907 4414 1969 4476 tibi

1174 4510 1305 4587 collate,
1336 4513 1370 4574 te
1399 4511 1441 4574 ad
1461 4513 1723 4589 componendam
1740 4528 1852 4574 secum
1873 4528 1969 4574 suam

1174 4609 1431 4672 sollicitudinem
1443 4609 1632 4672 litteratura
1641 4612 1674 4672 et
1683 4609 1857 4672 nobilitate
1872 4625 1970 4687 gene·

1173 4705 1222 4766 ris
1243 4705 1304 4767 tibi
1332 4705 1592 4780 suifragantibus
1614 4705 1773 4777 evocarit,
1797 4703 1969 4766 humiliter

1173 4803 1279 4879 petiit,
1307 4802 1469 4881 utquam
1497 4802 1645 4864 redditus
1676 4801 1968 4866 archidiaconatus

1174 4900 1322 4977 ejusdem
1340 4899 1472 4960 centum
1493 4898 1617 4960 solidos
1631 4901 1797 4961 Turonen.
1814 4915 1882 4961 non
1906 4915 1970 4960 ex-

1174 4997 1302 5068 cedant,
1318 4995 1483 5057 retinendi
1497 5012 1572 5057 cum
1593 4995 1665 5074 ipso
1678 4996 1829 5074 quaedam
1839 4996 1969 5058 benefl-

1173 5088 1751 5170 cia,quaeantegeueraleconcilium
1761 5092 1966 5168 obtinueras,

1172 5189 1333 5262 redditus,
1348 5205 1486 5268 quorum
1502 5205 1664 5252 summam
1680 5189 1792 5252 decem
1807 5190 1969 5252 librarum

1172 5287 1337 5348 Turonen.
1352 5287 1410 5348 rix
1433 5287 1610 5362 attingunt,
1637 5285 1896 5348 concederemus
1906 5286 1969 5349 tibi

1173 5382 1213 5444 de
1227 5383 1346 5458 gratia,
1366 5385 1402 5447 ut
1421 5384 1599 5461 assumptae
1623 5383 1858 5446 sollicitudinis
1884 5395 1969 5444 onus

1172 5481 1341 5542 commode
1350 5480 1437 5543 ferre
1447 5481 1559 5544 valeas
1571 5479 1770 5542 facultatem.
1781 5479 1850 5542 Nos
1867 5479 1969 5556 igitur

1171 5577 1277 5654 ipsius
1296 5577 1451 5656 precibus
1479 5581 1512 5640 et
1538 5581 1605 5640 tuae
1635 5576 1810 5655 probitatis
1838 5577 1968 5638 meritis

1170 5674 1556 5752 inclinati,praeseutium
1567 5673 1626 5736 tibi
1643 5673 1840 5737 auctoritate
1854 5688 1969 5735 conce·
