<?xml version="1.0" encoding="UTF-8"?>
<!DOCTYPE html PUBLIC "-//W3C//DTD XHTML 1.0 Transitional//EN"
    "http://www.w3.org/TR/xhtml1/DTD/xhtml1-transitional.dtd">
<html xmlns="http://www.w3.org/1999/xhtml" xml:lang="en" lang="en">
 <head>
  <title>
</title>
<meta http-equiv="Content-Type" content="text/html;charset=utf-8" />
  <meta name='ocr-system' content='tesseract 3.04.00' />
  <meta name='ocr-capabilities' content='ocr_page ocr_carea ocr_par ocr_line ocrx_word'/>
</head>
<body>
  <div class='ocr_page' id='page_1' title='image "./mediiaevibiblio00unkngoog_0017.png"; bbox 0 0 4222 6374; ppageno 0'>
   <div class='ocr_carea' id='block_1_1' title="bbox 146 298 1790 364">
    <p class='ocr_par' dir='ltr' id='par_1_1' title="bbox 146 298 1790 364">
     <span class='ocr_line' id='line_1_1' title="bbox 146 298 1790 364; baseline 0 -4"><span class='ocrx_word' id='word_1_1' title='bbox 146 302 167 360; x_wconf 83' lang='lat'>9</span> <span class='ocrx_word' id='word_1_2' title='bbox 751 298 1000 364; x_wconf 67' lang='lat' dir='ltr'><strong>,apisTOLra</strong></span> <span class='ocrx_word' id='word_1_3' title='bbox 1023 303 1101 363; x_wconf 90' lang='lat' dir='ltr'><strong>LIB.</strong></span> <span class='ocrx_word' id='word_1_4' title='bbox 1125 303 1178 362; x_wconf 88' lang='lat' dir='ltr'><strong>VI.</strong></span> <span class='ocrx_word' id='word_1_5' title='bbox 1642 308 1652 326; x_wconf 65' lang='lat'>⁸</span> <span class='ocrx_word' id='word_1_6' title='bbox 1751 301 1790 361; x_wconf 86' lang='lat'><strong>10</strong></span> 
     </span>
    </p>
   </div>
   <div class='ocr_carea' id='block_1_2' title="bbox 145 455 1871 1705">
    <p class='ocr_par' dir='ltr' id='par_1_2' title="bbox 145 455 1789 830">
     <span class='ocr_line' id='line_1_2' title="bbox 146 455 1789 538; baseline -0.001 -16"><span class='ocrx_word' id='word_1_7' title='bbox 146 457 276 523; x_wconf 88' lang='lat' dir='ltr'><strong>dilectis</strong></span> <span class='ocrx_word' id='word_1_8' title='bbox 304 457 384 520; x_wconf 87' lang='lat' dir='ltr'><strong>tiliis</strong></span> <span class='ocrx_word' id='word_1_9' title='bbox 412 455 525 520; x_wconf 89' lang='lat' dir='ltr'><strong>abbati</strong></span> <span class='ocrx_word' id='word_1_10' title='bbox 556 457 671 522; x_wconf 84' lang='lat' dir='ltr'><strong>Sancti</strong></span> <span class='ocrx_word' id='word_1_11' title='bbox 706 458 878 521; x_wconf 89' lang='lat' dir='ltr'><strong>Laurentii</strong></span> <span class='ocrx_word' id='word_1_12' title='bbox 905 459 941 519; x_wconf 90' lang='lat' dir='ltr'><strong>ln</strong></span> <span class='ocrx_word' id='word_1_13' title='bbox 1036 460 1104 524; x_wconf 79' lang='lat' dir='ltr'><strong>Etsi</strong></span> <span class='ocrx_word' id='word_1_14' title='bbox 1120 476 1186 524; x_wconf 87' lang='lat' dir='ltr'><strong>non</strong></span> <span class='ocrx_word' id='word_1_15' title='bbox 1201 459 1383 538; x_wconf 88' lang='lat' dir='ltr'><strong>nlslgratis</strong></span> <span class='ocrx_word' id='word_1_16' title='bbox 1398 461 1466 522; x_wconf 90' lang='lat' dir='ltr'><strong>sint</strong></span> <span class='ocrx_word' id='word_1_17' title='bbox 1483 459 1711 522; x_wconf 87' lang='lat' dir='ltr'><strong>ecelesiastica</strong></span> <span class='ocrx_word' id='word_1_18' title='bbox 1730 459 1789 522; x_wconf 88' lang='lat' dir='ltr'><strong>be-</strong></span> 
     </span>
     <span class='ocr_line' id='line_1_3' title="bbox 146 555 1788 634; baseline 0 -16"><span class='ocrx_word' id='word_1_19' title='bbox 146 558 268 634; x_wconf 82' lang='lat' dir='ltr'><strong>campo</strong></span> <span class='ocrx_word' id='word_1_20' title='bbox 288 557 322 618; x_wconf 90' lang='lat' dir='ltr'><strong>et</strong></span> <span class='ocrx_word' id='word_1_21' title='bbox 334 555 439 632; x_wconf 92' lang='lat' dir='ltr'><strong>priori</strong></span> <span class='ocrx_word' id='word_1_22' title='bbox 462 555 575 617; x_wconf 85' lang='lat' dir='ltr'><strong>Sancti</strong></span> <span class='ocrx_word' id='word_1_23' title='bbox 596 556 759 628; x_wconf 85' lang='lat' dir='ltr'><strong>Severini,</strong></span> <span class='ocrx_word' id='word_1_24' title='bbox 779 555 941 617; x_wconf 85' lang='lat' dir='ltr'><strong>Fanensis</strong></span> <span class='ocrx_word' id='word_1_25' title='bbox 997 557 1116 619; x_wconf 84' lang='lat' dir='ltr'><strong>nedeia</strong></span> <span class='ocrx_word' id='word_1_26' title='bbox 1141 556 1352 630; x_wconf 83' lang='lat' dir='ltr'><strong>conterenda,</strong></span> <span class='ocrx_word' id='word_1_27' title='bbox 1381 557 1415 618; x_wconf 91' lang='lat' dir='ltr'><strong>hi</strong></span> <span class='ocrx_word' id='word_1_28' title='bbox 1439 559 1550 619; x_wconf 78' lang='lat' dir='ltr'><strong>tamma</strong></span> <span class='ocrx_word' id='word_1_29' title='bbox 1572 557 1640 634; x_wconf 85' lang='lat' dir='ltr'><strong>qui,</strong></span> <span class='ocrx_word' id='word_1_30' title='bbox 1657 572 1788 634; x_wconf 81' lang='lat' dir='ltr'><strong>praere-</strong></span> 
     </span>
     <span class='ocr_line' id='line_1_4' title="bbox 145 651 1788 731; baseline 0 -15"><span class='ocrx_word' id='word_1_31' title='bbox 145 653 179 716; x_wconf 87' lang='lat' dir='ltr'><strong>ei</strong></span> <span class='ocrx_word' id='word_1_32' title='bbox 191 652 438 714; x_wconf 77' lang='lat' dir='ltr'><strong>camerinensis</strong></span> <span class='ocrx_word' id='word_1_33' title='bbox 453 651 645 726; x_wconf 86' lang='lat' dir='ltr'><strong>dioecesum,</strong></span> <span class='ocrx_word' id='word_1_34' title='bbox 660 652 801 714; x_wconf 92' lang='lat' dir='ltr'><strong>salutem</strong></span> <span class='ocrx_word' id='word_1_35' title='bbox 816 655 850 716; x_wconf 92' lang='lat' dir='ltr'><strong>et</strong></span> <span class='ocrx_word' id='word_1_36' title='bbox 861 669 943 731; x_wconf 88' lang='lat' dir='ltr'><strong>apo-</strong></span> <span class='ocrx_word' id='word_1_37' title='bbox 996 654 1101 718; x_wconf 90' lang='lat' dir='ltr'><strong>nieuti</strong></span> <span class='ocrx_word' id='word_1_38' title='bbox 1116 655 1303 731; x_wconf 83' lang='lat' dir='ltr'><strong>gratia,per</strong></span> <span class='ocrx_word' id='word_1_39' title='bbox 1316 654 1412 730; x_wconf 88' lang='lat' dir='ltr'><strong>grata</strong></span> <span class='ocrx_word' id='word_1_40' title='bbox 1427 654 1613 716; x_wconf 85' lang='lat' dir='ltr'><strong>devotionis</strong></span> <span class='ocrx_word' id='word_1_41' title='bbox 1630 653 1788 731; x_wconf 88' lang='lat' dir='ltr'><strong>obsequia</strong></span> 
     </span>
     <span class='ocr_line' id='line_1_5' title="bbox 146 748 1789 830; baseline 0.001 -19"><span class='ocrx_word' id='word_1_42' title='bbox 146 750 299 812; x_wconf 74' lang='lat' dir='ltr'><strong>stolidam</strong></span> <span class='ocrx_word' id='word_1_43' title='bbox 313 748 590 812; x_wconf 77' lang='lat' dir='ltr'><strong>benedictionem.</strong></span> <span class='ocrx_word' id='word_1_44' title='bbox 959 755 961 765; x_wconf 89' lang='grc'><strong>’</strong></span> <span class='ocrx_word' id='word_1_45' title='bbox 997 768 1032 814; x_wconf 93' lang='lat' dir='ltr'><strong>sa</strong></span> <span class='ocrx_word' id='word_1_46' title='bbox 1059 753 1215 829; x_wconf 88' lang='lat' dir='ltr'><strong>coaptant</strong></span> <span class='ocrx_word' id='word_1_47' title='bbox 1241 752 1337 830; x_wconf 83' lang='lat' dir='ltr'><strong>quasi</strong></span> <span class='ocrx_word' id='word_1_48' title='bbox 1365 753 1506 828; x_wconf 88' lang='lat' dir='ltr'><strong>quodam</strong></span> <span class='ocrx_word' id='word_1_49' title='bbox 1534 753 1679 828; x_wconf 90' lang='lat' dir='ltr'><strong>gratuito</strong></span> <span class='ocrx_word' id='word_1_50' title='bbox 1700 753 1789 828; x_wconf 87' lang='lat' dir='ltr'><strong>juris</strong></span> 
     </span>
    </p>

    <p class='ocr_par' dir='ltr' id='par_1_3' title="bbox 145 847 1871 1705">
     <span class='ocr_line' id='line_1_6' title="bbox 187 847 1871 926; baseline 0.001 -16"><span class='ocrx_word' id='word_1_51' title='bbox 187 847 722 912; x_wconf 87' lang='lat' dir='ltr'><strong>Praesentiumvobisauotoritate</strong></span> <span class='ocrx_word' id='word_1_52' title='bbox 735 848 940 918; x_wconf 90' lang='lat' dir='ltr'><strong>mandamus,</strong></span> <span class='ocrx_word' id='word_1_53' title='bbox 995 848 1107 911; x_wconf 86' lang='lat' dir='ltr'><strong>debito</strong></span> <span class='ocrx_word' id='word_1_54' title='bbox 1120 849 1162 910; x_wconf 89' lang='lat' dir='ltr'><strong>ad</strong></span> <span class='ocrx_word' id='word_1_55' title='bbox 1182 865 1233 923; x_wconf 90' lang='lat' dir='ltr'><strong>ea,</strong></span> <span class='ocrx_word' id='word_1_56' title='bbox 1250 849 1328 910; x_wconf 91' lang='lat' dir='ltr'><strong>suut</strong></span> <span class='ocrx_word' id='word_1_57' title='bbox 1341 850 1418 910; x_wconf 85' lang='lat' dir='ltr'><strong>aliis</strong></span> <span class='ocrx_word' id='word_1_58' title='bbox 1436 849 1715 926; x_wconf 83' lang='lat' dir='ltr'><strong>praeterendi3ne</strong></span> <span class='ocrx_word' id='word_1_59' title='bbox 1730 849 1790 911; x_wconf 93' lang='lat' dir='ltr'><strong>de-</strong></span> <span class='ocrx_word' id='word_1_60' title='bbox 1869 853 1871 858; x_wconf 86' lang='lat'>&#39;</span> 
     </span>
     <span class='ocr_line' id='line_1_7' title="bbox 147 945 1789 1026; baseline 0.001 -20"><span class='ocrx_word' id='word_1_61' title='bbox 147 947 312 1026; x_wconf 83' lang='lat' dir='ltr'><strong>quatenus</strong></span> <span class='ocrx_word' id='word_1_62' title='bbox 327 945 479 1007; x_wconf 89' lang='lat' dir='ltr'><strong>homines</strong></span> <span class='ocrx_word' id='word_1_63' title='bbox 497 946 577 1018; x_wconf 83' lang='lat' dir='ltr'><strong>Esii,</strong></span> <span class='ocrx_word' id='word_1_64' title='bbox 595 946 651 1024; x_wconf 90' lang='lat' dir='ltr'><strong>qui</strong></span> <span class='ocrx_word' id='word_1_65' title='bbox 673 945 818 1008; x_wconf 91' lang='lat' dir='ltr'><strong>nobilem</strong></span> <span class='ocrx_word' id='word_1_66' title='bbox 834 946 941 1006; x_wconf 85' lang='lat' dir='ltr'><strong>virum</strong></span> <span class='ocrx_word' id='word_1_67' title='bbox 997 947 1097 1020; x_wconf 82' lang='lat' dir='ltr'><strong>voitu,</strong></span> <span class='ocrx_word' id='word_1_68' title='bbox 1109 947 1211 1023; x_wconf 86' lang='lat' dir='ltr'><strong>digna</strong></span> <span class='ocrx_word' id='word_1_69' title='bbox 1231 946 1449 1008; x_wconf 80' lang='lat' dir='ltr'><strong>retributione</strong></span> <span class='ocrx_word' id='word_1_70' title='bbox 1473 946 1637 1018; x_wconf 83' lang='lat' dir='ltr'><strong>fraudata,</strong></span> <span class='ocrx_word' id='word_1_71' title='bbox 1651 963 1718 1008; x_wconf 90' lang='lat' dir='ltr'><strong>non</strong></span> <span class='ocrx_word' id='word_1_72' title='bbox 1733 963 1789 1008; x_wconf 88' lang='lat' dir='ltr'><strong>so-</strong></span> 
     </span>
     <span class='ocr_line' id='line_1_8' title="bbox 145 1042 1789 1116; baseline -0.001 -10"><span class='ocrx_word' id='word_1_73' title='bbox 145 1047 203 1106; x_wconf 81' lang='lat' dir='ltr'><strong>Az.</strong></span> <span class='ocrx_word' id='word_1_74' title='bbox 218 1042 444 1104; x_wconf 82' lang='lat' dir='ltr'><strong>marchionem</strong></span> <span class='ocrx_word' id='word_1_75' title='bbox 460 1043 703 1104; x_wconf 79' lang='lat' dir='ltr'><strong>Anconitanum</strong></span> <span class='ocrx_word' id='word_1_76' title='bbox 721 1045 755 1106; x_wconf 92' lang='lat' dir='ltr'><strong>et</strong></span> <span class='ocrx_word' id='word_1_77' title='bbox 772 1045 942 1104; x_wconf 87' lang='lat' dir='ltr'><strong>Estensem</strong></span> <span class='ocrx_word' id='word_1_78' title='bbox 997 1043 1066 1106; x_wconf 92' lang='lat' dir='ltr'><strong>lum</strong></span> <span class='ocrx_word' id='word_1_79' title='bbox 1080 1059 1147 1105; x_wconf 91' lang='lat' dir='ltr'><strong>non</strong></span> <span class='ocrx_word' id='word_1_80' title='bbox 1169 1044 1336 1106; x_wconf 83' lang='lat' dir='ltr'><strong>exterreat</strong></span> <span class='ocrx_word' id='word_1_81' title='bbox 1357 1043 1542 1116; x_wconf 89' lang='lat' dir='ltr'><strong>indevotos,</strong></span> <span class='ocrx_word' id='word_1_82' title='bbox 1558 1044 1789 1106; x_wconf 79' lang='lat' dir='ltr'><strong>verumetiam</strong></span> 
     </span>
     <span class='ocr_line' id='line_1_9' title="bbox 146 1139 1790 1217; baseline 0 -15"><span class='ocrx_word' id='word_1_83' title='bbox 146 1141 296 1217; x_wconf 88' lang='lat' dir='ltr'><strong>graviter</strong></span> <span class='ocrx_word' id='word_1_84' title='bbox 317 1139 353 1200; x_wconf 92' lang='lat' dir='ltr'><strong>in</strong></span> <span class='ocrx_word' id='word_1_85' title='bbox 368 1139 481 1201; x_wconf 89' lang='lat' dir='ltr'><strong>multis</strong></span> <span class='ocrx_word' id='word_1_86' title='bbox 500 1139 679 1202; x_wconf 83' lang='lat' dir='ltr'><strong>offendisse</strong></span> <span class='ocrx_word' id='word_1_87' title='bbox 694 1140 859 1210; x_wconf 87' lang='lat' dir='ltr'><strong>dicuntur,</strong></span> <span class='ocrx_word' id='word_1_88' title='bbox 877 1139 943 1200; x_wconf 90' lang='lat' dir='ltr'><strong>nisi</strong></span> <span class='ocrx_word' id='word_1_89' title='bbox 996 1142 1223 1204; x_wconf 86' lang='lat' dir='ltr'><strong>remissiorem</strong></span> <span class='ocrx_word' id='word_1_90' title='bbox 1253 1140 1370 1202; x_wconf 87' lang='lat' dir='ltr'><strong>reddat</strong></span> <span class='ocrx_word' id='word_1_91' title='bbox 1398 1140 1618 1203; x_wconf 88' lang='lat' dir='ltr'><strong>obedientiam</strong></span> <span class='ocrx_word' id='word_1_92' title='bbox 1653 1141 1790 1202; x_wconf 89' lang='lat' dir='ltr'><strong>devoto-</strong></span> 
     </span>
     <span class='ocr_line' id='line_1_10' title="bbox 146 1236 1788 1314; baseline -0.001 -15"><span class='ocrx_word' id='word_1_93' title='bbox 146 1236 189 1300; x_wconf 88' lang='lat' dir='ltr'><strong>ad</strong></span> <span class='ocrx_word' id='word_1_94' title='bbox 204 1237 397 1298; x_wconf 87' lang='lat' dir='ltr'><strong>mandatum</strong></span> <span class='ocrx_word' id='word_1_95' title='bbox 410 1237 613 1298; x_wconf 88' lang='lat' dir='ltr'><strong>marchionis</strong></span> <span class='ocrx_word' id='word_1_96' title='bbox 629 1237 776 1314; x_wconf 89' lang='lat' dir='ltr'><strong>ejusdem</strong></span> <span class='ocrx_word' id='word_1_97' title='bbox 792 1253 866 1297; x_wconf 88' lang='lat' dir='ltr'><strong>curn</strong></span> <span class='ocrx_word' id='word_1_98' title='bbox 880 1236 944 1296; x_wconf 93' lang='lat' dir='ltr'><strong>hu·</strong></span> <span class='ocrx_word' id='word_1_99' title='bbox 997 1255 1081 1299; x_wconf 92' lang='lat' dir='ltr'><strong>rum.</strong></span> <span class='ocrx_word' id='word_1_100' title='bbox 1097 1240 1177 1299; x_wconf 86' lang='lat' dir='ltr'><strong>Cum</strong></span> <span class='ocrx_word' id='word_1_101' title='bbox 1191 1238 1295 1314; x_wconf 87' lang='lat' dir='ltr'><strong>igitur</strong></span> <span class='ocrx_word' id='word_1_102' title='bbox 1307 1238 1393 1300; x_wconf 89' lang='lat' dir='ltr'><strong>siout</strong></span> <span class='ocrx_word' id='word_1_103' title='bbox 1409 1237 1547 1300; x_wconf 89' lang='lat' dir='ltr'><strong>dilectus</strong></span> <span class='ocrx_word' id='word_1_104' title='bbox 1568 1238 1658 1299; x_wconf 88' lang='lat' dir='ltr'><strong>tilius</strong></span> <span class='ocrx_word' id='word_1_105' title='bbox 1673 1241 1710 1299; x_wconf 91' lang='lat' dir='ltr'><strong>P.</strong></span> <span class='ocrx_word' id='word_1_106' title='bbox 1727 1253 1788 1298; x_wconf 88' lang='lat' dir='ltr'><strong>ar-</strong></span> 
     </span>
     <span class='ocr_line' id='line_1_11' title="bbox 146 1333 1790 1413; baseline -0.001 -16"><span class='ocrx_word' id='word_1_107' title='bbox 146 1335 289 1397; x_wconf 87' lang='lat' dir='ltr'><strong>militate</strong></span> <span class='ocrx_word' id='word_1_108' title='bbox 310 1333 480 1406; x_wconf 87' lang='lat' dir='ltr'><strong>redierint,</strong></span> <span class='ocrx_word' id='word_1_109' title='bbox 498 1333 722 1411; x_wconf 88' lang='lat' dir='ltr'><strong>appellatione</strong></span> <span class='ocrx_word' id='word_1_110' title='bbox 746 1334 940 1410; x_wconf 89' lang='lat' dir='ltr'><strong>postposita,</strong></span> <span class='ocrx_word' id='word_1_111' title='bbox 998 1335 1226 1413; x_wconf 87' lang='lat' dir='ltr'><strong>ohipresbyter</strong></span> <span class='ocrx_word' id='word_1_112' title='bbox 1245 1336 1285 1396; x_wconf 91' lang='lat' dir='ltr'><strong>de</strong></span> <span class='ocrx_word' id='word_1_113' title='bbox 1308 1336 1469 1411; x_wconf 82' lang='lat' dir='ltr'><strong>surgerii,</strong></span> <span class='ocrx_word' id='word_1_114' title='bbox 1486 1335 1650 1398; x_wconf 87' lang='lat' dir='ltr'><strong>innostra</strong></span> <span class='ocrx_word' id='word_1_115' title='bbox 1673 1351 1790 1412; x_wconf 93' lang='lat' dir='ltr'><strong>propo·</strong></span> 
     </span>
     <span class='ocr_line' id='line_1_12' title="bbox 146 1429 1789 1510; baseline 0 -16"><span class='ocrx_word' id='word_1_116' title='bbox 146 1431 455 1494; x_wconf 86' lang='lat' dir='ltr'><strong>excommunicatos</strong></span> <span class='ocrx_word' id='word_1_117' title='bbox 487 1429 618 1508; x_wconf 90' lang='lat' dir='ltr'><strong>publice</strong></span> <span class='ocrx_word' id='word_1_118' title='bbox 646 1429 805 1492; x_wconf 81' lang='lat' dir='ltr'><strong>nuutiehs</strong></span> <span class='ocrx_word' id='word_1_119' title='bbox 837 1430 871 1492; x_wconf 92' lang='lat' dir='ltr'><strong>et</strong></span> <span class='ocrx_word' id='word_1_120' title='bbox 901 1430 943 1491; x_wconf 87' lang='lat' dir='ltr'><strong>ab</strong></span> <span class='ocrx_word' id='word_1_121' title='bbox 998 1433 1066 1494; x_wconf 90' lang='lat' dir='ltr'><strong>suit</strong></span> <span class='ocrx_word' id='word_1_122' title='bbox 1097 1433 1274 1510; x_wconf 89' lang='lat' dir='ltr'><strong>praesentia</strong></span> <span class='ocrx_word' id='word_1_123' title='bbox 1311 1433 1522 1506; x_wconf 82' lang='lat' dir='ltr'><strong>constitutus,</strong></span> <span class='ocrx_word' id='word_1_124' title='bbox 1542 1433 1599 1492; x_wconf 91' lang='lat' dir='ltr'><strong>diu</strong></span> <span class='ocrx_word' id='word_1_125' title='bbox 1625 1433 1660 1493; x_wconf 95' lang='lat' dir='ltr'><strong>in</strong></span> <span class='ocrx_word' id='word_1_126' title='bbox 1686 1433 1789 1494; x_wconf 92' lang='lat' dir='ltr'><strong>choro</strong></span> 
     </span>
     <span class='ocr_line' id='line_1_13' title="bbox 147 1527 1790 1608; baseline -0.001 -16"><span class='ocrx_word' id='word_1_127' title='bbox 147 1527 303 1592; x_wconf 90' lang='lat' dir='ltr'><strong>omuibus</strong></span> <span class='ocrx_word' id='word_1_128' title='bbox 322 1527 362 1588; x_wconf 93' lang='lat' dir='ltr'><strong>de</strong></span> <span class='ocrx_word' id='word_1_129' title='bbox 380 1527 530 1588; x_wconf 88' lang='lat' dir='ltr'><strong>Marohia</strong></span> <span class='ocrx_word' id='word_1_130' title='bbox 552 1527 683 1589; x_wconf 83' lang='lat' dir='ltr'><strong>faciatis</strong></span> <span class='ocrx_word' id='word_1_131' title='bbox 704 1529 862 1608; x_wconf 86' lang='lat' dir='ltr'><strong>tanquam</strong></span> <span class='ocrx_word' id='word_1_132' title='bbox 878 1543 942 1588; x_wconf 85' lang='lat' dir='ltr'><strong>ex·</strong></span> <span class='ocrx_word' id='word_1_133' title='bbox 998 1530 1147 1592; x_wconf 86' lang='lat' dir='ltr'><strong>ecclesiae</strong></span> <span class='ocrx_word' id='word_1_134' title='bbox 1162 1531 1281 1592; x_wconf 83' lang='lat' dir='ltr'><strong>vestrae</strong></span> <span class='ocrx_word' id='word_1_135' title='bbox 1298 1530 1453 1592; x_wconf 89' lang='lat' dir='ltr'><strong>servierit</strong></span> <span class='ocrx_word' id='word_1_136' title='bbox 1467 1530 1610 1592; x_wconf 85' lang='lat' dir='ltr'><strong>fideliter</strong></span> <span class='ocrx_word' id='word_1_137' title='bbox 1624 1532 1658 1590; x_wconf 91' lang='lat' dir='ltr'><strong>et</strong></span> <span class='ocrx_word' id='word_1_138' title='bbox 1672 1529 1790 1592; x_wconf 81' lang='lat' dir='ltr'><strong>devote</strong></span> 
     </span>
     <span class='ocr_line' id='line_1_14' title="bbox 148 1626 1788 1705; baseline 0 -17"><span class='ocrx_word' id='word_1_139' title='bbox 148 1626 410 1688; x_wconf 89' lang='lat' dir='ltr'><strong>communicatos</strong></span> <span class='ocrx_word' id='word_1_140' title='bbox 425 1626 551 1688; x_wconf 89' lang='lat' dir='ltr'><strong>arctius</strong></span> <span class='ocrx_word' id='word_1_141' title='bbox 566 1627 695 1692; x_wconf 85' lang='lat' dir='ltr'><strong>evitari.</strong></span> <span class='ocrx_word' id='word_1_142' title='bbox 717 1629 835 1688; x_wconf 88' lang='lat' dir='ltr'><strong>Datum</strong></span> <span class='ocrx_word' id='word_1_143' title='bbox 851 1626 944 1687; x_wconf 91' lang='lat' dir='ltr'><strong>Late·</strong></span> <span class='ocrx_word' id='word_1_144' title='bbox 998 1642 1038 1688; x_wconf 88' lang='lat' dir='ltr'><strong>ac</strong></span> <span class='ocrx_word' id='word_1_145' title='bbox 1059 1643 1118 1704; x_wconf 94' lang='lat' dir='ltr'><strong>pro</strong></span> <span class='ocrx_word' id='word_1_146' title='bbox 1142 1626 1237 1689; x_wconf 91' lang='lat' dir='ltr'><strong>bonae</strong></span> <span class='ocrx_word' id='word_1_147' title='bbox 1259 1628 1429 1688; x_wconf 89' lang='lat' dir='ltr'><strong>memoriae</strong></span> <span class='ocrx_word' id='word_1_148' title='bbox 1453 1627 1698 1705; x_wconf 70' lang='lat' dir='ltr'><strong>prasdecessore</strong></span> <span class='ocrx_word' id='word_1_149' title='bbox 1718 1629 1788 1700; x_wconf 92' lang='lat' dir='ltr'><strong>tuo,</strong></span> 
     </span>
    </p>
   </div>
   <div class='ocr_carea' id='block_1_3' title="bbox 142 1723 944 1884">
    <p class='ocr_par' dir='ltr' id='par_1_4' title="bbox 142 1723 944 1884">
     <span class='ocr_line' id='line_1_15' title="bbox 142 1723 944 1803; baseline -0.002 -19"><span class='ocrx_word' id='word_1_150' title='bbox 142 1724 236 1796; x_wconf 85' lang='lat' dir='ltr'><strong>rani,</strong></span> <span class='ocrx_word' id='word_1_151' title='bbox 259 1725 305 1785; x_wconf 89' lang='lat' dir='ltr'><strong>XI</strong></span> <span class='ocrx_word' id='word_1_152' title='bbox 326 1723 487 1785; x_wconf 85' lang='lat' dir='ltr'><strong>kalendas</strong></span> <span class='ocrx_word' id='word_1_153' title='bbox 503 1723 711 1803; x_wconf 83' lang='lat' dir='ltr'><strong>septembris,</strong></span> <span class='ocrx_word' id='word_1_154' title='bbox 733 1723 944 1800; x_wconf 85' lang='lat' dir='ltr'><strong>pontificatus</strong></span> 
     </span>
     <span class='ocr_line' id='line_1_16' title="bbox 147 1821 480 1884; baseline 0 -2"><span class='ocrx_word' id='word_1_155' title='bbox 147 1821 256 1884; x_wconf 92' lang='lat' dir='ltr'><strong>nostri</strong></span> <span class='ocrx_word' id='word_1_156' title='bbox 271 1837 359 1884; x_wconf 90' lang='lat' dir='ltr'><strong>anuo</strong></span> <span class='ocrx_word' id='word_1_157' title='bbox 374 1822 480 1884; x_wconf 83' lang='lat' dir='ltr'><strong>sexto.</strong></span> 
     </span>
    </p>
   </div>
   <div class='ocr_carea' id='block_1_4' title="bbox 210 2247 882 2410">
    <p class='ocr_par' dir='ltr' id='par_1_5' title="bbox 210 2247 882 2410">
     <span class='ocr_line' id='line_1_17' title="bbox 210 2247 882 2313; baseline -0.012 0"><span class='ocrx_word' id='word_1_158' title='bbox 210 2253 265 2313; x_wconf 81' lang='lat' dir='ltr'><strong>Ad</strong></span> <span class='ocrx_word' id='word_1_159' title='bbox 277 2249 432 2312; x_wconf 81' lang='lat' dir='ltr'><strong>abbatem</strong></span> <span class='ocrx_word' id='word_1_160' title='bbox 446 2249 481 2310; x_wconf 86' lang='lat' dir='ltr'><strong>et</strong></span> <span class='ocrx_word' id='word_1_161' title='bbox 494 2252 678 2311; x_wconf 69' lang='lat' dir='ltr'><strong>macanos</strong></span> <span class='ocrx_word' id='word_1_162' title='bbox 691 2247 882 2308; x_wconf 75' lang='lat' dir='ltr'><strong>Marouion.</strong></span> 
     </span>
     <span class='ocr_line' id='line_1_18' title="bbox 337 2345 757 2410; baseline -0.012 0"><span class='ocrx_word' id='word_1_163' title='bbox 337 2349 492 2410; x_wconf 73' lang='lat' dir='ltr'><strong>diaecesis</strong></span> <span class='ocrx_word' id='word_1_164' title='bbox 509 2345 757 2408; x_wconf 73' lang='lat' dir='ltr'><strong>ntreoalenau.</strong></span> 
     </span>
    </p>
   </div>
   <div class='ocr_carea' id='block_1_5' title="bbox 176 2453 919 2670">
    <p class='ocr_par' dir='ltr' id='par_1_6' title="bbox 176 2453 919 2670">
     <span class='ocr_line' id='line_1_19' title="bbox 416 2453 680 2551; baseline -0.015 -15"><span class='ocrx_word' id='word_1_165' title='bbox 416 2479 452 2536; x_wconf 83' lang='lat' dir='ltr'><strong>ar</strong></span> <span class='ocrx_word' id='word_1_166' title='bbox 472 2453 586 2551; x_wconf 75' lang='lat' dir='ltr'><strong>augusta</strong></span> <span class='ocrx_word' id='word_1_167' title='bbox 602 2475 680 2533; x_wconf 83' lang='lat' dir='ltr'><strong>rasi.</strong></span> 
     </span>
     <span class='ocr_line' id='line_1_20' title="bbox 176 2595 919 2670; baseline -0.013 -15"><span class='ocrx_word' id='word_1_168' title='bbox 176 2602 275 2670; x_wconf 76' lang='lat' dir='ltr'><strong>[londa</strong></span> <span class='ocrx_word' id='word_1_169' title='bbox 289 2603 397 2668; x_wconf 74' lang='lat' dir='ltr'><strong>lloreau,</strong></span> <span class='ocrx_word' id='word_1_170' title='bbox 411 2605 431 2652; x_wconf 87' lang='lat' dir='ltr'><strong>t.</strong></span> <span class='ocrx_word' id='word_1_171' title='bbox 443 2599 554 2658; x_wconf 84' lang='lat' dir='ltr'><strong>CXXIX,</strong></span> <span class='ocrx_word' id='word_1_172' title='bbox 566 2613 593 2664; x_wconf 86' lang='lat' dir='ltr'><strong>p.</strong></span> <span class='ocrx_word' id='word_1_173' title='bbox 605 2599 660 2658; x_wconf 77' lang='lat' dir='ltr'><strong>loti,</strong></span> <span class='ocrx_word' id='word_1_174' title='bbox 673 2597 795 2649; x_wconf 75' lang='lat' dir='ltr'><strong>biblioth.</strong></span> <span class='ocrx_word' id='word_1_175' title='bbox 805 2595 919 2662; x_wconf 77' lang='lat' dir='ltr'><strong>Nedon]</strong></span> 
     </span>
    </p>
   </div>
   <div class='ocr_carea' id='block_1_6' title="bbox 150 2719 947 2888">
    <p class='ocr_par' dir='ltr' id='par_1_7' title="bbox 150 2719 947 2888">
     <span class='ocr_line' id='line_1_21' title="bbox 150 2719 947 2790; baseline -0.014 -1"><span class='ocrx_word' id='word_1_176' title='bbox 150 2728 288 2790; x_wconf 87' lang='lat' dir='ltr'><strong>Prohibet</strong></span> <span class='ocrx_word' id='word_1_177' title='bbox 302 2743 338 2786; x_wconf 94' lang='lat' dir='ltr'><strong>ue</strong></span> <span class='ocrx_word' id='word_1_178' title='bbox 354 2742 370 2785; x_wconf 91' lang='lat' dir='ltr'><strong>a</strong></span> <span class='ocrx_word' id='word_1_179' title='bbox 385 2725 534 2784; x_wconf 89' lang='lat' dir='ltr'><strong>monachis</strong></span> <span class='ocrx_word' id='word_1_180' title='bbox 549 2724 705 2784; x_wconf 80' lang='lat' dir='ltr'><strong>llarchIen.</strong></span> <span class='ocrx_word' id='word_1_181' title='bbox 720 2722 756 2782; x_wconf 92' lang='lat' dir='ltr'><strong>de</strong></span> <span class='ocrx_word' id='word_1_182' title='bbox 777 2719 947 2780; x_wconf 87' lang='lat' dir='ltr'><strong>animalibus</strong></span> 
     </span>
     <span class='ocr_line' id='line_1_22' title="bbox 401 2814 699 2888; baseline -0.01 -15"><span class='ocrx_word' id='word_1_183' title='bbox 401 2815 520 2873; x_wconf 81' lang='lat' dir='ltr'><strong>decimae</strong></span> <span class='ocrx_word' id='word_1_184' title='bbox 538 2814 699 2888; x_wconf 86' lang='lat' dir='ltr'><strong>exigantur.</strong></span> 
     </span>
    </p>
   </div>
   <div class='ocr_carea' id='block_1_7' title="bbox 149 2935 948 3607">
    <p class='ocr_par' dir='ltr' id='par_1_8' title="bbox 150 2935 947 3108">
     <span class='ocr_line' id='line_1_23' title="bbox 188 2935 947 3020; baseline -0.017 -12"><span class='ocrx_word' id='word_1_185' title='bbox 188 2944 361 3008; x_wconf 88' lang='lat' dir='ltr'><strong>Honorius</strong></span> <span class='ocrx_word' id='word_1_186' title='bbox 386 2943 576 3020; x_wconf 87' lang='lat' dir='ltr'><strong>episcopus,</strong></span> <span class='ocrx_word' id='word_1_187' title='bbox 605 2940 684 3011; x_wconf 78' lang='lat' dir='ltr'><strong>etc,</strong></span> <span class='ocrx_word' id='word_1_188' title='bbox 713 2937 842 3000; x_wconf 85' lang='lat' dir='ltr'><strong>dilectis</strong></span> <span class='ocrx_word' id='word_1_189' title='bbox 869 2935 947 2996; x_wconf 83' lang='lat' dir='ltr'><strong>tiliis</strong></span> 
     </span>
     <span class='ocr_line' id='line_1_24' title="bbox 150 3033 946 3108; baseline -0.018 -2"><span class='ocrx_word' id='word_1_190' title='bbox 150 3042 272 3106; x_wconf 80' lang='lat' dir='ltr'><strong>abbate</strong></span> <span class='ocrx_word' id='word_1_191' title='bbox 283 3042 316 3104; x_wconf 89' lang='lat' dir='ltr'><strong>et</strong></span> <span class='ocrx_word' id='word_1_192' title='bbox 325 3040 498 3103; x_wconf 89' lang='lat' dir='ltr'><strong>monachis</strong></span> <span class='ocrx_word' id='word_1_193' title='bbox 508 3037 707 3108; x_wconf 70' lang='lat' dir='ltr'><strong>Marchieu„</strong></span> <span class='ocrx_word' id='word_1_194' title='bbox 721 3033 873 3104; x_wconf 88' lang='lat' dir='ltr'><strong>salutem,</strong></span> <span class='ocrx_word' id='word_1_195' title='bbox 884 3033 946 3094; x_wconf 90' lang='lat' dir='ltr'><strong>etc.</strong></span> 
     </span>
    </p>

    <p class='ocr_par' dir='ltr' id='par_1_9' title="bbox 149 3129 948 3607">
     <span class='ocr_line' id='line_1_25' title="bbox 191 3129 947 3212; baseline -0.02 -8"><span class='ocrx_word' id='word_1_196' title='bbox 191 3140 287 3204; x_wconf 85' lang='lat' dir='ltr'><strong>Solet</strong></span> <span class='ocrx_word' id='word_1_197' title='bbox 298 3153 446 3200; x_wconf 89' lang='lat' dir='ltr'><strong>annuere</strong></span> <span class='ocrx_word' id='word_1_198' title='bbox 459 3137 561 3199; x_wconf 85' lang='lat' dir='ltr'><strong>Sedes</strong></span> <span class='ocrx_word' id='word_1_199' title='bbox 571 3133 761 3212; x_wconf 76' lang='lat' dir='ltr'><strong>apostolica</strong></span> <span class='ocrx_word' id='word_1_200' title='bbox 775 3131 839 3209; x_wconf 90' lang='lat' dir='ltr'><strong>piis</strong></span> <span class='ocrx_word' id='word_1_201' title='bbox 849 3129 947 3197; x_wconf 86' lang='lat' dir='ltr'><strong>votis,</strong></span> 
     </span>
     <span class='ocr_line' id='line_1_26' title="bbox 152 3227 948 3312; baseline -0.019 -10"><span class='ocrx_word' id='word_1_202' title='bbox 152 3239 185 3302; x_wconf 85' lang='lat' dir='ltr'><strong>st</strong></span> <span class='ocrx_word' id='word_1_203' title='bbox 217 3236 370 3300; x_wconf 89' lang='lat' dir='ltr'><strong>honestis</strong></span> <span class='ocrx_word' id='word_1_204' title='bbox 403 3234 584 3312; x_wconf 89' lang='lat' dir='ltr'><strong>petentium</strong></span> <span class='ocrx_word' id='word_1_205' title='bbox 616 3230 769 3308; x_wconf 87' lang='lat' dir='ltr'><strong>precibus</strong></span> <span class='ocrx_word' id='word_1_206' title='bbox 801 3227 948 3289; x_wconf 81' lang='lat' dir='ltr'><strong>savorem</strong></span> 
     </span>
     <span class='ocr_line' id='line_1_27' title="bbox 151 3324 948 3409; baseline -0.015 -11"><span class='ocrx_word' id='word_1_207' title='bbox 151 3335 352 3398; x_wconf 84' lang='lat' dir='ltr'><strong>benevolum</strong></span> <span class='ocrx_word' id='word_1_208' title='bbox 370 3331 551 3409; x_wconf 89' lang='lat' dir='ltr'><strong>impertire.</strong></span> <span class='ocrx_word' id='word_1_209' title='bbox 566 3333 612 3392; x_wconf 84' lang='lat' dir='ltr'><strong>Ea</strong></span> <span class='ocrx_word' id='word_1_210' title='bbox 628 3328 772 3407; x_wconf 90' lang='lat' dir='ltr'><strong>propter,</strong></span> <span class='ocrx_word' id='word_1_211' title='bbox 787 3324 900 3388; x_wconf 88' lang='lat' dir='ltr'><strong>dilecti</strong></span> <span class='ocrx_word' id='word_1_212' title='bbox 914 3324 948 3386; x_wconf 91' lang='lat' dir='ltr'><strong>iu</strong></span> 
     </span>
     <span class='ocr_line' id='line_1_28' title="bbox 152 3421 948 3505; baseline -0.016 -11"><span class='ocrx_word' id='word_1_213' title='bbox 152 3432 295 3496; x_wconf 88' lang='lat' dir='ltr'><strong>Domino</strong></span> <span class='ocrx_word' id='word_1_214' title='bbox 316 3430 388 3504; x_wconf 81' lang='lat' dir='ltr'><strong>filii,</strong></span> <span class='ocrx_word' id='word_1_215' title='bbox 409 3429 530 3492; x_wconf 86' lang='lat' dir='ltr'><strong>vestris</strong></span> <span class='ocrx_word' id='word_1_216' title='bbox 549 3426 650 3505; x_wconf 87' lang='lat' dir='ltr'><strong>justis</strong></span> <span class='ocrx_word' id='word_1_217' title='bbox 670 3421 948 3505; x_wconf 87' lang='lat' dir='ltr'><strong>postulationibus</strong></span> 
     </span>
     <span class='ocr_line' id='line_1_29' title="bbox 149 3521 948 3607; baseline -0.015 -14"><span class='ocrx_word' id='word_1_218' title='bbox 149 3531 251 3607; x_wconf 83' lang='lat' dir='ltr'><strong>grato</strong></span> <span class='ocrx_word' id='word_1_219' title='bbox 265 3528 503 3590; x_wconf 84' lang='lat' dir='ltr'><strong>concurrentes</strong></span> <span class='ocrx_word' id='word_1_220' title='bbox 516 3541 666 3597; x_wconf 90' lang='lat' dir='ltr'><strong>assensu,</strong></span> <span class='ocrx_word' id='word_1_221' title='bbox 675 3521 948 3584; x_wconf 72' lang='lat' dir='ltr'><strong>auctoritatem·</strong></span> 
     </span>
    </p>
   </div>
   <div class='ocr_carea' id='block_1_8' title="bbox 153 3609 1023 3704">
    <p class='ocr_par' dir='ltr' id='par_1_10' title="bbox 153 3609 1023 3704">
     <span class='ocr_line' id='line_1_30' title="bbox 153 3609 1023 3704; baseline -0.015 -14"><span class='ocrx_word' id='word_1_222' title='bbox 153 3628 203 3690; x_wconf 90' lang='lat' dir='ltr'><strong>bis</strong></span> <span class='ocrx_word' id='word_1_223' title='bbox 223 3625 448 3704; x_wconf 90' lang='lat' dir='ltr'><strong>praesentium,</strong></span> <span class='ocrx_word' id='word_1_224' title='bbox 465 3623 507 3686; x_wconf 88' lang='lat' dir='ltr'><strong>ad</strong></span> <span class='ocrx_word' id='word_1_225' title='bbox 528 3623 635 3684; x_wconf 87' lang='lat' dir='ltr'><strong>instar</strong></span> <span class='ocrx_word' id='word_1_226' title='bbox 653 3620 761 3683; x_wconf 84' lang='lat' dir='ltr'><strong>talleis</strong></span> <span class='ocrx_word' id='word_1_227' title='bbox 779 3617 949 3681; x_wconf 86' lang='lat' dir='ltr'><strong>memoriae</strong></span> <span class='ocrx_word' id='word_1_228' title='bbox 1021 3609 1023 3614; x_wconf 79' lang='grc'><strong>’</strong></span> 
     </span>
    </p>
   </div>
   <div class='ocr_carea' id='block_1_9' title="bbox 154 3715 950 4483">
    <p class='ocr_par' dir='ltr' id='par_1_11' title="bbox 154 3715 950 4483">
     <span class='ocr_line' id='line_1_31' title="bbox 155 3715 949 3798; baseline -0.014 -12"><span class='ocrx_word' id='word_1_229' title='bbox 155 3725 251 3788; x_wconf 89' lang='lat' dir='ltr'><strong>Lucii</strong></span> <span class='ocrx_word' id='word_1_230' title='bbox 266 3726 300 3786; x_wconf 90' lang='lat' dir='ltr'><strong>et</strong></span> <span class='ocrx_word' id='word_1_231' title='bbox 311 3722 496 3784; x_wconf 88' lang='lat' dir='ltr'><strong>innocentii</strong></span> <span class='ocrx_word' id='word_1_232' title='bbox 511 3720 793 3798; x_wconf 76' lang='lat' dir='ltr'><strong>praedeeessorum</strong></span> <span class='ocrx_word' id='word_1_233' title='bbox 813 3715 949 3776; x_wconf 89' lang='lat' dir='ltr'><strong>nostro-</strong></span> 
     </span>
     <span class='ocr_line' id='line_1_32' title="bbox 155 3812 949 3890; baseline -0.014 -7"><span class='ocrx_word' id='word_1_234' title='bbox 155 3839 231 3883; x_wconf 92' lang='lat' dir='ltr'><strong>rum</strong></span> <span class='ocrx_word' id='word_1_235' title='bbox 269 3820 480 3890; x_wconf 78' lang='lat' dir='ltr'><strong>Pontificum,</strong></span> <span class='ocrx_word' id='word_1_236' title='bbox 501 3815 761 3878; x_wconf 86' lang='lat' dir='ltr'><strong>misericorditer</strong></span> <span class='ocrx_word' id='word_1_237' title='bbox 795 3812 949 3876; x_wconf 80' lang='lat' dir='ltr'><strong>duximus</strong></span> 
     </span>
     <span class='ocr_line' id='line_1_33' title="bbox 154 3909 950 3996; baseline -0.016 -15"><span class='ocrx_word' id='word_1_238' title='bbox 154 3918 404 3996; x_wconf 89' lang='lat' dir='ltr'><strong>indulgendum,</strong></span> <span class='ocrx_word' id='word_1_239' title='bbox 420 3917 456 3978; x_wconf 93' lang='lat' dir='ltr'><strong>ut</strong></span> <span class='ocrx_word' id='word_1_240' title='bbox 471 3915 511 3977; x_wconf 94' lang='lat' dir='ltr'><strong>de</strong></span> <span class='ocrx_word' id='word_1_241' title='bbox 524 3913 735 3977; x_wconf 89' lang='lat' dir='ltr'><strong>nutrimentis</strong></span> <span class='ocrx_word' id='word_1_242' title='bbox 757 3909 950 3972; x_wconf 91' lang='lat' dir='ltr'><strong>animalium</strong></span> 
     </span>
     <span class='ocr_line' id='line_1_34' title="bbox 156 4007 950 4083; baseline -0.015 -4"><span class='ocrx_word' id='word_1_243' title='bbox 156 4017 345 4079; x_wconf 80' lang='lat' dir='ltr'><strong>vestrorum</strong></span> <span class='ocrx_word' id='word_1_244' title='bbox 366 4014 478 4076; x_wconf 89' lang='lat' dir='ltr'><strong>nullus</strong></span> <span class='ocrx_word' id='word_1_245' title='bbox 495 4029 516 4074; x_wconf 89' lang='lat' dir='ltr'><strong>a</strong></span> <span class='ocrx_word' id='word_1_246' title='bbox 532 4010 626 4073; x_wconf 87' lang='lat' dir='ltr'><strong>vobis</strong></span> <span class='ocrx_word' id='word_1_247' title='bbox 648 4009 794 4072; x_wconf 85' lang='lat' dir='ltr'><strong>decimas</strong></span> <span class='ocrx_word' id='word_1_248' title='bbox 814 4007 950 4083; x_wconf 82' lang='lat' dir='ltr'><strong>exigere</strong></span> 
     </span>
     <span class='ocr_line' id='line_1_35' title="bbox 156 4103 950 4188; baseline -0.018 -13"><span class='ocrx_word' id='word_1_249' title='bbox 156 4112 210 4176; x_wconf 81' lang='lat' dir='ltr'><strong>vel</strong></span> <span class='ocrx_word' id='word_1_250' title='bbox 221 4115 419 4188; x_wconf 84' lang='lat' dir='ltr'><strong>extorquere</strong></span> <span class='ocrx_word' id='word_1_251' title='bbox 428 4109 616 4188; x_wconf 88' lang='lat' dir='ltr'><strong>praesumat.</strong></span> <span class='ocrx_word' id='word_1_252' title='bbox 625 4106 717 4168; x_wconf 93' lang='lat' dir='ltr'><strong>Nulli</strong></span> <span class='ocrx_word' id='word_1_253' title='bbox 728 4103 950 4181; x_wconf 83' lang='lat' dir='ltr'><strong>ergoomuino</strong></span> 
     </span>
     <span class='ocr_line' id='line_1_36' title="bbox 157 4204 950 4282; baseline -0.013 -12"><span class='ocrx_word' id='word_1_254' title='bbox 157 4209 344 4280; x_wconf 85' lang='lat' dir='ltr'><strong>hominum,</strong></span> <span class='ocrx_word' id='word_1_255' title='bbox 357 4209 419 4270; x_wconf 90' lang='lat' dir='ltr'><strong>etc.</strong></span> <span class='ocrx_word' id='word_1_256' title='bbox 444 4206 572 4282; x_wconf 88' lang='lat' dir='ltr'><strong>Siquis</strong></span> <span class='ocrx_word' id='word_1_257' title='bbox 594 4204 703 4266; x_wconf 88' lang='lat' dir='ltr'><strong>autem</strong></span> <span class='ocrx_word' id='word_1_258' title='bbox 725 4215 950 4280; x_wconf 88' lang='lat' dir='ltr'><strong>praesumpse-</strong></span> 
     </span>
     <span class='ocr_line' id='line_1_37' title="bbox 158 4297 950 4378; baseline -0.013 -10"><span class='ocrx_word' id='word_1_259' title='bbox 158 4308 213 4378; x_wconf 92' lang='lat' dir='ltr'><strong>rit,</strong></span> <span class='ocrx_word' id='word_1_260' title='bbox 228 4307 290 4368; x_wconf 90' lang='lat' dir='ltr'><strong>etc.</strong></span> <span class='ocrx_word' id='word_1_261' title='bbox 307 4307 425 4368; x_wconf 88' lang='lat' dir='ltr'><strong>Datum</strong></span> <span class='ocrx_word' id='word_1_262' title='bbox 447 4302 615 4374; x_wconf 88' lang='lat' dir='ltr'><strong>Laterani,</strong></span> <span class='ocrx_word' id='word_1_263' title='bbox 630 4303 673 4362; x_wconf 91' lang='lat' dir='ltr'><strong>Vl</strong></span> <span class='ocrx_word' id='word_1_264' title='bbox 696 4297 857 4360; x_wconf 84' lang='lat' dir='ltr'><strong>kalendas</strong></span> <span class='ocrx_word' id='word_1_265' title='bbox 871 4313 950 4375; x_wconf 90' lang='lat' dir='ltr'><strong>sap·</strong></span> 
     </span>
     <span class='ocr_line' id='line_1_38' title="bbox 158 4397 872 4483; baseline -0.014 -17"><span class='ocrx_word' id='word_1_266' title='bbox 158 4405 305 4478; x_wconf 92' lang='lat' dir='ltr'><strong>tembris,</strong></span> <span class='ocrx_word' id='word_1_267' title='bbox 321 4402 532 4483; x_wconf 87' lang='lat' dir='ltr'><strong>pontificatus</strong></span> <span class='ocrx_word' id='word_1_268' title='bbox 545 4399 650 4462; x_wconf 87' lang='lat' dir='ltr'><strong>nostri</strong></span> <span class='ocrx_word' id='word_1_269' title='bbox 665 4414 753 4460; x_wconf 93' lang='lat' dir='ltr'><strong>anuo</strong></span> <span class='ocrx_word' id='word_1_270' title='bbox 762 4397 872 4460; x_wconf 82' lang='lat' dir='ltr'><strong>sexto.</strong></span> 
     </span>
    </p>
   </div>
   <div class='ocr_carea' id='block_1_10' title="bbox 517 4694 593 4782">
    <p class='ocr_par' dir='ltr' id='par_1_12' title="bbox 517 4694 593 4782">
     <span class='ocr_line' id='line_1_39' title="bbox 517 4694 593 4782; baseline 0 0"><span class='ocrx_word' id='word_1_271' title='bbox 517 4694 593 4782; x_wconf 89' lang='lat' dir='ltr'><strong>XII</strong></span> 
     </span>
    </p>
   </div>
   <div class='ocr_carea' id='block_1_11' title="bbox 185 4841 922 4927">
    <p class='ocr_par' dir='ltr' id='par_1_13' title="bbox 185 4841 922 4927">
     <span class='ocr_line' id='line_1_40' title="bbox 185 4841 922 4927; baseline -0.02 -12"><span class='ocrx_word' id='word_1_272' title='bbox 185 4856 237 4915; x_wconf 85' lang='lat' dir='ltr'><strong>Ad</strong></span> <span class='ocrx_word' id='word_1_273' title='bbox 252 4854 447 4927; x_wconf 75' lang='lat' dir='ltr'><strong>episcopam</strong></span> <span class='ocrx_word' id='word_1_274' title='bbox 463 4847 497 4910; x_wconf 86' lang='lat' dir='ltr'><strong>et</strong></span> <span class='ocrx_word' id='word_1_275' title='bbox 511 4841 922 4922; x_wconf 74' lang='lat' dir='ltr'><strong>capitatamlionetoran.</strong></span> 
     </span>
    </p>
   </div>
   <div class='ocr_carea' id='block_1_12' title="bbox 200 4975 911 5173">
    <p class='ocr_par' dir='ltr' id='par_1_14' title="bbox 200 4975 911 5173">
     <span class='ocr_line' id='line_1_41' title="bbox 406 4975 705 5052; baseline -0.027 -13"><span class='ocrx_word' id='word_1_276' title='bbox 406 4981 423 5039; x_wconf 84' lang='grc'><strong>3</strong></span> <span class='ocrx_word' id='word_1_277' title='bbox 441 4977 611 5052; x_wconf 87' lang='lat' dir='ltr'><strong>septembris</strong></span> <span class='ocrx_word' id='word_1_278' title='bbox 626 4975 705 5034; x_wconf 73' lang='lat' dir='ltr'><strong>itit.</strong></span> 
     </span>
     <span class='ocr_line' id='line_1_42' title="bbox 200 5093 911 5173; baseline -0.021 -15"><span class='ocrx_word' id='word_1_279' title='bbox 200 5107 321 5173; x_wconf 84' lang='lat' dir='ltr'><strong>[llegsst.,</strong></span> <span class='ocrx_word' id='word_1_280' title='bbox 332 5103 378 5156; x_wconf 89' lang='lat' dir='ltr'><strong>lib.</strong></span> <span class='ocrx_word' id='word_1_281' title='bbox 389 5101 516 5166; x_wconf 82' lang='lat' dir='ltr'><strong>Vl,epist.</strong></span> <span class='ocrx_word' id='word_1_282' title='bbox 530 5101 555 5151; x_wconf 82' lang='grc'><strong>3.</strong></span> <span class='ocrx_word' id='word_1_283' title='bbox 567 5100 624 5150; x_wconf 84' lang='lat' dir='ltr'><strong>llas.</strong></span> <span class='ocrx_word' id='word_1_284' title='bbox 636 5099 672 5150; x_wconf 89' lang='lat' dir='ltr'><strong>La</strong></span> <span class='ocrx_word' id='word_1_285' title='bbox 681 5099 758 5148; x_wconf 87' lang='lat' dir='ltr'><strong>Porto</strong></span> <span class='ocrx_word' id='word_1_286' title='bbox 770 5095 804 5146; x_wconf 89' lang='lat' dir='ltr'><strong>da</strong></span> <span class='ocrx_word' id='word_1_287' title='bbox 817 5093 911 5159; x_wconf 77' lang='lat' dir='ltr'><strong>rheti]</strong></span> 
     </span>
    </p>
   </div>
   <div class='ocr_carea' id='block_1_13' title="bbox 998 1723 1866 3345">
    <p class='ocr_par' dir='ltr' id='par_1_15' title="bbox 998 1723 1866 3345">
     <span class='ocr_line' id='line_1_43' title="bbox 998 1723 1789 1802; baseline -0.001 -17"><span class='ocrx_word' id='word_1_288' title='bbox 998 1723 1102 1786; x_wconf 84' lang='lat' dir='ltr'><strong>irater</strong></span> <span class='ocrx_word' id='word_1_289' title='bbox 1129 1725 1294 1802; x_wconf 83' lang='lat' dir='ltr'><strong>episcope,</strong></span> <span class='ocrx_word' id='word_1_290' title='bbox 1320 1740 1360 1786; x_wconf 90' lang='lat' dir='ltr'><strong>ac</strong></span> <span class='ocrx_word' id='word_1_291' title='bbox 1383 1723 1488 1796; x_wconf 79' lang='lat' dir='ltr'><strong>vobis,</strong></span> <span class='ocrx_word' id='word_1_292' title='bbox 1506 1723 1567 1785; x_wconf 87' lang='lat' dir='ltr'><strong>dlii</strong></span> <span class='ocrx_word' id='word_1_293' title='bbox 1595 1723 1789 1800; x_wconf 89' lang='lat' dir='ltr'><strong>capitulum,</strong></span> 
     </span>
     <span class='ocr_line' id='line_1_44' title="bbox 998 1821 1792 1898; baseline 0.004 -17"><span class='ocrx_word' id='word_1_294' title='bbox 998 1821 1122 1898; x_wconf 89' lang='lat' dir='ltr'><strong>pluries</strong></span> <span class='ocrx_word' id='word_1_295' title='bbox 1130 1822 1172 1882; x_wconf 90' lang='lat' dir='ltr'><strong>ad</strong></span> <span class='ocrx_word' id='word_1_296' title='bbox 1185 1822 1301 1884; x_wconf 84' lang='lat' dir='ltr'><strong>sedem</strong></span> <span class='ocrx_word' id='word_1_297' title='bbox 1316 1822 1538 1898; x_wconf 81' lang='lat' dir='ltr'><strong>Apostolicam</strong></span> <span class='ocrx_word' id='word_1_298' title='bbox 1549 1821 1792 1896; x_wconf 88' lang='lat' dir='ltr'><strong>laboravit,nec</strong></span> 
     </span>
     <span class='ocr_line' id='line_1_45' title="bbox 999 1918 1793 1996; baseline 0.005 -18"><span class='ocrx_word' id='word_1_299' title='bbox 999 1919 1087 1979; x_wconf 87' lang='lat' dir='ltr'><strong>ultra</strong></span> <span class='ocrx_word' id='word_1_300' title='bbox 1106 1919 1243 1994; x_wconf 89' lang='lat' dir='ltr'><strong>triginta</strong></span> <span class='ocrx_word' id='word_1_301' title='bbox 1263 1918 1388 1981; x_wconf 92' lang='lat' dir='ltr'><strong>solidos</strong></span> <span class='ocrx_word' id='word_1_302' title='bbox 1408 1919 1533 1980; x_wconf 89' lang='lat' dir='ltr'><strong>hahens</strong></span> <span class='ocrx_word' id='word_1_303' title='bbox 1552 1919 1587 1979; x_wconf 92' lang='lat' dir='ltr'><strong>in</strong></span> <span class='ocrx_word' id='word_1_304' title='bbox 1602 1919 1793 1996; x_wconf 86' lang='lat' dir='ltr'><strong>archipres-</strong></span> 
     </span>
     <span class='ocr_line' id='line_1_46' title="bbox 998 2015 1792 2094; baseline 0.003 -17"><span class='ocrx_word' id='word_1_305' title='bbox 998 2015 1151 2093; x_wconf 88' lang='lat' dir='ltr'><strong>byteratu</strong></span> <span class='ocrx_word' id='word_1_306' title='bbox 1177 2032 1237 2078; x_wconf 90' lang='lat' dir='ltr'><strong>suo</strong></span> <span class='ocrx_word' id='word_1_307' title='bbox 1262 2015 1296 2078; x_wconf 92' lang='lat' dir='ltr'><strong>iu</strong></span> <span class='ocrx_word' id='word_1_308' title='bbox 1320 2015 1515 2088; x_wconf 88' lang='lat' dir='ltr'><strong>redditibus,</strong></span> <span class='ocrx_word' id='word_1_309' title='bbox 1540 2017 1644 2094; x_wconf 89' lang='lat' dir='ltr'><strong>possit</strong></span> <span class='ocrx_word' id='word_1_310' title='bbox 1670 2015 1792 2079; x_wconf 87' lang='lat' dir='ltr'><strong>exinde</strong></span> 
     </span>
     <span class='ocr_line' id='line_1_47' title="bbox 998 2113 1791 2192; baseline -0.001 -17"><span class='ocrx_word' id='word_1_311' title='bbox 998 2114 1168 2176; x_wconf 92' lang='lat' dir='ltr'><strong>commode</strong></span> <span class='ocrx_word' id='word_1_312' title='bbox 1193 2113 1390 2189; x_wconf 81' lang='lat' dir='ltr'><strong>sustentari3</strong></span> <span class='ocrx_word' id='word_1_313' title='bbox 1406 2115 1484 2192; x_wconf 87' lang='lat' dir='ltr'><strong>quia</strong></span> <span class='ocrx_word' id='word_1_314' title='bbox 1505 2114 1663 2176; x_wconf 88' lang='lat' dir='ltr'><strong>indecens</strong></span> <span class='ocrx_word' id='word_1_315' title='bbox 1683 2114 1791 2184; x_wconf 82' lang='lat' dir='ltr'><strong>vobis,</strong></span> 
     </span>
     <span class='ocr_line' id='line_1_48' title="bbox 999 2211 1793 2290; baseline 0.003 -18"><span class='ocrx_word' id='word_1_316' title='bbox 999 2212 1032 2274; x_wconf 94' lang='lat' dir='ltr'><strong>et</strong></span> <span class='ocrx_word' id='word_1_317' title='bbox 1046 2211 1110 2289; x_wconf 91' lang='lat' dir='ltr'><strong>ipsi</strong></span> <span class='ocrx_word' id='word_1_318' title='bbox 1121 2227 1187 2273; x_wconf 90' lang='lat' dir='ltr'><strong>non</strong></span> <span class='ocrx_word' id='word_1_319' title='bbox 1200 2211 1365 2273; x_wconf 90' lang='lat' dir='ltr'><strong>immerito</strong></span> <span class='ocrx_word' id='word_1_320' title='bbox 1376 2214 1427 2274; x_wconf 89' lang='lat' dir='ltr'><strong>est</strong></span> <span class='ocrx_word' id='word_1_321' title='bbox 1438 2212 1624 2284; x_wconf 90' lang='lat' dir='ltr'><strong>molestum,</strong></span> <span class='ocrx_word' id='word_1_322' title='bbox 1636 2213 1722 2290; x_wconf 86' lang='lat' dir='ltr'><strong>quod</strong></span> <span class='ocrx_word' id='word_1_323' title='bbox 1735 2212 1793 2289; x_wconf 88' lang='lat' dir='ltr'><strong>qul</strong></span> 
     </span>
     <span class='ocr_line' id='line_1_49' title="bbox 999 2308 1793 2386; baseline 0.004 -18"><span class='ocrx_word' id='word_1_324' title='bbox 999 2308 1164 2371; x_wconf 83' lang='lat' dir='ltr'><strong>laboravit</strong></span> <span class='ocrx_word' id='word_1_325' title='bbox 1177 2308 1212 2370; x_wconf 93' lang='lat' dir='ltr'><strong>in</strong></span> <span class='ocrx_word' id='word_1_326' title='bbox 1225 2324 1293 2386; x_wconf 89' lang='lat' dir='ltr'><strong>spe,</strong></span> <span class='ocrx_word' id='word_1_327' title='bbox 1308 2309 1425 2371; x_wconf 87' lang='lat' dir='ltr'><strong>eontra</strong></span> <span class='ocrx_word' id='word_1_328' title='bbox 1446 2308 1602 2370; x_wconf 81' lang='lat' dir='ltr'><strong>fiduciam</strong></span> <span class='ocrx_word' id='word_1_329' title='bbox 1620 2309 1793 2371; x_wconf 83' lang='lat' dir='ltr'><strong>refrauda-</strong></span> 
     </span>
     <span class='ocr_line' id='line_1_50' title="bbox 1000 2405 1794 2482; baseline 0 -14"><span class='ocrx_word' id='word_1_330' title='bbox 1000 2405 1064 2480; x_wconf 92' lang='lat' dir='ltr'><strong>tur,</strong></span> <span class='ocrx_word' id='word_1_331' title='bbox 1081 2407 1331 2468; x_wconf 85' lang='lat' dir='ltr'><strong>universitatem</strong></span> <span class='ocrx_word' id='word_1_332' title='bbox 1346 2407 1491 2468; x_wconf 83' lang='lat' dir='ltr'><strong>vestram</strong></span> <span class='ocrx_word' id='word_1_333' title='bbox 1506 2408 1662 2482; x_wconf 82' lang='lat' dir='ltr'><strong>rogantes</strong></span> <span class='ocrx_word' id='word_1_334' title='bbox 1677 2408 1710 2470; x_wconf 92' lang='lat' dir='ltr'><strong>et</strong></span> <span class='ocrx_word' id='word_1_335' title='bbox 1726 2421 1794 2468; x_wconf 92' lang='lat' dir='ltr'><strong>mo-</strong></span> 
     </span>
     <span class='ocr_line' id='line_1_51' title="bbox 1001 2503 1793 2581; baseline 0.006 -18"><span class='ocrx_word' id='word_1_336' title='bbox 1001 2503 1117 2565; x_wconf 89' lang='lat' dir='ltr'><strong>nentes</strong></span> <span class='ocrx_word' id='word_1_337' title='bbox 1131 2504 1288 2566; x_wconf 70' lang='lat' dir='ltr'><strong>abentius</strong></span> <span class='ocrx_word' id='word_1_338' title='bbox 1297 2519 1356 2581; x_wconf 94' lang='lat' dir='ltr'><strong>per</strong></span> <span class='ocrx_word' id='word_1_339' title='bbox 1365 2503 1555 2581; x_wconf 80' lang='lat' dir='ltr'><strong>Apostolica</strong></span> <span class='ocrx_word' id='word_1_340' title='bbox 1565 2504 1659 2566; x_wconf 85' lang='lat' dir='ltr'><strong>vohis</strong></span> <span class='ocrx_word' id='word_1_341' title='bbox 1670 2503 1793 2581; x_wconf 88' lang='lat' dir='ltr'><strong>scripta</strong></span> 
     </span>
     <span class='ocr_line' id='line_1_52' title="bbox 1001 2601 1793 2679; baseline 0 -17"><span class='ocrx_word' id='word_1_342' title='bbox 1001 2601 1207 2673; x_wconf 88' lang='lat' dir='ltr'><strong>mandamus,</strong></span> <span class='ocrx_word' id='word_1_343' title='bbox 1224 2601 1385 2679; x_wconf 90' lang='lat' dir='ltr'><strong>quatenus</strong></span> <span class='ocrx_word' id='word_1_344' title='bbox 1400 2601 1507 2662; x_wconf 90' lang='lat' dir='ltr'><strong>eidem</strong></span> <span class='ocrx_word' id='word_1_345' title='bbox 1522 2617 1591 2662; x_wconf 87' lang='lat' dir='ltr'><strong>suae</strong></span> <span class='ocrx_word' id='word_1_346' title='bbox 1609 2601 1793 2664; x_wconf 85' lang='lat' dir='ltr'><strong>devotionis</strong></span> 
     </span>
     <span class='ocr_line' id='line_1_53' title="bbox 1001 2697 1795 2776; baseline -0.001 -15"><span class='ocrx_word' id='word_1_347' title='bbox 1001 2697 1147 2771; x_wconf 87' lang='lat' dir='ltr'><strong>obtentu,</strong></span> <span class='ocrx_word' id='word_1_348' title='bbox 1156 2703 1188 2761; x_wconf 91' lang='lat' dir='ltr'><strong>at</strong></span> <span class='ocrx_word' id='word_1_349' title='bbox 1201 2699 1389 2760; x_wconf 86' lang='lat' dir='ltr'><strong>nostrarum</strong></span> <span class='ocrx_word' id='word_1_350' title='bbox 1403 2714 1537 2776; x_wconf 89' lang='lat' dir='ltr'><strong>precum</strong></span> <span class='ocrx_word' id='word_1_351' title='bbox 1547 2699 1670 2760; x_wconf 91' lang='lat' dir='ltr'><strong>iutuitu</strong></span> <span class='ocrx_word' id='word_1_352' title='bbox 1682 2699 1795 2761; x_wconf 88' lang='lat' dir='ltr'><strong>taliter</strong></span> 
     </span>
     <span class='ocr_line' id='line_1_54' title="bbox 1002 2795 1795 2874; baseline 0 -17"><span class='ocrx_word' id='word_1_353' title='bbox 1002 2795 1176 2874; x_wconf 87' lang='lat' dir='ltr'><strong>providere</strong></span> <span class='ocrx_word' id='word_1_354' title='bbox 1201 2796 1323 2868; x_wconf 76' lang='lat' dir='ltr'><strong>velitis,</strong></span> <span class='ocrx_word' id='word_1_355' title='bbox 1351 2796 1437 2873; x_wconf 88' lang='lat' dir='ltr'><strong>quod</strong></span> <span class='ocrx_word' id='word_1_356' title='bbox 1465 2797 1537 2872; x_wconf 88' lang='lat' dir='ltr'><strong>ipse</strong></span> <span class='ocrx_word' id='word_1_357' title='bbox 1565 2796 1606 2856; x_wconf 87' lang='lat' dir='ltr'><strong>ad</strong></span> <span class='ocrx_word' id='word_1_358' title='bbox 1636 2796 1795 2872; x_wconf 85' lang='lat' dir='ltr'><strong>obsequia</strong></span> 
     </span>
     <span class='ocr_line' id='line_1_55' title="bbox 1002 2889 1866 2970; baseline 0 -16"><span class='ocrx_word' id='word_1_359' title='bbox 1002 2891 1152 2954; x_wconf 87' lang='lat' dir='ltr'><strong>ecclesiae</strong></span> <span class='ocrx_word' id='word_1_360' title='bbox 1165 2893 1286 2952; x_wconf 84' lang='lat' dir='ltr'><strong>vestrae</strong></span> <span class='ocrx_word' id='word_1_361' title='bbox 1305 2893 1373 2952; x_wconf 88' lang='lat' dir='ltr'><strong>tam</strong></span> <span class='ocrx_word' id='word_1_362' title='bbox 1387 2893 1422 2952; x_wconf 92' lang='lat' dir='ltr'><strong>iu</strong></span> <span class='ocrx_word' id='word_1_363' title='bbox 1438 2891 1678 2969; x_wconf 89' lang='lat' dir='ltr'><strong>spiritualibus,</strong></span> <span class='ocrx_word' id='word_1_364' title='bbox 1694 2907 1796 2970; x_wconf 83' lang='lat' dir='ltr'><strong>quam</strong></span> <span class='ocrx_word' id='word_1_365' title='bbox 1863 2889 1866 2900; x_wconf 88' lang='lat'>&#39;</span> 
     </span>
     <span class='ocr_line' id='line_1_56' title="bbox 1002 2985 1796 3065; baseline 0 -15"><span class='ocrx_word' id='word_1_366' title='bbox 1002 2989 1037 3050; x_wconf 91' lang='lat' dir='ltr'><strong>ln</strong></span> <span class='ocrx_word' id='word_1_367' title='bbox 1055 2987 1293 3065; x_wconf 88' lang='lat' dir='ltr'><strong>temporalibus</strong></span> <span class='ocrx_word' id='word_1_368' title='bbox 1313 2985 1433 3050; x_wconf 86' lang='lat' dir='ltr'><strong>lortius</strong></span> <span class='ocrx_word' id='word_1_369' title='bbox 1456 2988 1671 3065; x_wconf 83' lang='lat' dir='ltr'><strong>astringatur,</strong></span> <span class='ocrx_word' id='word_1_370' title='bbox 1688 2991 1721 3052; x_wconf 90' lang='lat' dir='ltr'><strong>et</strong></span> <span class='ocrx_word' id='word_1_371' title='bbox 1734 3003 1796 3050; x_wconf 91' lang='lat' dir='ltr'><strong>nos</strong></span> 
     </span>
     <span class='ocr_line' id='line_1_57' title="bbox 1003 3085 1797 3164; baseline 0 -18"><span class='ocrx_word' id='word_1_372' title='bbox 1003 3085 1211 3148; x_wconf 83' lang='lat' dir='ltr'><strong>devotionem</strong></span> <span class='ocrx_word' id='word_1_373' title='bbox 1229 3087 1375 3148; x_wconf 78' lang='lat' dir='ltr'><strong>vestram</strong></span> <span class='ocrx_word' id='word_1_374' title='bbox 1392 3085 1557 3164; x_wconf 88' lang='lat' dir='ltr'><strong>possimus</strong></span> <span class='ocrx_word' id='word_1_375' title='bbox 1572 3085 1690 3148; x_wconf 89' lang='lat' dir='ltr'><strong>merito</strong></span> <span class='ocrx_word' id='word_1_376' title='bbox 1705 3101 1797 3148; x_wconf 89' lang='lat' dir='ltr'><strong>com·</strong></span> 
     </span>
     <span class='ocr_line' id='line_1_58' title="bbox 1003 3183 1797 3262; baseline -0.001 -16"><span class='ocrx_word' id='word_1_377' title='bbox 1003 3183 1170 3246; x_wconf 89' lang='lat' dir='ltr'><strong>mandare.</strong></span> <span class='ocrx_word' id='word_1_378' title='bbox 1194 3183 1312 3246; x_wconf 91' lang='lat' dir='ltr'><strong>Datum</strong></span> <span class='ocrx_word' id='word_1_379' title='bbox 1332 3183 1499 3257; x_wconf 86' lang='lat' dir='ltr'><strong>Laterani,</strong></span> <span class='ocrx_word' id='word_1_380' title='bbox 1523 3185 1569 3246; x_wconf 91' lang='lat' dir='ltr'><strong>Ill</strong></span> <span class='ocrx_word' id='word_1_381' title='bbox 1591 3197 1698 3246; x_wconf 90' lang='lat' dir='ltr'><strong>nouas</strong></span> <span class='ocrx_word' id='word_1_382' title='bbox 1719 3198 1797 3262; x_wconf 88' lang='lat' dir='ltr'><strong>sep-</strong></span> 
     </span>
     <span class='ocr_line' id='line_1_59' title="bbox 1002 3281 1364 3345; baseline -0.008 0"><span class='ocrx_word' id='word_1_383' title='bbox 1002 3281 1140 3345; x_wconf 87' lang='lat' dir='ltr'><strong>tembris</strong></span> <span class='ocrx_word' id='word_1_384' title='bbox 1154 3295 1243 3344; x_wconf 92' lang='lat' dir='ltr'><strong>anno</strong></span> <span class='ocrx_word' id='word_1_385' title='bbox 1258 3283 1364 3344; x_wconf 85' lang='lat' dir='ltr'><strong>sexto.</strong></span> 
     </span>
    </p>
   </div>
   <div class='ocr_carea' id='block_1_14' title="bbox 1351 3585 1449 3673">
    <p class='ocr_par' dir='ltr' id='par_1_16' title="bbox 1351 3585 1449 3673">
     <span class='ocr_line' id='line_1_60' title="bbox 1351 3585 1449 3673; baseline 0.01 -1"><span class='ocrx_word' id='word_1_386' title='bbox 1351 3585 1449 3673; x_wconf 88' lang='lat' dir='ltr'>XIII</span> 
     </span>
    </p>
   </div>
   <div class='ocr_carea' id='block_1_15' title="bbox 1044 3738 1757 3815">
    <p class='ocr_par' dir='ltr' id='par_1_17' title="bbox 1044 3738 1757 3815">
     <span class='ocr_line' id='line_1_61' title="bbox 1044 3738 1757 3815; baseline 0 -16"><span class='ocrx_word' id='word_1_387' title='bbox 1044 3739 1096 3799; x_wconf 86' lang='lat' dir='ltr'><strong>Ad</strong></span> <span class='ocrx_word' id='word_1_388' title='bbox 1122 3739 1418 3814; x_wconf 59' lang='lat' dir='ltr'><strong>archepiscopum</strong></span> <span class='ocrx_word' id='word_1_389' title='bbox 1443 3738 1757 3815; x_wconf 75' lang='lat' dir='ltr'><strong>Monunttneosem.</strong></span> 
     </span>
    </p>
   </div>
   <div class='ocr_carea' id='block_1_16' title="bbox 1143 3874 1666 4068">
    <p class='ocr_par' dir='ltr' id='par_1_18' title="bbox 1143 3874 1666 4068">
     <span class='ocr_line' id='line_1_62' title="bbox 1252 3874 1545 3950; baseline -0.003 -14"><span class='ocrx_word' id='word_1_390' title='bbox 1252 3878 1269 3936; x_wconf 81' lang='grc'><strong>3</strong></span> <span class='ocrx_word' id='word_1_391' title='bbox 1283 3874 1452 3950; x_wconf 88' lang='lat' dir='ltr'><strong>septembris</strong></span> <span class='ocrx_word' id='word_1_392' title='bbox 1467 3877 1545 3935; x_wconf 75' lang='lat' dir='ltr'><strong>lsai.</strong></span> 
     </span>
     <span class='ocr_line' id='line_1_63' title="bbox 1143 3999 1666 4068; baseline -0.002 -17"><span class='ocrx_word' id='word_1_393' title='bbox 1143 3999 1254 4064; x_wconf 73' lang='lat' dir='ltr'><strong>[Scheid</strong></span> <span class='ocrx_word' id='word_1_394' title='bbox 1272 4000 1386 4065; x_wconf 74' lang='lat' dir='ltr'><strong>Origines</strong></span> <span class='ocrx_word' id='word_1_395' title='bbox 1399 3999 1525 4059; x_wconf 81' lang='lat' dir='ltr'><strong>Guellicae,</strong></span> <span class='ocrx_word' id='word_1_396' title='bbox 1540 4000 1586 4065; x_wconf 85' lang='lat' dir='ltr'><strong>ill,</strong></span> <span class='ocrx_word' id='word_1_397' title='bbox 1597 4000 1666 4068; x_wconf 78' lang='lat' dir='ltr'><strong>ala]</strong></span> 
     </span>
    </p>
   </div>
   <div class='ocr_carea' id='block_1_17' title="bbox 1005 4125 1798 4276">
    <p class='ocr_par' dir='ltr' id='par_1_19' title="bbox 1005 4125 1798 4276">
     <span class='ocr_line' id='line_1_64' title="bbox 1005 4125 1798 4200; baseline 0 -14"><span class='ocrx_word' id='word_1_398' title='bbox 1005 4127 1181 4186; x_wconf 83' lang='lat' dir='ltr'><strong>Eleationem</strong></span> <span class='ocrx_word' id='word_1_399' title='bbox 1196 4125 1327 4200; x_wconf 83' lang='lat' dir='ltr'><strong>magistri</strong></span> <span class='ocrx_word' id='word_1_400' title='bbox 1342 4125 1461 4186; x_wconf 87' lang='lat' dir='ltr'><strong>Conradi</strong></span> <span class='ocrx_word' id='word_1_401' title='bbox 1479 4126 1506 4184; x_wconf 92' lang='lat' dir='ltr'><strong>in</strong></span> <span class='ocrx_word' id='word_1_402' title='bbox 1523 4127 1688 4200; x_wconf 83' lang='lat' dir='ltr'><strong>episcopum</strong></span> <span class='ocrx_word' id='word_1_403' title='bbox 1705 4127 1798 4186; x_wconf 89' lang='lat' dir='ltr'><strong>eoele-</strong></span> 
     </span>
     <span class='ocr_line' id='line_1_65' title="bbox 1083 4214 1725 4276; baseline 0.005 -3"><span class='ocrx_word' id='word_1_404' title='bbox 1083 4216 1133 4273; x_wconf 79' lang='lat' dir='ltr'><strong>staa</strong></span> <span class='ocrx_word' id='word_1_405' title='bbox 1149 4214 1393 4274; x_wconf 78' lang='lat' dir='ltr'><strong>hildensemensis</strong></span> <span class='ocrx_word' id='word_1_406' title='bbox 1407 4215 1725 4276; x_wconf 82' lang='lat' dir='ltr'><strong>coufirmatllouorius.</strong></span> 
     </span>
    </p>
   </div>
   <div class='ocr_carea' id='block_1_18' title="bbox 1046 4341 1798 4419">
    <p class='ocr_par' dir='ltr' id='par_1_20' title="bbox 1046 4341 1798 4419">
     <span class='ocr_line' id='line_1_66' title="bbox 1046 4341 1798 4419; baseline 0 -15"><span class='ocrx_word' id='word_1_407' title='bbox 1046 4341 1214 4404; x_wconf 89' lang='lat' dir='ltr'><strong>Honorius</strong></span> <span class='ocrx_word' id='word_1_408' title='bbox 1222 4341 1409 4419; x_wconf 88' lang='lat' dir='ltr'><strong>episcopus,</strong></span> <span class='ocrx_word' id='word_1_409' title='bbox 1419 4355 1536 4403; x_wconf 87' lang='lat' dir='ltr'><strong>servus</strong></span> <span class='ocrx_word' id='word_1_410' title='bbox 1546 4357 1716 4405; x_wconf 89' lang='lat' dir='ltr'><strong>servorum</strong></span> <span class='ocrx_word' id='word_1_411' title='bbox 1728 4343 1798 4418; x_wconf 91' lang='lat' dir='ltr'><strong>Dei,</strong></span> 
     </span>
    </p>
   </div>
   <div class='ocr_carea' id='block_1_19' title="bbox 1005 4435 1890 4517">
    <p class='ocr_par' dir='ltr' id='par_1_21' title="bbox 1005 4435 1890 4517">
     <span class='ocr_line' id='line_1_67' title="bbox 1005 4435 1890 4517; baseline -0.001 -15"><span class='ocrx_word' id='word_1_412' title='bbox 1005 4439 1191 4502; x_wconf 86' lang='lat' dir='ltr'><strong>venarabili</strong></span> <span class='ocrx_word' id='word_1_413' title='bbox 1223 4435 1320 4501; x_wconf 83' lang='lat' dir='ltr'><strong>tratri</strong></span> <span class='ocrx_word' id='word_1_414' title='bbox 1350 4439 1602 4517; x_wconf 84' lang='lat' dir='ltr'><strong>archiepiscopo</strong></span> <span class='ocrx_word' id='word_1_415' title='bbox 1630 4443 1801 4517; x_wconf 88' lang='lat' dir='ltr'><strong>Magunti·</strong></span> <span class='ocrx_word' id='word_1_416' title='bbox 1883 4439 1890 4466; x_wconf 68' lang='lat' dir='ltr'><em>s</em></span> 
     </span>
    </p>
   </div>
   <div class='ocr_carea' id='block_1_20' title="bbox 1006 4536 1804 5198">
    <p class='ocr_par' dir='ltr' id='par_1_22' title="bbox 1006 4536 1799 4614">
     <span class='ocr_line' id='line_1_68' title="bbox 1006 4536 1799 4614; baseline 0 -14"><span class='ocrx_word' id='word_1_417' title='bbox 1006 4536 1799 4614; x_wconf 82' lang='lat' dir='ltr'><strong>neusisalutemetapostolinambenedictionem.</strong></span> 
     </span>
    </p>

    <p class='ocr_par' dir='ltr' id='par_1_23' title="bbox 1007 4633 1804 5198">
     <span class='ocr_line' id='line_1_69' title="bbox 1048 4633 1800 4710; baseline 0.001 -14"><span class='ocrx_word' id='word_1_418' title='bbox 1048 4635 1192 4698; x_wconf 87' lang='lat' dir='ltr'><strong>Litteras</strong></span> <span class='ocrx_word' id='word_1_419' title='bbox 1232 4637 1309 4697; x_wconf 87' lang='lat' dir='ltr'><strong>tuas</strong></span> <span class='ocrx_word' id='word_1_420' title='bbox 1341 4633 1529 4710; x_wconf 84' lang='lat' dir='ltr'><strong>recepimus</strong></span> <span class='ocrx_word' id='word_1_421' title='bbox 1574 4637 1800 4710; x_wconf 84' lang='lat' dir='ltr'><strong>continentes,</strong></span> 
     </span>
     <span class='ocr_line' id='line_1_70' title="bbox 1007 4730 1800 4810; baseline 0 -16"><span class='ocrx_word' id='word_1_422' title='bbox 1007 4732 1094 4810; x_wconf 80' lang='lat' dir='ltr'><strong>quod</strong></span> <span class='ocrx_word' id='word_1_423' title='bbox 1116 4747 1233 4809; x_wconf 89' lang='lat' dir='ltr'><strong>nuper,</strong></span> <span class='ocrx_word' id='word_1_424' title='bbox 1255 4731 1398 4794; x_wconf 87' lang='lat' dir='ltr'><strong>eeclesia</strong></span> <span class='ocrx_word' id='word_1_425' title='bbox 1427 4730 1712 4795; x_wconf 86' lang='lat' dir='ltr'><strong>Hildensemeusis</strong></span> <span class='ocrx_word' id='word_1_426' title='bbox 1735 4748 1800 4796; x_wconf 86' lang='lat' dir='ltr'><strong>va-</strong></span> 
     </span>
     <span class='ocr_line' id='line_1_71' title="bbox 1007 4828 1801 4906; baseline 0.001 -15"><span class='ocrx_word' id='word_1_427' title='bbox 1007 4830 1115 4902; x_wconf 87' lang='lat' dir='ltr'><strong>cante,</strong></span> <span class='ocrx_word' id='word_1_428' title='bbox 1127 4829 1308 4906; x_wconf 88' lang='lat' dir='ltr'><strong>capitulum</strong></span> <span class='ocrx_word' id='word_1_429' title='bbox 1321 4828 1469 4906; x_wconf 86' lang='lat' dir='ltr'><strong>ejusdem</strong></span> <span class='ocrx_word' id='word_1_430' title='bbox 1482 4829 1632 4890; x_wconf 79' lang='lat' dir='ltr'><strong>ecclesias</strong></span> <span class='ocrx_word' id='word_1_431' title='bbox 1646 4829 1801 4892; x_wconf 90' lang='lat' dir='ltr'><strong>dilectum</strong></span> 
     </span>
     <span class='ocr_line' id='line_1_72' title="bbox 1009 4926 1803 5003; baseline 0.003 -15"><span class='ocrx_word' id='word_1_432' title='bbox 1009 4927 1114 4988; x_wconf 90' lang='lat' dir='ltr'><strong>tilium</strong></span> <span class='ocrx_word' id='word_1_433' title='bbox 1127 4927 1323 5003; x_wconf 89' lang='lat' dir='ltr'><strong>magistrum</strong></span> <span class='ocrx_word' id='word_1_434' title='bbox 1334 4926 1533 4998; x_wconf 87' lang='lat' dir='ltr'><strong>Conradum,</strong></span> <span class='ocrx_word' id='word_1_435' title='bbox 1547 4926 1756 5002; x_wconf 90' lang='lat' dir='ltr'><strong>capellanum</strong></span> <span class='ocrx_word' id='word_1_436' title='bbox 1770 4928 1803 4990; x_wconf 90' lang='lat' dir='ltr'><strong>et</strong></span> 
     </span>
     <span class='ocr_line' id='line_1_73' title="bbox 1009 5023 1803 5102; baseline 0.003 -16"><span class='ocrx_word' id='word_1_437' title='bbox 1009 5024 1292 5102; x_wconf 87' lang='lat' dir='ltr'><strong>poenitentiarium</strong></span> <span class='ocrx_word' id='word_1_438' title='bbox 1311 5024 1473 5096; x_wconf 91' lang='lat' dir='ltr'><strong>nostrum,</strong></span> <span class='ocrx_word' id='word_1_439' title='bbox 1486 5023 1640 5084; x_wconf 87' lang='lat' dir='ltr'><strong>invocata</strong></span> <span class='ocrx_word' id='word_1_440' title='bbox 1660 5025 1803 5101; x_wconf 87' lang='lat' dir='ltr'><strong>Spiritus</strong></span> 
     </span>
     <span class='ocr_line' id='line_1_74' title="bbox 1010 5120 1804 5198; baseline 0 -13"><span class='ocrx_word' id='word_1_441' title='bbox 1010 5122 1125 5186; x_wconf 86' lang='lat' dir='ltr'><strong>Sancti</strong></span> <span class='ocrx_word' id='word_1_442' title='bbox 1148 5121 1267 5198; x_wconf 86' lang='lat' dir='ltr'><strong>gratia,</strong></span> <span class='ocrx_word' id='word_1_443' title='bbox 1294 5120 1455 5184; x_wconf 86' lang='lat' dir='ltr'><strong>canonice</strong></span> <span class='ocrx_word' id='word_1_444' title='bbox 1483 5121 1515 5181; x_wconf 91' lang='lat' dir='ltr'><strong>et</strong></span> <span class='ocrx_word' id='word_1_445' title='bbox 1537 5122 1746 5184; x_wconf 87' lang='lat' dir='ltr'><strong>concorditer</strong></span> <span class='ocrx_word' id='word_1_446' title='bbox 1768 5123 1804 5185; x_wconf 93' lang='lat' dir='ltr'><strong>in</strong></span> 
     </span>
    </p>
   </div>
   <div class='ocr_carea' id='block_1_21' title="bbox 160 5209 1805 5299">
    <p class='ocr_par' dir='ltr' id='par_1_24' title="bbox 160 5209 1805 5299">
     <span class='ocr_line' id='line_1_75' title="bbox 160 5209 1805 5299; baseline -0.008 -18"><span class='ocrx_word' id='word_1_447' title='bbox 160 5221 346 5283; x_wconf 85' lang='lat' dir='ltr'><strong>Commendat</strong></span> <span class='ocrx_word' id='word_1_448' title='bbox 366 5219 421 5276; x_wconf 90' lang='lat' dir='ltr'><strong>illis</strong></span> <span class='ocrx_word' id='word_1_449' title='bbox 438 5221 469 5276; x_wconf 86' lang='lat' dir='ltr'><strong>P.</strong></span> <span class='ocrx_word' id='word_1_450' title='bbox 484 5214 761 5288; x_wconf 87' lang='lat' dir='ltr'><strong>archipresbyterum</strong></span> <span class='ocrx_word' id='word_1_451' title='bbox 778 5209 813 5268; x_wconf 93' lang='lat' dir='ltr'><strong>da</strong></span> <span class='ocrx_word' id='word_1_452' title='bbox 829 5209 955 5283; x_wconf 86' lang='lat' dir='ltr'><strong>Surgerii</strong></span> <span class='ocrx_word' id='word_1_453' title='bbox 1010 5221 1199 5299; x_wconf 60' lang='lat' dir='ltr'><strong>epispopum</strong></span> <span class='ocrx_word' id='word_1_454' title='bbox 1216 5219 1356 5294; x_wconf 65' lang='lat' dir='ltr'><strong>elegerit</strong></span> <span class='ocrx_word' id='word_1_455' title='bbox 1374 5238 1381 5278; x_wconf 88' lang='lat'>:</span> <span class='ocrx_word' id='word_1_456' title='bbox 1398 5219 1493 5294; x_wconf 56' lang='lat' dir='ltr'><strong>cnjus</strong></span> <span class='ocrx_word' id='word_1_457' title='bbox 1512 5218 1708 5282; x_wconf 67' lang='lat' dir='ltr'><strong>electionem</strong></span> <span class='ocrx_word' id='word_1_458' title='bbox 1722 5236 1805 5284; x_wconf 60' lang='grc' dir='ltr'><strong>θη.</strong></span> 
     </span>
    </p>
   </div>
   <div class='ocr_carea' id='block_1_22' title="bbox 195 5301 953 5464">
    <p class='ocr_par' dir='ltr' id='par_1_25' title="bbox 195 5301 953 5464">
     <span class='ocr_line' id='line_1_76' title="bbox 195 5301 953 5384; baseline -0.017 -16"><span class='ocrx_word' id='word_1_459' title='bbox 195 5312 244 5384; x_wconf 87' lang='lat' dir='ltr'><strong>qui</strong></span> <span class='ocrx_word' id='word_1_460' title='bbox 258 5311 307 5368; x_wconf 92' lang='lat' dir='ltr'><strong>diu</strong></span> <span class='ocrx_word' id='word_1_461' title='bbox 321 5309 423 5367; x_wconf 82' lang='lat' dir='ltr'><strong>devote</strong></span> <span class='ocrx_word' id='word_1_462' title='bbox 435 5305 533 5366; x_wconf 87' lang='lat' dir='ltr'><strong>serviit</strong></span> <span class='ocrx_word' id='word_1_463' title='bbox 548 5305 577 5362; x_wconf 90' lang='lat' dir='ltr'><strong>in</strong></span> <span class='ocrx_word' id='word_1_464' title='bbox 590 5318 689 5361; x_wconf 92' lang='lat' dir='ltr'><strong>eorum</strong></span> <span class='ocrx_word' id='word_1_465' title='bbox 709 5301 840 5370; x_wconf 87' lang='lat' dir='ltr'><strong>eeclesia,</strong></span> <span class='ocrx_word' id='word_1_466' title='bbox 861 5307 890 5356; x_wconf 91' lang='lat' dir='ltr'><strong>et</strong></span> <span class='ocrx_word' id='word_1_467' title='bbox 910 5305 953 5356; x_wconf 90' lang='lat' dir='ltr'><strong>ta·</strong></span> 
     </span>
     <span class='ocr_line' id='line_1_77' title="bbox 196 5387 953 5464; baseline -0.017 -7"><span class='ocrx_word' id='word_1_468' title='bbox 196 5415 264 5457; x_wconf 89' lang='lat' dir='ltr'><strong>men</strong></span> <span class='ocrx_word' id='word_1_469' title='bbox 278 5413 335 5456; x_wconf 90' lang='lat' dir='ltr'><strong>non</strong></span> <span class='ocrx_word' id='word_1_470' title='bbox 345 5397 432 5455; x_wconf 89' lang='lat' dir='ltr'><strong>habet</strong></span> <span class='ocrx_word' id='word_1_471' title='bbox 442 5395 516 5452; x_wconf 91' lang='lat' dir='ltr'><strong>uude</strong></span> <span class='ocrx_word' id='word_1_472' title='bbox 527 5391 677 5452; x_wconf 88' lang='lat' dir='ltr'><strong>commode</strong></span> <span class='ocrx_word' id='word_1_473' title='bbox 688 5391 778 5464; x_wconf 88' lang='lat' dir='ltr'><strong>possit</strong></span> <span class='ocrx_word' id='word_1_474' title='bbox 791 5387 953 5447; x_wconf 76' lang='lat' dir='ltr'><strong>sustentant.</strong></span> 
     </span>
    </p>
   </div>
   <div class='ocr_carea' id='block_1_23' title="bbox 162 5515 955 5696">
    <p class='ocr_par' dir='ltr' id='par_1_26' title="bbox 162 5515 955 5696">
     <span class='ocr_line' id='line_1_78' title="bbox 201 5515 955 5596; baseline -0.017 -9"><span class='ocrx_word' id='word_1_475' title='bbox 201 5525 378 5596; x_wconf 85' lang='lat' dir='ltr'><strong>Honorlus,</strong></span> <span class='ocrx_word' id='word_1_476' title='bbox 395 5523 470 5593; x_wconf 84' lang='lat' dir='ltr'><strong>etc,</strong></span> <span class='ocrx_word' id='word_1_477' title='bbox 490 5517 675 5582; x_wconf 84' lang='lat' dir='ltr'><strong>venerabili</strong></span> <span class='ocrx_word' id='word_1_478' title='bbox 690 5516 786 5578; x_wconf 83' lang='lat' dir='ltr'><strong>fratri</strong></span> <span class='ocrx_word' id='word_1_479' title='bbox 801 5515 955 5592; x_wconf 90' lang='lat' dir='ltr'><strong>episcopo</strong></span> 
     </span>
     <span class='ocr_line' id='line_1_79' title="bbox 162 5615 808 5696; baseline -0.02 -10"><span class='ocrx_word' id='word_1_480' title='bbox 162 5625 195 5686; x_wconf 86' lang='lat' dir='ltr'><strong>et</strong></span> <span class='ocrx_word' id='word_1_481' title='bbox 208 5622 337 5686; x_wconf 83' lang='lat' dir='ltr'><strong>dilectis</strong></span> <span class='ocrx_word' id='word_1_482' title='bbox 352 5620 431 5682; x_wconf 82' lang='lat' dir='ltr'><strong>tiliis</strong></span> <span class='ocrx_word' id='word_1_483' title='bbox 446 5617 592 5696; x_wconf 90' lang='lat' dir='ltr'><strong>capitulo</strong></span> <span class='ocrx_word' id='word_1_484' title='bbox 604 5615 808 5678; x_wconf 85' lang='lat' dir='ltr'><strong>liauotoran.</strong></span> 
     </span>
    </p>
   </div>
   <div class='ocr_carea' id='block_1_24' title="bbox 1009 5317 1807 5590">
    <p class='ocr_par' dir='ltr' id='par_1_27' title="bbox 1009 5317 1807 5590">
     <span class='ocr_line' id='line_1_80' title="bbox 1009 5317 1805 5393; baseline 0.003 -14"><span class='ocrx_word' id='word_1_485' title='bbox 1009 5319 1141 5380; x_wconf 89' lang='lat' dir='ltr'><strong>minans</strong></span> <span class='ocrx_word' id='word_1_486' title='bbox 1156 5317 1344 5393; x_wconf 89' lang='lat' dir='ltr'><strong>diligenter,</strong></span> <span class='ocrx_word' id='word_1_487' title='bbox 1366 5331 1439 5377; x_wconf 91' lang='lat' dir='ltr'><strong>eam</strong></span> <span class='ocrx_word' id='word_1_488' title='bbox 1457 5317 1656 5380; x_wconf 84' lang='lat' dir='ltr'><strong>auctoritate</strong></span> <span class='ocrx_word' id='word_1_489' title='bbox 1677 5321 1805 5381; x_wconf 92' lang='lat' dir='ltr'><strong>metro-</strong></span> 
     </span>
     <span class='ocr_line' id='line_1_81' title="bbox 1011 5413 1804 5493; baseline 0 -16"><span class='ocrx_word' id='word_1_490' title='bbox 1011 5416 1156 5493; x_wconf 88' lang='lat' dir='ltr'><strong>politica,</strong></span> <span class='ocrx_word' id='word_1_491' title='bbox 1174 5416 1274 5492; x_wconf 90' lang='lat' dir='ltr'><strong>prout</strong></span> <span class='ocrx_word' id='word_1_492' title='bbox 1298 5413 1339 5474; x_wconf 91' lang='lat' dir='ltr'><strong>ad</strong></span> <span class='ocrx_word' id='word_1_493' title='bbox 1359 5414 1391 5475; x_wconf 85' lang='lat' dir='ltr'><strong>ta</strong></span> <span class='ocrx_word' id='word_1_494' title='bbox 1411 5414 1804 5490; x_wconf 76' lang='lat' dir='ltr'><strong>pertinetconiirmasti.</strong></span> 
     </span>
     <span class='ocr_line' id='line_1_82' title="bbox 1011 5510 1807 5590; baseline 0.001 -15"><span class='ocrx_word' id='word_1_495' title='bbox 1011 5516 1079 5575; x_wconf 91' lang='lat' dir='ltr'><strong>Nos</strong></span> <span class='ocrx_word' id='word_1_496' title='bbox 1095 5513 1218 5590; x_wconf 87' lang='lat' dir='ltr'><strong>itaque,</strong></span> <span class='ocrx_word' id='word_1_497' title='bbox 1236 5510 1444 5574; x_wconf 90' lang='lat' dir='ltr'><strong>attendentes</strong></span> <span class='ocrx_word' id='word_1_498' title='bbox 1460 5513 1606 5589; x_wconf 83' lang='lat' dir='ltr'><strong>ejusdem</strong></span> <span class='ocrx_word' id='word_1_499' title='bbox 1622 5513 1719 5574; x_wconf 85' lang='lat' dir='ltr'><strong>electi</strong></span> <span class='ocrx_word' id='word_1_500' title='bbox 1735 5531 1807 5576; x_wconf 92' lang='lat' dir='ltr'><strong>ma-</strong></span> 
     </span>
    </p>
   </div>
   <div class='ocr_carea' id='block_1_25' title="bbox 992 5608 1805 5698">
    <p class='ocr_par' dir='ltr' id='par_1_28' title="bbox 992 5608 1805 5698">
     <span class='ocr_line' id='line_1_83' title="bbox 992 5608 1805 5698; baseline 0.001 -25"><span class='ocrx_word' id='word_1_501' title='bbox 992 5693 994 5698; x_wconf 18' lang='lat'><em>·</em></span> <span class='ocrx_word' id='word_1_502' title='bbox 1011 5611 1076 5675; x_wconf 87' lang='lat' dir='ltr'><strong>rita</strong></span> <span class='ocrx_word' id='word_1_503' title='bbox 1090 5608 1277 5689; x_wconf 86' lang='lat' dir='ltr'><strong>probitatis,</strong></span> <span class='ocrx_word' id='word_1_504' title='bbox 1291 5609 1324 5673; x_wconf 90' lang='lat' dir='ltr'><strong>et</strong></span> <span class='ocrx_word' id='word_1_505' title='bbox 1334 5611 1517 5688; x_wconf 85' lang='lat' dir='ltr'><strong>sperantes,</strong></span> <span class='ocrx_word' id='word_1_506' title='bbox 1532 5609 1639 5673; x_wconf 89' lang='lat' dir='ltr'><strong>eidem</strong></span> <span class='ocrx_word' id='word_1_507' title='bbox 1654 5610 1805 5674; x_wconf 85' lang='lat' dir='ltr'><strong>ecolesiae</strong></span> 
     </span>
    </p>
   </div>
   <div class='ocr_carea' id='block_1_26' title="bbox 0 0 2132 6372">
    <p class='ocr_par' dir='ltr' id='par_1_29' title="bbox 0 0 2132 6372">
     <span class='ocr_line' id='line_1_84' title="bbox 0 0 2132 6372; baseline 0 0"><span class='ocrx_word' id='word_1_508' title='bbox 0 0 2132 6372; x_wconf 95' lang='lat' dir='ltr'><strong> </strong></span> 
     </span>
    </p>
   </div>
  </div>
 </body>
</html>
