4244 6374
189 278 272 346 561'

189 445 297 520 ipsum
322 457 383 519 per
405 441 519 516 nigros
539 438 720 500 monachos
739 437 850 499 valeat
874 435 982 500 reior-

190 539 286 610 mari,
300 537 507 614 investigetis
522 535 666 597 sollicite
681 536 791 596 utrum
809 533 980 594 monaste-

189 637 277 698 rium
299 635 408 711 ipsum
429 631 606 695 reformari
631 631 742 693 valeat
768 646 829 706 per
846 629 981 691 institu-

189 733 315 794 tionem
330 731 565 792 canonicornm
582 727 793 790 saecularium
805 727 841 786 in
852 726 978 798 eodem,

189 830 222 890 et
235 829 321 906 quod
337 827 503 904 superbis
521 825 717 887 inveneritis
731 822 827 884 nobis
840 822 981 884 tideliter

189 925 393 997 rescribatis,
409 923 600 1000 jamdictas
620 920 879 982 confirmationis
896 919 981 980 litte·

188 1038 245 1083 ras
268 1021 443 1097 diligenter
462 1019 549 1096 apud
568 1033 627 1081 vos
648 1017 781 1078 interim
802 1015 978 1077 servaturi.

189 1123 294 1181 Porro
314 1119 342 1178 si
359 1117 529 1194 saepedicti
543 1115 663 1176 iratres
678 1114 803 1176 ordinis
818 1113 981 1175 Praedica-

187 1216 296 1277 torum
324 1215 365 1276 ad
396 1213 635 1275 monasterinm
660 1212 770 1288 ipsum
799 1211 979 1272 secundum

188 1311 430 1373 ordinationem
451 1309 668 1371 convenerint
682 1308 908 1378 memoratam,
930 1307 976 1379 tu,

187 1408 291 1470 frater
308 1407 475 1484 episcope,
490 1407 637 1468 retineas
654 1405 914 1466 confirmationis
928 1403 981 1464 lit»

187 1507 277 1566 teras
302 1504 508 1580 saepedictas.
532 1502 669 1575 Quodsi
689 1517 756 1562 non
773 1516 899 1572 omnes,
915 1499 977 1561 etc.

186 1601 305 1662 Datum
327 1599 494 1672 Laterani,
516 1597 669 1659 kalendis
694 1598 818 1666 martii,
843 1596 979 1674 pontifl—

187 1697 281 1760 catus
294 1697 401 1760 nostri
420 1710 508 1758 anno
524 1697 653 1756 octavo.

482 2003 677 2102 CXLVIII

245 2167 298 2226 Ad
309 2166 462 2226 abbatem
476 2163 510 2225 ct
524 2163 729 2224 conventum
743 2163 778 2222 S.
795 2161 923 2232 11111111,

384 2263 516 2322 ordinis
529 2263 564 2321 N.
582 2260 778 2335 Augustini.

479 2391 492 2446 1
506 2389 599 2448 martii
612 2389 690 2446 1221.

202 2513 320 2575 [Regest.‚
331 2510 376 2562 lib.
390 2512 453 2570 vill,
467 2511 542 2576 epist.
556 2511 611 2562 319.
625 2511 682 2560 llas.
696 2511 733 2561 La
742 2510 819 2559 Porta
828 2508 861 2558 dn
870 2507 963 2572 111111]

186 2637 319 2709 Indulget
333 2644 364 2694 ut
388 2635 519 2710 quadam
528 2650 657 2709 persona
673 2636 846 2708 prioratuum
862 2648 978 2690 suornm

221 2719 814 2793 111111111111111111111111111111
825 2722 979 2796 provinciis

221 2813 257 2870 ad
281 2820 370 2870 terras
390 2813 700 2870 excommunicatorum
719 2825 769 2884 pro
781 2811 841 2868 suis
856 2810 979 2882 negotiis

222 2900 358 2958 accedere
370 2901 489 2973 possint.

226 3025 406 3097 Honorius,
442 3026 517 3096 etc,
552 3023 682 3085 dilectis
709 3023 789 3084 tiliis
809 3022 918 3084 abbati
947 3021 979 3082 et

189 3122 367 3183 conventui
382 3123 494 3184 Sancti
509 3120 632 3192 Rufini,
645 3120 770 3182 ordinis
788 3120 977 3182 81111111-

187 3219 323 3295 gustini,
340 3218 491 3290 salntem,
509 3219 570 3280 etc.

227 3316 347 3378 Potitio
362 3316 472 3377 vestra
493 3315 588 3375 nobis
605 3314 753 3377 exhibita
777 3311 976 3384 continebat,

186 3413 273 3490 quod
302 3430 377 3474 cum
404 3412 555 3474 babeatis
573 3412 733 3489 quosdam
749 3411 917 3488 prioratus
943 3409 977 3470 in

186 3510 378 3582 Viennensi,
397 3509 596 3582 Aretatensi,
618 3509 652 3570 et
671 3507 880 3570 Narbonensi
894 3521 978 3584 pro-

186 3608 358 3680 sinaitaet
368 3606 518 3683 partibus
529 3606 715 3668 convicinis
725 3620 875 3682 personae
887 3620 979 3665 com-

185 3707 353 3768 morantes
365 3705 402 3765 11
416 3704 485 3766 illis
499 3705 694 3781 plerumque
707 3718 842 3764 necesse
854 3701 979 3762 habent

186 3819 246 3879 pro
261 3803 408 3878 ipsorum
436 3801 578 3877 negotiis
593 3801 800 3876 prioratuum
820 3798 978 3860 accedere

185 3899 227 3960 ad
241 3901 347 3961 terras
360 3897 734 3968 excommunicatorum,
750 3895 977 3957 ecclesiastico

185 3996 360 4058 interdicto
383 3994 559 4072 subjectas.
576 3995 684 4065 Quare
708 3993 880 4054 humiliter
897 4007 978 4069 pos-

186 4092 374 4164 tulastisut
389 4108 429 4152 ne
440 4092 646 4168 prioratuum
661 4091 808 4166 ipsorum
821 4088 908 4150 bona
919 4088 979 4149 de-

187 4190 333 4267 pereant,
351 4189 399 4250 eis
409 4189 440 4248 id
456 4186 978 4262 111111111111111111111111111

186 4287 312 4358 1111111,
329 4287 375 4348 ita
392 4285 477 4363 quod
490 4284 530 4345 ab
546 4285 609 4344 hoc
624 4283 978 4345 excommunicationis

185 4384 341 4461 laqueum
371 4399 437 4443 non
466 4382 650 4452 incurrant,
678 4396 744 4442 non
771 4379 979 4441 obstantibus

185 4481 366 4544 sententias
378 4494 478 4556 super
487 4479 551 4539 hoc
565 4476 713 4554 elegatis
725 4477 820 4538 Sedis
835 4476 978 4553 Aposto-

186 4579 260 4639 licae
297 4577 527 4654 promulgatis.
557 4577 626 4637 Nos
659 4574 763 4650 igitur
781 4573 979 4636 auctoritate

185 4675 397 4752 praesentium
418 4673 627 4749 indulgemus
649 4673 685 4732 ut
706 4686 858 4748 personae
881 4686 977 4731 com-

185 4776 353 4834 morantes
388 4772 424 4830 11
455 4768 656 4847 prioratibus
691 4768 868 4830 antedictis
902 4783 980 4844 pos-

160 4901 162 4904 ·
186 4872 259 4932 sent
280 4868 321 4929 ad
340 4867 528 4944 hujusmodi
556 4865 629 4926 loca
654 4865 727 4925 sine
747 4865 894 4942 periculo
916 4880 979 4926 111-

184 4963 493 5030 communicationis
522 4962 697 5034 accedere,
731 4977 830 5039 qurum
858 4977 979 5038 urgens

185 5062 390 5141 prioratuum
414 5061 561 5137 ipsorum
588 5058 771 5120 necessitas
792 5060 826 5119 et
844 5059 979 5120 evidens

185 5159 310 5223 utilitas
324 5158 358 5218 id
378 5157 530 5232 exposcit
543 5173 551 5228 ;
565 5156 612 5217 ita
627 5158 737 5217 tamen
753 5155 838 5232 quod
854 5171 916 5216 nec
932 5154 980 5216 ibi

184 5256 354 5320 celebrare
382 5255 495 5317 divina
522 5269 585 5314 nec
618 5253 743 5313 diutius
776 5268 874 5327 qnam
907 5252 980 5328 ipsa

185 5352 333 5431 requirat
348 5351 532 5413 necessitas
544 5349 755 5420 commorari,
773 5363 834 5410 nec
852 5365 982 5410 excom·

185 5450 362 5512 manicatis
400 5447 646 5510 communicare
667 5447 885 5523 praesumant,
914 5445 980 5506 nisi

187 5549 348 5625 quietenns
381 5544 592 5622 nequiverint
625 5544 763 5606 evitare.
798 5543 890 5603 Nulli
926 5559 980 5606 er-

792 277 1020 341 EPISTOLAE.
1046 277 1123 336 LIB.
1147 277 1232 338 VIII.

1765 270 1828 330 562

1034 450 1088 510 go,
1099 433 1304 506 etc.,ncstree
1312 432 1549 506 concessionis,
1557 433 1618 494 etc.
1628 427 1754 508 Siquis,
1762 429 1824 490 ete.

1035 533 1155 593 Datum
1186 530 1355 602 Laterani,
1388 528 1540 590 kalendis
1574 527 1698 599 martii,
1738 540 1826 586 anno

1035 628 1163 690 octavo.

1353 803 1506 890 CXLIX

1167 947 1218 1006 Ad
1236 945 1423 1014 Sicuonem,
1446 944 1701 1005 Bituriceoscm

1279 1043 1586 1115 archiepiscopum.

1326 1151 1537 1209 211111111221.
1634 1164 1637 1172 ·

1174 1265 1268 1330 [Gallia
1278 1265 1417 1316 christiana
1427 1265 1498 1326 (edit.
1512 1265 1591 1328 1716),
1602 1266 1621 1323 1,
1634 1263 1687 1330 at]

1033 1371 1149 1430 Mandat
1172 1379 1212 1440 ut,
1236 1372 1444 1430 nonobstante
1468 1373 1673 1445 impedimento
1694 1369 1824 1444 ortgtnis,

1070 1459 1239 1516 electionem
1250 1460 1387 1532 Stephani
1395 1459 1521 1517 sacriste
1529 1459 1702 1518 brivatensis
1711 1459 1823 1532 inepis-

1069 1561 1172 1619 oopum
1188 1548 1388 1606 Mimatensem
1402 1547 1562 1605 conllrmet.

1074 1673 1745 1750 Honoriusepiscopus,servusservorum
1754 1669 1824 1743 Dei,

1033 1767 1218 1830 venerabili
1230 1767 1325 1829 tratri
1338 1769 1588 1846 archiepiscopo
1611 1767 1823 1840 Bituricensi,

1035 1864 1175 1925 salutem
1190 1866 1222 1926 et
1229 1865 1453 1940 apostolicam
1469 1864 1743 1926 benedictionem.

1074 1963 1153 2022 Cum
1180 1963 1340 2038 optimum
1368 1962 1546 2037 reparandi
1570 1961 1698 2022 natales
1720 1973 1826 2036 genus

1033 2058 1087 2128 sit,
1098 2058 1236 2133 originis
1249 2057 1366 2118 vitium
1376 2059 1498 2120 virtute
1508 2058 1673 2119 redimere
1683 2057 1825 2117 merito-

1033 2170 1117 2224 rum,
1132 2153 1238 2215 telicis
1251 2154 1490 2216 recordationis
1503 2158 1526 2216 l.
1536 2171 1633 2231 papa,
1645 2153 1828 2230 praedeces·
1933 2223 1935 2230 ,

1034 2265 1089 2312 sor
1107 2252 1231 2318 noster,
1247 2251 1359 2314 dilecti
1381 2251 1443 2312 lilii
1467 2251 1618 2326 magistri
1640 2253 1672 2310 S.
1702 2249 1826 2310 Mima-

1033 2347 1137 2407 tensis
1165 2348 1273 2420 electi,
1296 2348 1376 2408 tunc
1402 2348 1553 2424 magistri
1569 2347 1760 2408 scholarum
1764 2388 1824 2406 .....

1034 2444 1249 2505 considerans
1264 2445 1473 2521 probitatem,
1486 2461 1561 2505 cum
1576 2445 1649 2520 ipso
1660 2458 1761 2520 super
1768 2443 1828 2502 de-

1034 2539 1122 2602 iectu
1143 2540 1305 2603 natalium
1325 2541 1540 2619 dispensavit,
1558 2541 1604 2602 ita
1617 2541 1728 2602 tamen
1739 2539 1827 2616 quod

1035 2637 1063 2697 si
1079 2653 1153 2698 eum
1169 2638 1208 2698 ad
1226 2638 1386 2699 bonorem
1397 2639 1510 2700 vocari
1523 2638 1731 2712 contingeret
1744 2651 1826 2714 pra·
1875 2669 1883 2676 ·

1035 2733 1175 2806 sulatus,
1187 2749 1396 2812 nequaquam
1409 2735 1502 2795 illum
1517 2735 1682 2812 reciperet
1702 2733 1827 2809 absque

1033 2829 1169 2892 licentia
1194 2831 1288 2892 Sedis
1324 2831 1523 2908 apostolicae
1554 2829 1702 2908 speciali.
1731 2829 1828 2890 Unde

1035 2943 1108 2988 cum
1117 2942 1223 3003 nuper
1237 2927 1349 2988 dilecti
1364 2927 1425 2988 iilii
1438 2928 1635 2989 Mimatense
1645 2924 1827 3004 capitulum

1034 3023 1074 3084 de
1098 3023 1236 3100 speciali
1258 3025 1412 3087 mandato
1427 3025 1552 3098 nostro,
1579 3024 1711 3102 recepta
1731 3024 1825 3100 epis-

1033 3121 1108 3198 copi
1123 3121 1175 3182 sui
1186 3121 1336 3182 cessione
1355 3121 1572 3184 evenerabili
1587 3120 1690 3184 tratre
1711 3121 1825 3182 nostro

1034 3219 1208 3280 Portnensi
1228 3219 1394 3296 episcopo,
1411 3220 1491 3281 tunc
1510 3217 1709 3296 apostolicae
1732 3216 1827 3278 Sedis

1033 3315 1154 3391 legato,
1171 3316 1203 3378 et
1215 3315 1256 3378 ab
1270 3331 1309 3377 eo
1324 3317 1409 3394 ipsis
1432 3317 1592 3394 injuncto,
1609 3315 1696 3394 quod
1711 3314 1824 3376 eccle-

1033 3413 1092 3474 siae
1105 3429 1174 3473 suae
1182 3428 1242 3490 per
1251 3413 1449 3476 electionem
1462 3415 1656 3474 canonicam
1669 3411 1825 3490 provide-

1032 3510 1106 3571 rent
1119 3510 1158 3571 de
1169 3526 1313 3586 persona
1326 3511 1446 3573 idonea
1456 3511 1491 3572 in
1501 3512 1679 3586 pastorem,
1691 3510 1727 3570 in
1739 3524 1828 3570 eum·

1033 3606 1104 3668 dem
1117 3608 1312 3682 magistrum
1325 3610 1404 3669 tunc
1415 3608 1590 3670 sacristam
1599 3606 1827 3669 Brivatensom

1033 3704 1232 3765 canoniceet
1241 3705 1450 3766 concorditer
1460 3702 1741 3765 direxeruntvota
1751 3717 1824 3774 sua,

1032 3799 1156 3861 electus
1171 3801 1243 3876 ipse
1264 3816 1303 3861 ac
1325 3800 1465 3862 dilectus
1490 3800 1578 3860 iilius
1594 3802 1631 3859 Ρ.
1655 3797 1826 3860 archidia-

1032 3912 1135 3958 conns
1149 3897 1296 3973 ejusdem
1318 3897 1468 3958 ecclesiae
1487 3913 1562 3957 cum
1576 3895 1748 3957 electionis
1768 3894 1829 3956 de-

1033 3994 1122 4054 creto
1135 3993 1176 4053 ad
1206 3995 1353 4055 nostram
1376 3993 1510 4071 propter
1532 3993 1595 4054 boc
1615 3992 1826 4069 praesentiam

1032 4092 1254 4153 accesserunt.
1286 4091 1355 4151 Nos
1377 4093 1488 4152 autem
1511 4089 1705 4151 electionem
1724 4104 1826 4166 repe-

1033 4188 1157 4249 rientes
1169 4188 1210 4248 de
1218 4203 1360 4263 persona
1373 4188 1493 4249 idonea
1507 4187 1666 4248 canonice
1680 4185 1827 4248 celebra·

1035 4289 1111 4357 tam,
1128 4285 1363 4360 impedimento
1389 4285 1541 4360 originiS,
1556 4283 1642 4361 quod
1660 4283 1700 4346 de
1719 4284 1827 4360 gratia

1033 4380 1181 4458 ejusdem
1194 4380 1448 4457 praedecessoris
1461 4382 1567 4443 nostri
1579 4381 1743 4444 sublatum
1755 4381 1829 4443 lue-

1033 4480 1087 4539 rat
1100 4493 1166 4540 non
1182 4476 1344 4550 obstante,
1358 4479 1465 4556 ipsam
1480 4480 1520 4540 de
1531 4478 1671 4540 fratrum
1695 4479 1829 4540 nostro·

1033 4590 1107 4635 rum
1131 4575 1271 4636 consilio
1300 4575 1455 4636 duximus
1484 4576 1753 4638 confirmandam.
1789 4576 1829 4636 Et

1033 4673 1112 4734 licet
1129 4672 1270 4734 clericus
1298 4672 1374 4733 tuns
1405 4675 1604 4750 proponeret
1629 4689 1704 4733 enm
1728 4669 1770 4732 ad
1793 4673 1827 4734 te

1034 4771 1323 4846 metropolitanum
1337 4769 1458 4831 debere
1473 4770 1607 4843 remitti,
1622 4768 1828 4844 111111111-

1033 4868 1101 4928 tam
1116 4867 1177 4928 tibi
1202 4868 1386 4928 cessionem
1408 4866 1569 4939 eamdem,
1593 4882 1654 4928 nec
1682 4865 1828 4942 eligendi
1930 4873 1935 4878 ’

1034 4967 1101 5026 111
1111 4963 1215 5025 fuisse
1230 4963 1399 5024 licentiam
1422 4963 1634 5048 postulatam,
1650 4963 1758 5040 ipsum
1773 4963 1826 5026 ta-

1035 5076 1121 5130 men,
1160 5075 1235 5120 cum
1262 5059 1440 5135 praedictus
1464 5059 1593 5134 legatus
1618 5059 1657 5119 de
1672 5059 1827 5122 mandato

1034 5157 1149 5218 nostro
1170 5156 1354 5218 cessionem
1378 5157 1554 5233 receperit,
1580 5156 1613 5218 et
1632 5156 1827 5218 electionem

1035 5253 1243 5314 mandaverit
1262 5253 1346 5324 lieri,
1363 5254 1459 5329 jnxta
1476 5255 1748 5316 consuetudinem
1760 5257 1827 5315 Ec-

1035 5351 1145 5412 clesiae
1160 5353 1318 5412 Romanae
1330 5349 1498 5426 potuimus
1517 5352 1589 5413 sine
1602 5353 1658 5414 tuo
1674 5351 1829 5430 111111111-

1035 5439 1315 5509 1111111111111.
1340 5447 1403 5508 sed
1433 5464 1494 5509 nos
1520 5450 1555 5510 in
1579 5450 1641 5510 hac
1660 5449 1827 5528 partetibi

1035 5540 1121 5606 sicut
1134 5545 1167 5606 et
1181 5545 1215 5605 in
1231 5543 1344 5605 multis
1369 5544 1445 5605 aliis
1461 5545 1659 5618 deserentes
1676 5545 1827 5609 eumdem
