4274 6388
292 295 349 360 Μ
410 337 416 356 1
906 290 1083 356 HONORII
1095 289 1151 354 *111
1172 291 1320 356 ornat.
1876 295 1938 359 252

332 449 461 532 Quanto
496 455 707 518 numerosior
744 447 946 531 aggregatur
976 453 1087 516 homl-
1141 453 1315 517 ecclesiam
1333 451 1424 515 beati
1443 451 1535 518 Petri
1550 452 1672 515 Montis
1686 452 1805 516 Sereni
1824 453 1859 516 in
1882 453 1937 518 die

293 571 372 618 num
396 553 580 626 multitudo,
596 553 689 616 tanto
712 552 822 612 minus
849 552 935 613 solet
955 551 1087 613 ratione
1141 549 1359 614 dedicationis
1379 551 1538 628 ejusdem,
1555 550 1747 613 salutemet
1767 552 1937 629 Apostoli-

293 651 469 730 compesci,
486 651 564 712 dum
583 641 705 725 singuli
726 649 895 726 proprium
911 649 1086 725 mouentes
1141 647 1504 710 cambenedictionem.
1548 662 1551 671 ’

294 749 459 822 affectum,
491 764 556 810 non
582 748 667 825 quod
694 747 782 820 licet,
812 745 870 807 sed
892 744 1083 823 quodlibet,
1182 747 1343 818 Quoniam
1367 746 1410 806 ad
1437 745 1583 806 futuram
1611 745 1765 821 gloriam,
1793 761 1867 824 quae
1898 749 1934 810 in

294 847 444 910 ambiunt
457 845 654 917 inconsulte,
672 846 704 906 et
716 835 923 906 effrenantur
937 841 1036 905 facile
1051 844 1086 903 in
1141 843 1237 906 nobis
1250 843 1466 916 revelabitur,
1480 859 1547 904 non
1558 843 1636 918 sunt
1650 843 1825 920 condignae
1835 845 1936 923 hujus

291 935 479 1014 mmultum,
490 943 556 1004 nisi
568 957 683 1028 eorum
694 941 795 1004 fuerit
808 941 975 1003 desiderio
986 955 1088 1018 quan·
1140 936 1299 1018 temporis
1325 941 1499 1018 passiones
1530 941 1564 1002 et
1588 941 1725 1018 propria
1753 942 1872 1004 merita
1894 943 1937 1004 ad

292 1031 504 1118 tumcumque
512 1039 737 1102 irrationabili
750 1039 967 1101 satisfactum.
979 1041 1087 1110 Quare
1141 1037 1290 1099 eamdem
1303 1052 1368 1098 non
1380 1036 1551 1099 sufiiciunt
1566 1037 1791 1111 obtinendam,
1803 1039 1938 1116 expedit

292 1154 359 1202 non
387 1138 553 1200 immerito
586 1137 808 1199 adhibendum
830 1137 882 1199 est
902 1135 1086 1197 remedium
1141 1135 1241 1214 hujus
1253 1128 1372 1197 'saeculi
1392 1136 1483 1208 tiliis,
1504 1136 1560 1213 qni
1575 1151 1664 1212 saepe
1677 1137 1867 1199 acmultum
1883 1137 1936 1221 sui

292 1235 488 1314 discipline,
506 1247 579 1314 quae
594 1234 760 1296 fervorem
774 1233 933 1296 cohibens
952 1234 1086 1295 animo·
1141 1233 1312 1295 offendunt
1335 1233 1449 1294 oculos
1475 1233 1674 1306 conditoris,
1701 1233 1736 1295 ut
1762 1233 1823 1295 nlii
1850 1233 1936 1296 lucis

292 1349 379 1405 ram,
395 1333 563 1395 refrenate
591 1331 818 1409 improborum
841 1329 993 1400 audacia,
1010 1329 1088 1389 uni⁶
1140 1344 1200 1408 per
1224 1330 1356 1392 labores
1375 1331 1525 1408 corporis
1545 1330 1579 1392 et
1599 1345 1702 1408 opera
1722 1332 1855 1408 pietatis
1872 1331 1936 1394 sibi

292 1445 392 1496 versa
403 1429 648 1493 rationabiliter
668 1429 870 1490 moderetur.
888 1429 995 1500 Quum
1016 1427 1085 1502 igi·-
1141 1428 1268 1490 faciant
1281 1427 1377 1505 quasi
1390 1428 1431 1488 de
1447 1441 1633 1490 mammona
1649 1428 1836 1506 iniquitatis
1850 1429 1938 1490 ami-

291 1529 357 1602 tur,
375 1529 462 1590 sicut
483 1527 742 1604 accepimussed
755 1535 822 1587 non
838 1525 955 1602 adque
968 1539 1087 1602 accep-
1141 1541 1208 1597 eos,
1226 1526 1294 1602 qui,
1307 1540 1409 1602 quum
1419 1520 1612 1597 defecerint,
1624 1525 1659 1585 in
1678 1525 1803 1587 aeterna
1819 1526 1936 1588 taber·

291 1627 412 1698 tames,
446 1626 482 1686 in
518 1639 624 1701 regno
660 1623 840 1700 ilungariae
875 1622 1008 1684 noviter
1043 1623 1087 1682 sit
1141 1613 1262 1683 nacula
1287 1637 1345 1684 eos
1365 1622 1541 1698 recipiant,
1565 1621 1728 1699 quatenus
1750 1623 1835 1700 quod
1857 1638 1936 1700 pos-

291 1725 461 1796 statutum,
476 1725 512 1785 ut
535 1723 650 1784 omnes
675 1721 789 1800 populi
811 1721 1013 1782 conveniant
1033 1719 1085 1780 bis
1140 1719 1284 1782 sibilitas
1302 1721 1451 1797 ipsorum
1475 1735 1543 1780 non
1569 1719 1706 1792 obtinet,
1726 1719 1860 1782 illorum
1883 1721 1934 1782 eis

290 1822 325 1884 ln
349 1821 448 1892 anub,
472 1819 529 1882 ubi
550 1821 650 1882 etiam
673 1819 869 1880 carissimus
892 1817 929 1880 in
952 1817 1085 1879 cbristo
1139 1814 1381 1879 intercessione
1392 1818 1526 1890 donent,
1537 1817 1594 1894 qui
1606 1817 1756 1879 viventes
1770 1819 1806 1878 in
1819 1827 1931 1892 carne,

291 1919 380 1980 illius
411 1919 560 1979 nester...
583 1931 645 1977 rex
674 1909 910 1992 Hungarorum
940 1915 1084 1978 illustris
1140 1913 1932 1991 prevenientegratia,merueruntflliiDelfieri,

209 2045 213 2050 -
289 2015 511 2095 personaliter
542 2015 703 2075 interesse
737 2014 886 2084 tenetur,
928 2011 961 2073 et
992 2011 1084 2074 tanta
1140 2013 1173 2074 et
1207 2007 1276 2073 illis
1306 2012 1470 2074 auxilium
1505 2013 1687 2089 implorare
1721 2013 1856 2090 coeleste
1877 2013 1934 2091 qul

290 2109 632 2180 multitudinisturba,
649 2111 781 2172 turbata
797 2110 959 2172 modestia
974 2109 1084 2170 ratio·-
1148 2107 1265 2170 devote
1294 2110 1445 2170 nituntur
1470 2110 1604 2186 assequi
1631 2111 1854 2187 patrocinium
1875 2126 1935 2172 eo-

290 2211 355 2282 uis,
370 2209 418 2271 ab·
433 2209 548 2270 eodem
567 2223 646 2284 rege
658 2208 810 2269 difficilia
830 2212 864 2268 et
883 2207 1009 2284 injusta
1024 2221 1083 2267 eo·
1139 2205 1300 2267 rumdem.
1326 2208 1433 2278 Quum
1449 2207 1553 2284 igitur
1567 2207 1708 2268 ecclesia
1728 2209 1850 2268 Montis
1873 2209 1934 2270 Se·

290 2307 381 2370 leant
404 2307 567 2384 postulari
588 2326 596 2365 ι
617 2305 772 2369 videlicet
795 2306 831 2367 ut
854 2304 1026 2380 magnates
1051 2306 1085 2364 et
1138 2304 1212 2364 reni
1248 2303 1283 2364 in
1315 2303 1441 2365 honore
1466 2303 1557 2366 beati
1583 2306 1674 2367 Petri
1701 2305 1932 2382 Apostolorum

290 2403 420 2466 nobiles
455 2404 561 2480 regni,
590 2419 672 2481 quos
700 2402 825 2464 habent
849 2415 982 2472 exosos,
1012 2400 1083 2460 suis
1138 2399 1299 2478 principis
1318 2402 1360 2463 sit
1375 2403 1564 2464 constructa
1577 2405 1610 2464 et
1623 2403 1659 2464 in
1673 2403 1755 2464 festo
1771 2403 1929 2480 ejusdem,

290 2500 506 2578 dignitatibus
518 2501 551 2562 et
564 2499 746 2564 honoribus
759 2499 892 2576 spoliati
906 2497 1084 2560 excludan-
1139 2499 1224 2576 quod
1239 2499 1281 2560 ad
1296 2499 1437 2561 Vincula
1453 2500 1639 2570 dicitur,'ad
1655 2501 1713 2562 Dei
1727 2502 1886 2562 honorem
1898 2503 1932 2564 et

289 2599 346 2661 tur
358 2615 377 2660 a
391 2613 505 2674 regno,
522 2599 682 2660 eteorum
696 2596 829 2658 bonain
843 2596 974 2673 populis
991 2595 1083 2656 divi·
1138 2597 1280 2672 gloriam
1301 2597 1465 2668 dedicata,
1481 2598 1517 2657 ut
1533 2598 1639 2675 ipsius
1659 2599 1856 2660 mereamini
1871 2615 1932 2676 pa-

289 2695 428 2758 dantur:
443 2697 552 2768 Quare
565 2695 652 2755 idem
663 2693 1080 2770 redditurrexperplerus,
1137 2694 1317 2756 trooinium
1339 2693 1426 2771 apud
1452 2695 1567 2767 Deum,
1593 2696 1651 2772 qui
1675 2712 1718 2757 ex
1744 2698 1931 2760 constantia

289 2809 329 2857 eo
349 2793 435 2872 quod
457 2795 486 2853 si
501 2792 701 2855 turbulentis
720 2791 910 2876 hujusmodi
930 2790 1082 2867 postula·
1137 2793 1169 2852 et
1194 2807 1282 2853 verae
1304 2791 1382 2852 fidei
1402 2793 1612 2854 confessione
1638 2795 1820 2870 promeruit
1844 2795 1932 2857 inter

289 2891 435 2954 tionibus
459 2890 660 2968 acquiescat,
675 2889 766 2951 laedit
785 2889 962 2967 justitiam,
976 2887 1084 2948 offen-
1136 2888 1311 2965 Apostolos
1332 2889 1567 2966 principatum,
1586 2890 1620 2952 et
1640 2891 1779 2968 ligatum
1799 2907 1873 2952 esse
1894 2891 1930 2952 in

288 2987 337 3052 dit
351 3005 477 3066 paoem,
494 2989 527 3050 et
540 2987 661 3049 exinde
674 2987 769 3062 regia
780 2987 926 3064 potentia
941 2999 1084 3046 enerva-
1137 2986 1229 3048 ooelis
1250 2987 1335 3064 quod
1357 2986 1398 3047 ab
1422 3002 1461 3048 eo
1481 2986 1604 3064 ligetur
1619 2989 1655 3048 in
1669 2989 1779 3062 terris,
1796 2989 1829 3051 et
1843 2989 1929 3066 quod

287 3091 363 3166 tur3
393 3090 427 3153 et
451 3091 572 3150 iterum
594 3089 623 3149 si
636 3089 726 3166 juste
741 3088 840 3162 neget
853 3086 990 3163 injusta,
1012 3101 1082 3148 suae
1137 3080 1171 3144 in
1188 3083 1312 3145 eisdem
1331 3083 1419 3145 esset
1431 3083 1628 3158 absolutum,
1646 3083 1687 3146 ab
1704 3086 1777 3163 ipso
1794 3085 1879 3148 foret
1893 3087 1928 3148 in

288 3200 490 3264 suorumque
518 3187 613 3247 timet
635 3185 820 3262 periculum
848 3197 1081 3260 personarum.
1137 3181 1229 3242 coelis
1250 3182 1351 3244 etiam
1367 3181 1567 3255 absolutum,
1589 3184 1840 3245 universitatem
1852 3199 1929 3246 ves-

287 3285 357 3346 Nos
378 3283 527 3346 volentes
543 3295 642 3359 super
660 3283 723 3344 hoc
747 3281 880 3342 salubre
898 3281 1081 3342 remedium
1136 3279 1221 3340 tram
1232 3295 1404 3341 monemus
1415 3281 1448 3342 et
1460 3281 1676 3342 exhortamur
1688 3281 1813 3344 attente
1827 3281 1862 3342 in
1872 3297 1929 3343 re-
2055 3276 2073 3284 '

286 3379 457 3451 adhibere,
473 3377 666 3439 discretioni
677 3379 798 3439 vestrae
819 3391 879 3454 per
891 3376 1080 3454 Apostolica
1135 3376 1328 3438 missionem
1343 3375 1437 3438 vobis
1455 3379 1691 3455 peccaminum¹
1703 3379 1925 3456 injungentes,

287 3477 411 3554 scripta
445 3475 652 3547 mandamus,
689 3477 853 3551 quatenus
889 3473 1080 3550 hujusmodi
1135 3475 1291 3550 quatinus
1301 3473 1517 3536 memoratam
1532 3475 1707 3538 ecclesiam
1721 3476 1755 3536 in
1768 3476 1852 3538 festo
1864 3477 1926 3538 de-

285 3571 540 3643 multitudinem,
554 3574 589 3633 ut
596 3571 734 3650 justitiae
750 3572 903 3633 contenta
917 3569 1079 3631 limitibus
1135 3571 1310 3632 dicationis
1324 3572 1471 3650 ejusdem
1480 3572 1534 3635 die
1546 3547 1846 3644 solemni'nobisin
1856 3575 1928 3636 vir-

286 3671 335 3732 nil
361 3673 476 3733 contra
500 3685 612 3746 regem
633 3669 687 3731 vel
714 3683 871 3730 coronam
893 3669 1010 3746 ipsius,
1024 3668 1079 3730 vel
1133 3670 1239 3732 tutum
1258 3669 1642 3746 confrequentationibus
1669 3668 1927 3739 constitutine

286 3770 402 3832 oontm
424 3781 583 3846 personas
596 3766 781 3845 principum
800 3767 857 3828 aut
877 3766 964 3828 bona
987 3765 1081 3843 ipso·
1133 3763 1506 3841 devotopietatisstudio
1517 3767 1766 3844 visitetis,quod
1775 3767 1926 3846 ejusdem

285 3882 375 3937 rum,
410 3865 633 3944 praetermisso
667 3865 757 3943 jnris
792 3864 919 3936 ordine,
958 3864 1079 3926 audeat
1131 3858 1363 3940 Apostolorum
1374 3863 1535 3940 principis
1546 3864 1732 3940 patrocinio
1742 3867 1816 3940 post
1826 3864 1925 3942 hujus

283 3964 408 4027 temere
421 3963 595 4036 attentare,
610 3951 773 4025 moneatis
786 3961 943 4024 attentius
957 3963 990 4023 et
1004 3961 1079 4022 efli-
1130 3959 1208 4022 vitae
1226 3959 1401 4021 decursum
1414 3959 1455 4021 ad
1471 3975 1575 4022 cornu
1589 3963 1792 4037 perveniatis
1808 3963 1924 4024 altaris

284 4061 409 4132 caciter
418 4060 595 4124 inducatis.
612 4059 891 4132 contradictores,
907 4059 969 4120 etc.
985 4059 1076 4130 Quod
1131 4057 1173 4118 ad
1199 4055 1432 4134 cognitionem,
1457 4057 1613 4122 videlieet
1640 4058 1773 4122 dotatis
1797 4059 1833 4121 in
1859 4077 1924 4139 qua

284 4157 729 4230 sinonomnes,etc.Datum
739 4156 1079 4228 Lateraniifvllha-
1130 4155 1199 4216 vita
1227 4158 1352 4217 aeterna
1379 4156 1540 4228 consistit,
1569 4153 1788 4235 Redemptore
1809 4160 1923 4221 nostro

282 4254 399 4316 lendes
423 4255 584 4330 januarii,
614 4253 826 4330 pontificatus
856 4253 963 4314 nostri
987 4269 1075 4316 anno
1131 4251 1271 4326 dicente,
1282 4252 1345 4315 hoc
1361 4269 1436 4314 esse
1450 4253 1553 4316 vitam
1569 4255 1727 4316 aeternam
1745 4257 1848 4316 Deum
1863 4272 1924 4332 pa-

283 4359 434 4438 mfimo,
1129 4351 1213 4411 trem
1229 4347 1381 4428 atquem
1396 4351 1468 4428 ipse
1481 4349 1582 4424 misit,
1595 4367 1795 4428 cognoscere
1809 4355 1923 4414 lesum

1130 4447 1307 4508 Christum.
1323 4447 1365 4510 Ut
1381 4449 1503 4523 autem,
1519 4447 1641 4528 praeter
1653 4451 1803 4526 praedicti
1815 4453 1924 4528 Apos-

767 4559 770 4566 ·
1128 4545 1271 4606 telorum
1287 4545 1447 4623 principis
1464 4547 1686 4623 patrocinium
1702 4547 1735 4609 et
1747 4547 1922 4624 praemium

593 4607 762 4695 XXXIII
1128 4642 1223 4718 regni
1245 4642 1400 4714 coelestis,
1421 4643 1593 4718 praefatam
1617 4643 1794 4705 ecclesiam
1813 4645 1848 4704 in
1867 4644 1921 4706 die

412 4761 465 4822 Ad
478 4761 661 4821 universos
675 4759 803 4822 cmg
816 4759 942 4832 fideles,
1127 4738 1285 4816 praedicto
1318 4738 1496 4801 visitantes
1525 4739 1642 4802 devote
1679 4741 1715 4801 in
1753 4741 1852 4802 terris
1885 4757 1921 4802 se

1126 4835 1291 4910 gaudeant
1311 4851 1431 4896 munus
1449 4835 1565 4912 gratiae
1581 4837 1781 4914 reportasse,
1796 4853 1868 4909 nos,
1880 4838 1920 4899 de

540 4888 573 4948 ¹⁷
585 4889 716 4947 deoemb'
733 4889 812 4948 Μ’·
1126 4931 1355 4994 misericordia
1370 4931 1431 4993 Dei
1455 4947 1495 4993 ac
1524 4934 1672 5010 ejusdem
1687 4934 1920 5010 Apostolorum

403 5013 444 5078 [⁰·
457 5011 559 5072 ¹¹⁰¹¹¹⁰h
574 5013 623 5064 ⁰²⁸
638 5013 749 5071 ⁸¹⁰⁵tif’
760 5017 780 5063 ²·
793 5011 812 5072 ¹2
826 5024 883 5078 Μ·
894 5013 947 5110 ⁰¹1]
1125 5029 1286 5107 principis
1299 5029 1332 5090 et
1339 5029 1522 5107 coapostoli
1531 5033 1603 5108 ejus
1614 5031 1709 5091 Pauli
1722 5031 1921 5094 auctoritate

279 5128 426 5188 lintrensis
440 5127 686 5187 christifidelibus
700 5127 902 5186 accedentibus
919 5127 954 5186 ad
976 5128 1068 5188 eccle·
1125 5127 1252 5199 confisi,
1277 5127 1440 5201 omnibus,
1469 5126 1525 5205 qui
1550 5126 1668 5189 devote
1691 5141 1730 5188 ac
1754 5129 1809 5204 pie
1828 5143 1921 5190 eam·
1949 5151 1950 5154 ¹

312 5217 385 5274 siam
395 5215 471 5274 beati
486 5215 562 5274 Petri
577 5216 681 5275 Montis
695 5218 794 5274 Sereni
808 5218 837 5274 in
852 5216 898 5274 die
912 5215 1067 5276 dedicatio·
1123 5224 1197 5286 dem
1214 5224 1389 5286 ecclesiam
1416 5225 1470 5286 die
1492 5223 1704 5287 visitaverint
1721 5227 1917 5301 pretaxato,

312 5305 358 5363 ¹¹5⁸
388 5303 517 5378 ejusdem
553 5302 760 5377 indulgemiem
791 5306 828 5364 ²⁰
853 5305 964 5364 dierum
998 5321 1066 5365 ⁰⁰¹²·
1122 5323 1243 5398 viginti
1269 5322 1340 5383 dies
1365 5322 1405 5384 de
1434 5321 1593 5400 injunctis
1626 5319 1690 5383 sibi
1716 5321 1918 5399 poenitentiis

311 5391 397 5452 ΜΗ·
1122 5419 1385 5482 misericorditer
1394 5419 1597 5481 relaxamus.
1614 5420 1732 5481 Datum
1748 5420 1917 5488 Laterani,

315 5509 483 5573 Honorius
494 5509 679 5587 opiscopus,
692 5511 1065 5580 servasservorumDei
1121 5517 1195 5578 XVI
1223 5515 1354 5578 kalend.
1378 5516 1539 5595 januarii,
1567 5515 1781 5592 pontificatus
1807 5517 1915 5578 nostri

278 5608 443 5670 universis
459 5605 580 5668 Christi
601 5605 753 5669 fidelibus
777 5607 1009 5672 accedentibus
1024 5608 1065 5670 ad
1121 5613 1291 5674 annoVIl.
