4258 6394
139 294 208 354 529

138 454 353 526 poenitentia
378 455 638 520 misericorditer
658 453 859 515 relaxamus.
883 458 951 516 Da-

138 549 218 610 tum
237 553 411 624 Laterani,
423 552 584 616 kalendas
604 551 775 622 februarii,
793 567 881 614 anno
896 568 953 614 oe·

139 645 242 708 tave.

476 845 639 930 CXVIII

141 977 201 1036 Ad
216 979 433 1055 mopfstrum
457 979 490 1039 91
513 979 646 1052 fratres
664 979 798 1038 militiae
813 979 951 1050 Templi.

420 1105 590 1165 alebrandi
612 1108 691 1164 lael.

162 1231 295 1294 [Regest.,
307 1232 353 1284 lib.
364 1232 430 1290 Vlll,
446 1233 520 1296 epist.
531 1231 587 1282 aba.
598 1232 654 1281 llss.
665 1233 701 1282 La
710 1232 787 1282 Porta
797 1231 831 1280 du
842 1230 937 1296 aucit]

184 1346 242 1406 Eis
258 1348 389 1421 singulas
404 1347 582 1420 prebendae,
602 1362 617 1404 a
639 1347 691 1405 Pb.
707 1361 776 1420 rege
791 1347 918 1404 Franciae

403 1437 534 1505 donatas,
549 1436 709 1494 conflrmet.

190 1555 378 1626 Honorius,
394 1555 469 1625 etc,
493 1553 623 1616 dilectis
647 1552 778 1612 filiis...
796 1553 953 1628 magistro

146 1653 183 1713 et
213 1651 378 1714 fratribus
409 1651 538 1712 militiae
571 1649 700 1727 Templi
729 1649 769 1711 de
797 1649 952 1722 Francia,

147 1750 314 1821 salutem,
332 1749 394 1810 etc.

191 1847 303 1909 Justis
331 1847 525 1923 petentium,
543 1846 619 1918 919,
643 1861 750 1921 usurae
775 1845 951 1922 complere.

148 1947 267 2016 Quum
281 1945 384 2020 igitur
399 1944 498 2005 clarae
514 1943 682 2004 memoriae
699 1943 759 2004 Pb.
777 1945 953 2004 19111199-

148 2041 217 2102 ciae
235 2041 271 2101 in
288 2045 450 2103 Peronen.
467 2043 500 2104 et
515 2042 626 2102 Sancti
638 2041 788 2113 Quintiui
803 2041 954 2101 ecclesiis

148 2139 357 2200 Noviomen.
373 2139 538 2210 dioecesis,
562 2139 597 2198 in
620 2139 739 2215 quibus
754 2138 953 2215 praebenda-

148 2251 232 2296 rum
261 2236 472 2298 donationem
497 2235 659 2306 habebat,
690 2235 840 2310 singulas
868 2250 956 2312 prae-

148 2332 296 2405 bendas,
318 2334 405 2396 sicut
426 2333 613 2410 pertinebat
638 2332 679 2393 ad
708 2333 816 2410 ipsum
843 2332 954 2393 domui

150 2431 290 2506 Templi
319 2431 373 2507 pia
397 2431 598 2492 liberalitate
622 2431 772 2502 donavit,
799 2432 896 2506 prout
919 2430 954 2490 in

151 2527 268 2604 ipsius
284 2527 405 2589 litteris
425 2528 555 2604 plenius
579 2529 779 2600 continetur,
801 2543 861 2587 nos
876 2542 954 2589 res-

149 2624 220 2685 tris
246 2624 398 2700 precibus
421 2625 585 2695 inclinati,
607 2615 692 2702 q'uod
722 2624 763 2684 ab
790 2640 829 2686 eo
855 2639 955 2700 super

150 2722 222 2782 hoe
249 2722 321 2782 sine
345 2723 508 2798 pravitate
532 2723 586 2798 pie
609 2738 648 2784 99
672 2723 809 2799 provide
832 2722 954 2784 factum

151 2821 218 2891 est,
236 2819 434 2881 auctoritate
456 2820 645 2896 Apostolioa
666 2820 900 2880 confirmamus
923 2819 956 2880 91

152 2917 337 2994 praesentis
357 2917 473 2992 scripti
494 2917 680 2992 patrocinio
701 2917 953 2978 communimus.

151 3014 254 3075 Nulli
267 3029 358 3089 ergo,
372 3021 448 3084 etc,
465 3013 552 3074 banc
567 3014 722 3090 paginam
742 3015 864 3076 nostrae
881 3029 956 3075 con·

154 3111 361 3172 firmationis
393 3109 588 3186 infringere,
621 3113 683 3172 etc.
719 3111 753 3172 Si
790 3111 862 3188 quis
889 3128 954 3172 au-

154 3209 239 3278 tem,
268 3207 330 3267 eto.
359 3206 477 3267 Datum
504 3205 672 3279 Laterani,
703 3207 747 3266 III
772 3222 878 3268 nonas
907 3205 957 3268 fe-

154 3303 302 3376 bruarii,
317 3318 405 3365 anno
420 3303 548 3366 octavo.

500 3533 621 3621 CXIX

170 3679 226 3736 Ad
249 3679 411 3737 Tbomem
430 3679 631 3750 archiepisc.
652 3678 940 3753 stridoniensem.

427 3805 443 3863 3
460 3805 594 3863 februarii
610 3803 688 3864 lael.
752 3805 756 3816 '

280 3919 408 3983 [Tlieiner,
419 3921 486 3969 Mon.
503 3919 646 3984 Huugariae,
659 3921 680 3982 1,
690 3919 730 3978 39,
745 3935 770 3970 u.
785 3921 838 3986 au]

177 4038 215 4094 Ut
227 4034 370 4106 judicibus
391 4036 420 4091 in
438 4035 561 4107 quadam
576 4035 624 4092 lite
640 4037 812 4093 senteutiam
823 4035 938 4094 finalem

422 4122 547 4195 prolerre
559 4123 703 4196 injungat.

197 4241 367 4301 Honorius
382 4241 567 4316 episcopus,
576 4249 691 4300 servus
704 4257 875 4303 servorum
883 4243 954 4316 Dei,

158 4337 347 4399 venerabili
357 4335 452 4399 fratri
463 4337 713 4414 archiepiscopo
724 4339 955 4414 strigoniensi,

159 4436 319 4496 salutem.

199 4532 320 4594 Dilecti
344 4531 405 4592 filii
425 4531 529 4594 abbas
567 4533 599 4594 91
625 4534 808 4595 conventus
843 4533 956 4595 Sancti

160 4630 298 4690 Martini
309 4631 343 4688 in
357 4631 529 4690 Pannonia
550 4629 646 4691 nobis
664 4631 837 4691 insinuare
852 4647 955 4692 cura-

159 4725 250 4797 runt,
266 4726 351 4802 quod
371 4743 470 4802 quum
495 4743 596 4804 super
611 4727 859 4804 quaestionibus,
875 4745 957 4804 quas

161 4836 263 4896 super
277 4821 439 4889 ecclesiis,
463 4821 600 4882 decimis
615 4824 648 4883 et
670 4821 770 4883 rebus
791 4822 878 4895 aliis,
896 4823 958 4884 ba-

161 4917 261 4980 beant
286 4918 446 4979 adversus
472 4919 697 4980 uenerabilem
727 4920 863 4982 fratrem
879 4937 958 4982 nos-

160 5017 285 5076 trum...
301 5014 532 5091 Abrigiensem
545 5015 623 5095 (stc)
646 5018 836 5094 episcopum
851 5019 884 5080 et
897 5034 957 5080 oa-

162 5114 385 5188 pitulum,nec
400 5129 466 5174 non
477 5113 637 5174 adversus
648 5114 824 5176 albensem
836 5117 958 5178 911199-

163 5212 375 5286 primiensem
392 5211 588 5286 praepositos
604 5209 636 5273 et
655 5212 800 5288 capitula
820 5229 957 5274 eorum-

164 5308 247 5378 dem,
265 5309 297 5368 et
312 5309 469 5384 quosdam
478 5309 562 5370 alios
576 5325 594 5370 a
609 5309 716 5370 felicis
724 5311 893 5372 memoriae
905 5315 954 5372 Ι...

164 5421 248 5480 papa
268 5405 513 5481 praedecessore
536 5410 661 5479 nostro,
678 5407 720 5468 ad
736 5408 885 5469 diversos
897 5412 957 5485 ju-

165 5500 254 5562 dices
269 5501 310 5562 ab
323 5502 371 5564 eis
386 5502 447 5565 tibi
472 5506 614 5582 propriis
635 5505 822 5566 nominibus
840 5507 958 5582 expri-

165 5598 311 5671 mendos,
327 5600 570 5662 commissionis
592 5603 720 5664 litteras
736 5603 956 5680 impetrarint,

759 295 988 354 EPIS'IOLAE.
1016 295 1093 354 LIB.
1117 295 1203 354 VIII.

1744 296 1804 356 530

1009 455 1041 514 et
1068 469 1129 514 nos
1151 467 1251 529 super
1279 453 1331 514 his
1353 454 1479 529 pluries
1505 455 1554 516 eis
1582 456 1802 518 direxerimus

1008 552 1130 627 scripta
1146 552 1260 613 nostra
1273 551 1440 633 :ipsorum
1451 557 1561 614 tamen
1574 554 1723 630 judicum
1737 571 1803 616 ne-

1008 648 1801 726 gligentlaetadversariorumrersutiafaciente,

1008 745 1154 806 noudum
1167 763 1261 806 suam
1274 747 1621 822 potueruntjustitiam
1634 749 1801 826 obtinere;

1009 859 1112 918 quare
1135 843 1307 905 humiliter
1335 844 1512 919 petierunt,
1537 845 1573 906 ut
1602 849 1802 922 quaestiones

1009 931 1801 1016 hrrjtrsmodiadnostrumrerocaremusexamen.

1008 1037 1163 1100 Volentes
1187 1038 1291 1113 igitur
1314 1055 1451 1115 parcere
1478 1041 1625 1116 ipsarum
1659 1043 1803 1118 partium

1008 1134 1176 1196 laboribus
1199 1137 1232 1197 et
1260 1137 1426 1212 expensis,
1444 1137 1647 1200 fraternitati
1668 1138 1731 1200 tuae
1744 1154 1805 1216 per

1008 1233 1199 1309 Apostolica
1209 1235 1333 1309 scripta
1346 1235 1555 1306 mandamus,
1573 1237 1735 1312 quatenus
1750 1236 1806 1295 in-

1005 1334 1128 1406 jungas
1143 1331 1323 1406 judicibus,
1348 1331 1480 1408 quibus*
1495 1334 1572 1396 sunt
1600 1333 1681 1409 ipsae
1710 1349 1803 1394 com·

1009 1425 1119 1486 missae
1135 1441 1256 1499 causae,
1273 1429 1309 1487 ut
1323 1427 1411 1488 infra
1426 1427 1545 1489 festum
1561 1429 1804 1505 assumptionis

1008 1522 1113 1584 beatae
1127 1524 1242 1584 Mariae
1260 1525 1412 1599 proximo
1435 1526 1609 1588 venturum
1625 1526 1805 1602 procedant

1009 1619 1154 1682 finaliter
1168 1621 1203 1681 in
1216 1623 1327 1682 causis
1340 1622 1465 1682 eisdem
1476 1625 1576 1698 juxta
1588 1623 1728 1684 traditas
1739 1622 1803 1684 sibi

1009 1717 1802 1796 formas.Quodsipernegligentiameorumdem,

1009 1816 1063 1875 vel
1076 1831 1134 1891 per
1149 1817 1418 1878 adversariorum
1433 1817 1595 1879 malitiam
1622 1834 1688 1879 non
1705 1818 1805 1879 fuerit

1009 1912 1236 1988 adimpletum,
1259 1914 1416 1989 injungas
1426 1913 1586 1990 partibus,
1596 1917 1633 1976 91
1645 1915 1679 1975 19
1690 1915 1806 1990 proxi-

1010 2026 1062 2070 mo
1077 2009 1160 2071 festo
1174 2010 1326 2070 Omnium
1338 2011 1649 2088 Sanctorum-quod.
1672 2011 1721 2071 eis
1736 2012 1805 2073 ter-

1009 2107 1134 2166 minum
1150 2107 1405 2183 peremptorium
1421 2108 1640 2183 assignamus
1660 2122 1719 2183 per
1733 2123 1805 2182 pro·

1009 2203 1179 2264 curatores
1212 2203 1416 2265 sufficientes
1447 2205 1660 2281 compareant
1693 2218 1805 2264 coram

1008 2301 1104 2360 nobis
1119 2315 1219 2376 super
1229 2304 1299 2377 jam
1309 2301 1405 2362 dictis
1417 2301 1655 2378 quaestionibus
1670 2316 1807 2376 proces-

1010 2413 1097 2458 surae
1114 2420 1121 2458 :
1140 2397 1245 2470 uobis,
1261 2399 1345 2474 quod
1374 2399 1451 2459 inde
1472 2398 1602 2470 1999119,
1623 2398 1806 2474 rescriptu-

1009 2510 1078 2556 rus.
1093 2499 1212 2556 Datum
1237 2496 1404 2568 Laterani,
1431 2499 1476 2557 111
1501 2513 1606 2558 nonas
1632 2495 1804 2566 februarii,

1010 2594 1222 2670 pontificatus
1233 2595 1340 2656 nostri
1354 2610 1442 2656 anno
1454 2594 1584 2656 octavo.

1357 2834 1456 2921 CXX

1010 2978 1062 3036 Ad
1075 2976 1249 3038 rectorem
1262 2978 1294 3036 91
1304 2977 1478 3050 fratreas.
1492 2979 1620 3038 Martae
1630 2978 1668 3038 tu
1678 2979 1800 3040 Sancto.

1274 3107 1291 3164 b
1307 3105 1440 3165 februarii
1453 3107 1531 3164 laad.

1032 3223 1151 3286 [Regest.,
1162 3221 1208 3272 llb.
1216 3223 1282 3282 VIII,
1295 3222 1371 3288 epist.
1382 3223 1440 3274 252.
1452 3224 1510 3274 bles.
1520 3225 1555 3274 La
1565 3224 1640 3276 Porte
1650 3223 1685 3274 du
1695 3225 1790 3290 Tbeil.]

1011 3338 1127 3396 blandat
1140 3348 1170 3396 91
1180 3355 1266 3412 super
1277 3339 1400 3411 quadam
1416 3339 1569 3412 praebeuda
1583 3339 1672 3398 abbas
1687 3355 1721 3398 ae
1733 3355 1800 3398 eou-

1047 3435 1149 3485 veutus
1160 3429 1187 3486 S.
1197 3426 1336 3486 lobannis
1349 3444 1399 3486 eos
1416 3430 1568 3487 molestare
1584 3430 1769 3502 nonpossint.

1051 3554 1227 3626 Honorius,
1241 3555 1315 3626 ete,
1344 3554 1475 3616 dilectis
1503 3554 1620 3616 filiis...
1635 3556 1757 3617 rectori
1773 3557 1806 3617 et

1011 3650 1170 3713 fratribus
1206 3653 1335 3714 Sanctae
1364 3654 1479 3714 Mariae
1505 3653 1540 3711 in
1571 3653 1804 3724 899199919-

1011 3749 1088 3820 tem,
1104 3751 1167 3811 919.

1052 3850 1098 3907 De
1117 3847 1230 3908 radice
1258 3847 1438 3922 procedere
1458 3847 1591 3908 ridetur
1616 3845 1806 3922 cupiditatis

1013 3945 1181 4011 extremae,
1199 3945 1228 4004 si
1242 3944 1308 4004 viri
1322 3944 1484 4018 religiosi,
1494 3959 1554 4020 per
1568 3959 1649 4020 quos
1664 3944 1807 4004 aliorum

1012 4043 1063 4102 est
1083 4041 1267 4116 indigentia
1301 4040 1515 4112 sublevanda,
1546 4040 1610 4101 sibi
1645 4056 1807 4118 usurpare

1012 4138 1251 4200 contenderent
1273 4153 1345 4214 quae
1362 4139 1549 4214 provisioni
1561 4140 1638 4200 sunt
1652 4139 1806 4200 infirmo-

1011 4237 1085 4297 r'um
1099 4237 1131 4297 et
1145 4251 1326 4311 pauperum
1340 4235 1506 4312 deputata,
1519 4252 1660 4313 quorum
1674 4237 1806 4313 quidem

1012 4334 1053 4396 ab
1068 4335 1145 4394 aliis
1170 4334 1270 4394 etlam
1290 4334 1413 4411 inopiae
1433 4334 1618 4396 consulitur
1633 4335 1666 4396 et
1683 4350 1804 4396 99999-

1013 4431 1165 4494 sitatibus
1186 4431 1392 4494 subvenitur.
1418 4432 1510 4493 Unde
1526 4447 1600 4492 cum
1621 4431 1715 4494 bonae
1731 4449 1806 4495 me-

1012 4531 1126 4592 moriae
1153 4528 1366 4590 carnotensis
1388 4531 1564 4606 episcopus
1591 4531 1631 4592 de
1660 4531 1806 4608 permis-

1013 4627 1106 4688 sione
1134 4627 1323 4702 Apostoliea
1353 4626 1564 4703 praebendam
1594 4629 1629 4687 19
1662 4627 1805 4706 eeclesia

1013 4723 1806 4800 carnotensiadpauperum,etinflrmorumusus

1012 4821 1169 4897 hospitali
1181 4823 1292 4883 vestro
1302 4821 1516 4890 concesserit,
1530 4822 1577 4882 ita
1592 4824 1627 4882 ut
1637 4821 1710 4881 duae
1726 4835 1806 4895 par-

1011 4921 1061 4980 199
1078 4921 1298 4996 proventuum
1318 4919 1469 4995 ejusdem
1488 4918 1646 4995 hospitali
1667 4919 1806 4993 integrae

1012 5017 1109 5078 anuis
1127 5017 1267 5092 singulis
1284 5017 1506 5092 assignentur,
1525 5015 1623 5076 tertia
1642 5016 1806 5077 9919911-

1012 5115 1065 5176 eui
1080 5115 1252 5186 canonice,
1270 5115 1322 5176 vel
1334 5113 1471 5182 vicario,
1484 5114 1540 5189 qui
1554 5129 1613 5188 pro
1629 5113 1806 5189 praebenda

1012 5213 1085 5288 ipsa
1100 5212 1134 5272 in
1148 5212 1263 5272 eadem
1279 5211 1420 5272 scelesta
1430 5210 1595 5272 deserviat
1607 5211 1806 5287 praebeatur,

1013 5313 1045 5371 et
1059 5310 1136 5372 talis
1148 5309 1319 5370 concessio
1335 5325 1394 5384 per
1405 5309 1522 5369 Sedem
1533 5309 1577 5370 sit
1584 5310 1807 5384 apostolicam

1013 5407 1218 5474 confirmata,
1232 5404 1447 5478 de...abbate,
1464 5422 1503 5468 ac
1519 5407 1684 5469 conventu
1695 5407 1809 5468 Sancti

1012 5503 1174 5567 Jonannis
1186 5503 1226 5564 de
1238 5503 1368 5564 valleia
1383 5505 1558 5566 carnoten.
1576 5503 1729 5564 dioecesis
1745 5505 1810 5564 mi-

1013 5601 1081 5664 rari
1102 5601 1343 5677 compellimur,
1375 5601 1461 5678 quod
1487 5601 1549 5678 ipsi
1570 5601 1656 5663 sieut
1677 5600 1809 5662 audivi-
