4222 6374
306 244 345 302 ro
920 251 1098 315 uouonu
1119 257 1164 316 111
1186 257 1334 320 ornan.
1441 237 1445 246 “
1911 267 1953 328 so

306 401 382 480 quis
391 401 477 467 ultra
488 405 570 467 duas
583 405 700 470 diaetas
709 406 804 470 extra
819 423 915 473 suam
926 412 1099 476 dioecesim

306 515 367 576 per
389 501 517 563 litteras
538 504 745 580 apostolicas
769 506 810 567 ad
827 507 992 584 indicium
1010 510 1100 572 trahi

304 598 419 672 possit.
443 600 561 662 Datum
588 601 754 674 Laterani,
777 605 855 666 XIII
879 604 1040 668 kalendas
1055 607 1100 670 ie-

304 689 444 764 bruarii‚
458 697 669 772 pontificatus
685 700 792 762 nostri
807 716 894 763 anno
910 704 1016 765 sento.

618 983 783 1072 XCVIII

301 1131 354 1190 Ad
367 1131 536 1194 decanum
550 1134 584 1195 et
602 1135 791 1210 ccpttntnm
810 1139 1094 1202 silvanectenses.

567 1263 601 1321 ao
611 1262 734 1336 januarii
750 1266 830 1324 tutu.

325 1382 444 1448 [hegcan
455 1385 500 1436 lib.
515 1387 557 1446 Vl,
568 1386 643 1451 epist.
653 1387 708 1438 ²03.
719 1390 777 1440 lisa.
791 1391 828 1442 La
837 1391 915 1442 Porta
930 1392 964 1444 dn
976 1393 1070 1459 Theb]

299 1507 491 1576 Quorumdam
513 1510 674 1569 reddituum
693 1510 852 1572 distributio
876 1517 1023 1574 canonicis
1044 1534 1094 1591 pro

332 1595 524 1654 celebratione
551 1599 703 1658 missarum
732 1601 907 1674 approbatur
934 1611 963 1662 et
988 1605 1091 1663 contir-

333 1690 437 1740 matur.

337 1811 517 1884 Honorius,
541 1813 617 1886 etc„
643 1815 774 1877 dilectis
803 1814 881 1878 tiliis
908 1816 1034 1880 decano
1059 1819 1093 1880 et

295 1907 442 1982 capitulo
459 1908 679 1972 Silvanecten.

335 2005 440 2064 tusus
453 2005 647 2081 petentium,
663 2007 725 2069 etc.
749 2011 796 2070 Ea
811 2011 958 2088 propter,
979 2011 1092 2074 dilecti

295 2097 331 2159 in
346 2101 486 2161 Domino
501 2101 573 2174 tilii,
590 2104 793 2166 venerabilis
813 2106 926 2168 fratris
946 2110 1088 2170 nostri...

296 2194 519 2260 Silvanecten.
534 2201 681 2277 episcopi
695 2201 727 2263 et
741 2205 861 2265 vestris
876 2205 1030 2282 precibus
1043 2206 1092 2266 in·

297 2293 425 2364 clinati,
453 2297 701 2359 concessionem
726 2302 942 2377 quorumdam
973 2303 1089 2364 reddi-

296 2393 401 2459 tuum,
412 2408 494 2468 quos
509 2392 603 2455 vobis
617 2395 705 2456 idem
720 2397 895 2475 episcopus
907 2400 1091 2475 assignavit

293 2501 353 2564 pro
381 2489 615 2552 distributione
638 2491 789 2554 iacienda
817 2496 999 2570 canonicis,
1033 2497 1089 2574 qui

291 2583 480 2648 intererunt
497 2587 714 2651 celebrationi
734 2591 922 2666 missarum,
940 2610 1022 2672 quas
1036 2592 1088 2655 bis

291 2681 327 2741 in
347 2682 489 2758 singulis
514 2685 717 2762 septimania,
745 2689 892 2766 exceptis
915 2691 1087 2752 Passionis

292 2779 485 2853 Dominicis,
502 2783 651 2856 Paschae,
674 2786 886 2848 Pentecostes
906 2789 940 2849 et
957 2789 1087 2851 Natalis

291 2875 433 2949 Domini,
457 2893 516 2955 pro
539 2895 578 2941 eo
602 2881 771 2943 celebrare
794 2884 965 2957 tenemini,
991 2887 1087 2948 etiis

290 2973 390 3034 etiam
406 2975 462 3052 qui
482 2977 715 3040 anniversario
732 2982 805 3056 aius
826 2982 1013 3045 intererunt
1028 2997 1086 3044 ce-

289 3070 461 3144 lebrando,
479 3073 565 3135 sicut
581 3075 654 3135 sine
669 3077 845 3152 pravitate,
866 3077 1015 3154 provide,
1032 3081 1086 3156 pie

288 3185 329 3231 ao
357 3169 517 3230 canonice
540 3169 627 3231 iacta
656 3173 717 3240 est,
747 3173 780 3234 et
812 3173 848 3233 in
881 3173 1084 3239 authenticIs

288 3265 409 3327 exinde
431 3265 589 3329 coniectis
611 3268 743 3344 plenius
763 3269 954 3332 continetur
968 3274 1085 3335 auoto-

289 3361 388 3424 ritate
410 3363 599 3439 apostolica
622 3363 867 3439 confirmamus,
884 3369 916 3429 et
937 3383 1085 3445 praesen·

287 3457 332 3521 tls
356 3459 472 3535 scripti
500 3460 686 3536 patrocinio
714 3463 967 3548 communimus.
991 3467 1083 3528 Nulli

288 3568 378 3632 ergo,
389 3557 465 3627 etc„
479 3558 600 3618 nostrae
610 3558 873 3621 confirmationis
888 3559 1080 3639 intringere.

289 3653 324 3714 Si
340 3651 414 3730 quis
424 3653 545 3726 autem,
563 3653 624 3716 ete.
637 3655 755 3717 Datum
767 3657 935 3729 Laterani,
948 3647 1008 3721 vu
1020 3661 1083 3722 ka-

281 3733 404 3811 lendas
428 3749 601 3823 februarii,
627 3751 839 3828 pontificatus
863 3753 968 3816 nostri
993 3770 1082 3820 anno

286 3847 392 3908 sexto.

623 4021 745 4109 XCIX

284 4169 336 4229 Ad
366 4171 707 4246 archipresbyterum
728 4171 762 4233 et
785 4175 967 4236 canonicos
990 4176 1081 4238 bost-

354 4307 358 4320 .
388 4269 390 4272 ’
421 4269 677 4342 ttcccprtnctpts
690 4271 940 4344 Apostolorum.

548 4399 583 4458 at
595 4399 720 4473 januarii
733 4401 812 4460 lata.

423 4522 576 4584 [Bullatium
590 4524 753 4585 Vaticanum,
766 4529 786 4576 t.
797 4525 817 4585 1,
830 4537 857 4590 p.
870 4525 937 4589 Μ]

280 4627 411 4710 Diploma
430 4638 589 4696 innocentii
608 4641 649 4698 Ill
671 4637 906 4714 depravantibus
927 4639 1074 4716 signorum

284 4735 289 4742 ·
333 4725 532 4800 plumbeorum
543 4727 593 4785 vel
607 4735 794 4802 stagneorum
806 4729 849 4787 eis
860 4731 1021 4787 oonilrmat.

317 4845 992 4942 Honoriusepiscopus,servasservorum
1001 4867 1072 4936 Dei,

278 4958 408 5022 dilectis
431 4960 510 5022 filiis
538 4961 826 5040 archipresbytero
849 4962 882 5024 et
903 4963 1073 5026 canonicis

277 5048 427 5120 basilicae
446 5059 606 5135 principis
624 5058 868 5135 apostolorum,
885 5060 1074 5124 salutemet

276 5155 495 5230 apostolIoam
508 5154 784 5218 benedictionem.

318 5254 357 5313 In
373 5251 492 5312 litteris
507 5251 615 5314 lelicis
630 5253 871 5316 recordationis
887 5253 1072 5316 innocentii

274 5353 374 5424 Papae
393 5347 648 5425 praedecessoris
663 5352 768 5413 nostri
783 5351 832 5413 sio
841 5353 1071 5428 perspeximus

276 5446 441 5508 contineri
458 5467 465 5506 :

314 5541 558 5605 «Innocentius
573 5541 757 5622 episcopus,
771 5562 887 5610 servus
898 5561 1070 5610 servorum

1153 417 1224 488 Dei,
1242 417 1373 481 dilectis
1395 419 1474 482 tiliis
1496 423 1582 499 Hug.
1605 423 1894 504 archipresbytero
1914 427 1950 489 et

1153 513 1323 575 canonicis
1347 514 1496 580 basilicae
1519 521 1680 598 principis
1701 524 1946 600 Apostolorum,

1153 609 1338 673 salutemet
1353 615 1569 689 apostolicam
1584 617 1860 682 benedictionem.
1878 623 1946 682 De-

1152 705 1259 768 rivata
1279 707 1313 768 in
1328 725 1389 770 nos
1404 711 1445 772 ab
1465 715 1698 789 Apostolorum
1718 717 1868 793 principe
1888 733 1947 794 per

1152 801 1257 878 ipsius
1271 807 1390 868 merita
1401 809 1574 885 potestatis
1587 811 1821 874 ecclesiasticae
1836 815 1947 891 pleni-

1150 899 1280 986 tudine,
1294 903 1327 963 et
1341 905 1545 980 apostolatus
1567 911 1777 972 successione
1792 927 1864 986 non
1884 928 1944 973 ra·

1150 995 1241 1057 tione
1262 999 1372 1060 carnis
1396 1016 1456 1078 per
1474 1003 1654 1078 bominem,
1670 1007 1727 1067 sed
1749 1023 1809 1084 per
1827 1010 1943 1082 Deum,

1084 1085 1090 1098 '
1150 1092 1256 1170 ipsius
1266 1095 1375 1170 gratia
1390 1096 1539 1173 legitime
1549 1104 1739 1176 procurata,
1751 1103 1839 1166 inter
1850 1107 1947 1168 caete·

1149 1204 1205 1249 ras
1225 1190 1466 1255 sollicitudines
1488 1197 1598 1259 cordis
1614 1199 1731 1274 nostri,
1752 1203 1786 1262 et
1802 1217 1946 1280 occupa-

1149 1284 1256 1346 tiones
1267 1287 1388 1364 quibus
1399 1291 1532 1354 assidue
1542 1295 1735 1370 premimur,
1746 1297 1858 1375 utpote
1868 1299 1945 1378 qui-

1148 1379 1209 1441 bns
1220 1383 1410 1448 sollicitudo
1422 1388 1654 1454 universarum
1665 1393 1946 1457 ecclesiarnmin·

1149 1477 1282 1552 cumbit,
1302 1481 1343 1544 ad
1364 1482 1594 1551 honorandam
1614 1489 1762 1566 eiusdem
1782 1492 1943 1572 principis

1147 1577 1378 1652 Apostolorum
1399 1580 1573 1646 basilicam
1597 1587 1789 1675 specialiter
1810 1605 1871 1651 nos
1889 1590 1944 1652 in-

1148 1671 1273 1737 ducunt
1292 1676 1328 1736 ut
1351 1691 1425 1738 cum
1445 1681 1612 1758 Propheta
1635 1685 1817 1762 psallamus
1841 1709 1848 1748 ι
1873 1692 1944 1750 Do-

1146 1771 1251 1842 mine,
1262 1774 1370 1834 dtteact
1384 1778 1543 1840 decorem
1554 1783 1675 1843 domus
1692 1782 1771 1856 tuce,
1786 1785 1819 1846 ct
1831 1790 1942 1847 menna

1147 1864 1358 1930 tabernaculi
1367 1877 1487 1947 clerice
1497 1876 1576 1936 tuce.
1593 1879 1680 1940 Sane
1691 1894 1765 1940 cum
1781 1881 1941 1943 Dominus

1145 1962 1257 2024 noster
1272 1965 1307 2025 in
1326 1965 1422 2029 beato
1437 1970 1548 2046 Petro,
1572 1975 1627 2036 cui
1646 1989 1707 2036 nos
1725 1976 1805 2038 licet
1821 1976 1942 2040 imme-

1144 2056 1227 2119 ritos
1243 2063 1416 2126 constituit
1430 2072 1696 2144 successores,in
1710 2073 1940 2150 spiritualibus

1144 2157 1330 2230 praetulerit
1346 2161 1524 2236 universis
1535 2167 1752 2232 eteoclesiam
1764 2171 1800 2232 in
1812 2173 1941 2249 tempo-

1144 2251 1270 2314 ralibus
1286 2256 1386 2318 etiam
1407 2257 1571 2336 dilatavit,
1581 2267 1782 2328 conveniens
1797 2285 1871 2330 esse
1886 2269 1940 2330 di-

1143 2350 1326 2426 gnoscitur,
1348 2354 1383 2417 ut
1404 2356 1512 2419 eidem
1533 2358 1630 2423 beato
1650 2365 1748 2426 Petro
1770 2364 1805 2426 in
1828 2365 1935 2440 robis,

1144 2443 1209 2508 imo
1229 2448 1359 2512 Christo
1373 2451 1407 2512 in
1427 2468 1477 2527 eo,
1497 2456 1553 2532 qni
1570 2457 1665 2520 nobis
1687 2461 1840 2522 exhibuit
1861 2463 1938 2524 uni·

1142 2558 1251 2618 versa,
1272 2547 1334 2608 etsi
1358 2550 1535 2624 modicum,
1558 2554 1669 2618 tamen
1689 2557 1816 2635 aliquid
1836 2561 1888 2622 ret
1909 2560 1939 2604 '-

1142 2637 1243 2701 bnere
1267 2643 1469 2720 studeamus,
1489 2649 1645 2712 affectum
1665 2655 1814 2716 nostrum
1829 2656 1864 2716 in
1886 2655 1936 2716 et·

1141 2734 1262 2799 lectum
1281 2739 1452 2804 humiliter
1471 2747 1709 2825 producentes;
1730 2751 1865 2826 dignum
1886 2754 1937 2814 est

1141 2833 1265 2894 etenim
1286 2837 1321 2900 ut
1341 2839 1419 2914 quia
1434 2842 1538 2902 variis
1553 2847 1659 2921 pressi
1681 2849 1835 2923 negotiis,
1856 2849 1934 2912 dum

1141 2926 1230 2989 circa
1258 2929 1388 3008 lapsum
1414 2935 1587 3012 religionis
1608 2940 1705 3002 nobis
1729 2945 1933 3020 propositum

1140 3021 1174 3084 in
1201 3027 1321 3090 melius
1347 3029 1595 3095 reformandum
1621 3037 1832 3113 intendimus,
1856 3041 1934 3102 dum

1134 3121 1276 3196 justitiae
1292 3129 1496 3191 consulimus
1510 3149 1754 3211 oppressorum,
1771 3137 1848 3198 dum
1862 3139 1934 3199 sin-

1138 3217 1291 3294 gulorum
1337 3226 1635 3292 consultationibus
1680 3233 1931 3310 respondemus,

1139 3313 1216 3375 dum
1244 3316 1285 3377 ad
1313 3319 1559 3386 reformandam
1585 3327 1673 3391 inter
1705 3331 1932 3396 discordantes

1137 3413 1229 3488 pacis
1257 3417 1479 3492 concordiam,
1511 3423 1543 3482 et
1566 3438 1626 3498 pro
1650 3423 1790 3488 diversis
1814 3428 1932 3489 eccla-

1137 3507 1262 3571 siarum
1283 3510 1315 3572 et
1333 3514 1582 3589 provinciarum
1606 3522 1859 3584 necessitatibus
1880 3523 1931 3585 le-

1135 3605 1230 3680 gatos
1255 3622 1275 3668 a
1299 3607 1403 3671 latere
1427 3615 1542 3674 nostro
1565 3601 1760 3692 dirigimus,
1787 3619 1865 3682 dum
1889 3620 1930 3682 de

1137 3701 1235 3764 terrae
1274 3705 1453 3768 orientalis
1489 3709 1705 3775 subventione
1738 3732 1928 3792 pensamus,

1136 3799 1297 3878 principis
1311 3804 1543 3879 Apostolorum
1558 3807 1731 3872 basilicam
1744 3813 1853 3888 dignis
1869 3813 1930 3875 ob-

1135 3895 1260 3971 sequiis
1290 3895 1501 3976 frequentare
1538 3918 1605 3964 nou
1642 3920 1829 3982 possumne,
1864 3909 1930 3970 ali-

1135 3991 1253 4072 quibus
1266 3997 1473 4057 munusculis
1487 3997 1701 4072 bonoremus,
1717 4005 1802 4066 nihil
1816 4007 1852 4066 in
1864 4006 1928 4070 boo

1136 4089 1366 4164 Apostolorum
1379 4093 1522 4171 principi
1532 4095 1713 4174 largientes
1726 4101 1766 4162 de
1778 4104 1926 4180 proprie,

1134 4185 1192 4265 sed
1204 4186 1244 4246 de
1255 4203 1314 4249 suo
1324 4189 1435 4265 potius
1445 4193 1678 4268 rependentes.
1690 4199 1813 4260 Verum
1825 4217 1926 4277 quum

1133 4282 1233 4344 decor
1267 4283 1501 4360 ecclesiarum,
1536 4291 1569 4352 et
1603 4308 1719 4356 aarum
1745 4297 1925 4360 thesaurus

1132 4369 1316 4453 pracsertim
1334 4383 1476 4459 pendeat
1494 4401 1536 4448 ex
1559 4393 1725 4465 personis,
1749 4409 1822 4470 quae
1840 4395 1924 4472 ipsis

1132 4473 1333 4549 deserviunt,
1347 4480 1381 4539 et
1391 4482 1522 4542 Domini
1533 4483 1651 4548 laudas
1665 4487 1757 4550 boris
1772 4491 1926 4554 intonant

1131 4573 1328 4647 constitutis,
1357 4578 1538 4654 psallentes
1567 4581 1598 4642 ei
1624 4573 1691 4646 tam
1727 4602 1796 4660 ore,
1824 4604 1923 4666 quam

1129 4669 1239 4743 corde,
1268 4687 1326 4733 vos
1356 4674 1412 4750 qui
1438 4674 1479 4734 ad
1508 4676 1668 4743 honorem
1691 4684 1922 4758 Apostolorum

1128 4766 1288 4844 principis
1310 4769 1345 4829 in
1368 4773 1440 4847 eius
1467 4774 1610 4837 ecclesia
1636 4779 1923 4858 Domino-jugiter

1128 4862 1314 4937 deservitis,
1331 4865 1525 4932 invocantes
1540 4886 1660 4935 nomen
1676 4876 1780 4955 ipsius
1797 4881 1830 4940 et
1841 4879 1922 4942 ,lau-

1127 4957 1186 5022 des
1213 4965 1284 5039 ejus
1310 4979 1391 5025 voce
1422 4981 1568 5029 consona
1601 4971 1819 5048 modulantes,
1852 4977 1920 5040 imo

1126 5057 1258 5120 beatum
1273 5061 1408 5121 Petrum
1429 5062 1465 5123 in
1484 5064 1578 5127 vobis
1598 5069 1691 5130 tenui
1711 5073 1835 5134 nostrae
1857 5073 1919 5136 de-

1126 5156 1269 5218 votionis
1284 5160 1480 5222 munusculo
1503 5161 1711 5228 decrevimus
1733 5167 1918 5245 honorare;

1126 5253 1308 5330 sperantes,
1325 5256 1411 5332 quod
1427 5259 1484 5334 qui
1499 5260 1626 5322 minuta
1639 5262 1747 5326 viduae
1762 5269 1920 5344 pauperis

1125 5351 1319 5427 acceptavit,
1343 5353 1465 5418 nostrae
1486 5372 1615 5435 quoque
1636 5360 1835 5424 humilitatis
1857 5379 1918 5426 ac-

1125 5447 1268 5524 ceptabit
1283 5449 1448 5523 affectum,
1466 5469 1532 5514 uon
1545 5455 1633 5531 quid,
1652 5457 1709 5517 sed
1724 5475 1768 5519 en
1779 5474 1843 5536 quo
1859 5478 1920 5538 po-

1123 5547 1190 5608 tins
1210 5547 1394 5609 tribuamus
1416 5549 1599 5613 attendens.
1626 5555 1671 5616 Ea
1690 5556 1835 5634 propter,
1862 5558 1917 5620 di-
