4222 6374
157 322 197 386 97
311 419 315 426 .
769 320 1002 396 ,aristeum
1024 323 1103 386 nin.
1126 324 1179 388 VI.

164 381 207 410 ,u

156 481 243 544 alies
266 479 447 560 asserebat.
465 483 533 544 Vos
555 496 636 544 vero
661 495 704 544 ue
727 480 812 544 ferte
838 481 947 552 confi-
1350 494 1450 580 CXX

156 579 285 642 teratur
304 579 342 640 in
359 578 520 650 fraudem,
541 594 562 640 a
582 578 745 640 matronis
766 577 861 640 bonae
876 579 950 656 opi·

157 676 269 737 nionis
284 691 324 736 ac
343 673 407 736 lide
427 674 548 750 dignis,
571 690 611 735 ao
630 675 776 752 expertis
794 675 831 736 in
850 691 949 752 opere

157 771 311 848 nuptiali,
331 771 453 833 dictam
470 771 596 832 fecistis
620 771 741 849 inspici
763 772 948 843 mulierem,

158 883 231 945 quae
243 867 482 945 perhibuerunt
490 869 716 930 testimonium
727 868 833 945 ipsam
841 869 951 930 adbuc
1252 879 1288 938 so
1316 877 1449 938 februarii
1471 880 1550 938 liii.

156 965 322 1040 virginem
335 975 542 1042 permaneren
554 964 768 1026 Postmodum
780 979 839 1041 per
850 979 949 1040 pres-

156 1061 320 1138 byterum,
338 1060 377 1122 de
402 1064 496 1138 cujus
516 1061 676 1138 parocbia
700 1061 752 1122 vir
772 1061 951 1138 praedictus
1008 1079 1011 1086 ·

158 1157 278 1238 extitit,
297 1157 423 1220 fecistis
439 1157 617 1235 diligenter
632 1158 758 1235 inquiri
773 1159 884 1220 utrum
898 1158 952 1220 vir
1005 1142 1121 1214 blandai
1138 1151 1166 1201 et
1180 1145 1306 1216 lfaessillii
1320 1151 1351 1202 ut
1361 1143 1558 1202 milesisslfflffl
1572 1145 1620 1216 (1¹¹¹
1636 1144 1795 1218 l⁰⁸⁵⁰⁸⁸i⁰·

156 1255 229 1332 ipse
248 1254 622 1332 aliquamcognovissep
654 1267 716 1316 nec
730 1269 790 1332 pe,
806 1254 952 1332 immisi,
1041 1246 1093 1288 nes
1110 1232 1155 1290 vel
1170 1248 1216 1289 ras
1238 1231 1356 1290 fratrum
1382 1235 1547 1291 monasterii
1571 1235 1683 1292 Sanctae
1705 1231 1801 1292 Crucis

157 1352 282 1417 tionem
316 1352 423 1428 ipsam
453 1351 547 1413 vohis
574 1297 722 1414 θρέψω
751 1351 793 1413 ab
823 1351 949 1418 eodem,
1041 1319 1661 1392 cisterciensiserdinisinvaserier,puplioe
1682 1327 1799 1378 excom·

158 1449 245 1526 Ipsis
258 1449 367 1520 autem
380 1450 453 1512 viro
463 1448 497 1511 et
508 1448 649 1510 muliere
659 1447 851 1526 frequenter
861 1464 953 1510 com·
1041 1416 1243 1466 m⁰⁰¹⁰³¹¹⁰¹¹¹⁸
1253 1410 1572 1520 ”nt⁰¹¹¹¹³,p⁰'⁰⁰¹¹⁸¹¹t'

158 1545 353 1622 parentibus
367 1560 479 1608 coram
493 1545 599 1617 vobis,
616 1560 656 1608 ac
674 1546 814 1606 muliere
828 1545 953 1608 instau-
1046 1543 1214 1604 Honorius
1224 1543 1411 1620 episcopus,
1420 1559 1537 1606 servus
1545 1559 1718 1606 servorum
1726 1544 1798 1612 Dei,

157 1642 210 1704 ter
230 1642 407 1705 divortium
427 1642 630 1718 requirente,
654 1643 688 1704 et
710 1642 841 1704 dicente
865 1642 952 1719 quod
1005 1638 1253 1701 venerabilibus
1275 1639 1434 1702 fratribus
1460 1640 1710 1718 archiepiscopo
1726 1641 1803 1702 Sal·

156 1739 266 1800 mater
300 1754 375 1800 essa
404 1738 547 1811 volebat,
577 1738 613 1800 et
643 1739 731 1801 filios
762 1753 949 1816 procreare,
1004 1734 1203 1812 zeburgensi
1226 1739 1260 1798 et
1287 1737 1510 1813 suffraganeis
1532 1740 1604 1814 ejus
1618 1752 1657 1799 ao
1669 1737 1800 1799 dilectis

156 1835 231 1897 viro
245 1835 357 1898 antem
371 1835 513 1908 dicente,
525 1835 612 1912 quod
627 1837 764 1912 paratus
776 1837 850 1898 erat
863 1835 953 1896 stare
1006 1831 1085 1894 filiis
1098 1832 1291 1907 abbatibus,
1310 1833 1478 1910 prioribus
1498 1833 1532 1896 et
1545 1834 1623 1895 aliis
1638 1834 1802 1897 ecclesie·

158 1933 299 1994 consilio
324 1933 358 1993 et
377 1932 542 1996 voluntati
566 1931 735 2004 Ecclesiae,
757 1931 951 2008 injunxistis
1005 1946 1080 1991 rum
1100 1929 1249 2005 praelatis
1265 1945 1324 2007 per
1346 1929 1641 2006 salzeburgensem
1656 1931 1798 2007 provin-

155 2029 286 2090 eisdem
308 2028 344 2090 ut
364 2028 535 2090 humiliter
556 2029 742 2104 reciperent
760 2030 795 2091 et
814 2027 953 2105 agerent
1006 2026 1092 2088 ciam
1107 2026 1305 2100 constitutis,
1318 2028 1458 2094 salutem
1471 2028 1504 2088 et
1514 2026 1732 2104 apostolicam
1745 2027 1800 2090 be-

156 2126 388 2202 poenitentiam
414 2125 454 2186 de
480 2125 677 2196 commissis,
708 2125 741 2186 et
766 2125 815 2184 sic
838 2123 951 2186 forsan
1006 2122 1241 2185 nedictionam.
1680 2175 1683 2182 ,

157 2222 309 2298 placeret
324 2223 403 2292 Deo,
418 2221 475 2298 qui
488 2220 691 2282 matrimonii
708 2220 771 2282 fuit
782 2221 953 2284 institutor
1046 2217 1121 2281 Non
1136 2219 1261 2297 absque
1276 2220 1390 2283 dolore
1402 2221 1512 2283 cordis
1526 2223 1560 2284 et
1572 2223 1714 2299 plurima
1728 2223 1803 2285 tur-

157 2320 192 2380 et
206 2317 332 2390 auctor,
354 2318 391 2378 ut
409 2333 492 2394 opus
515 2317 720 2379 matrimonii
739 2333 951 2380 consumma·
1006 2313 1140 2378 batione
1162 2317 1348 2392 didicimus,
1379 2319 1465 2396 quod
1496 2319 1543 2382 ita
1569 2319 1605 2380 in
1634 2319 1801 2398 plerisque

156 2416 243 2476 rent.
259 2415 321 2486 Qui
336 2415 410 2490 pest
425 2415 537 2491 plures
557 2415 717 2476 terminos
741 2415 782 2474 ad
805 2416 951 2476 vestram
1006 2413 1155 2492 partibus
1184 2415 1411 2477 ecclesiastica
1432 2432 1575 2478 censura
1605 2418 1801 2480 dissolvitur

156 2511 286 2573 reversi
298 2511 510 2587 praesentiam
526 2527 672 2572 consona
686 2527 768 2573 voce
783 2511 950 2584 dixerunt,
1007 2511 1039 2574 et
1060 2511 1230 2574 canonicae
1244 2513 1416 2574 sententiae
1432 2513 1596 2576 *severitas
1609 2509 1799 2594 enervatur,

159 2608 247 2686 quod
268 2623 335 2670 non
358 2609 511 2685 poterant
529 2609 709 2670 carnaliter
730 2610 950 2682 commisceri,
1007 2608 1042 2669 ut
1069 2607 1134 2670 viri
1150 2607 1299 2685 religiosi
1315 2611 1348 2674 et
1362 2609 1398 2671 bi
1414 2605 1569 2682 maxime,
1592 2613 1648 2688 qui
1670 2627 1729 2688 per
1746 2615 1801 2673 Se·

158 2705 400 2782 propterquod,
418 2705 458 2766 de
468 2705 615 2782 ipsorum
628 2722 804 2778 consensu,
817 2721 952 2768 causam
1007 2705 1057 2765 dis
1067 2706 1264 2782 apostolicae
1275 2707 1452 2784 privilegia
1463 2707 1582 2784 majori
1597 2708 1710 2769 donati
1723 2711 1801 2770 stunt

157 2801 349 2880 husjusmodi
361 2802 549 2879 Apostolico
560 2802 703 2866 duxistis
713 2803 840 2880 judicio
853 2803 952 2864 relin·
1007 2801 1169 2874 libertate,
1182 2801 1307 2879 passim
1321 2819 1342 2864 a
1363 2803 1634 2864 malefactoribus
1655 2806 1728 2865 suis
1741 2807 1799 2865 in-

159 2899 333 2976 quandam.
353 2899 436 2971 Quia
451 2899 553 2975 igitur
568 2898 663 2960 nobis
681 2899 873 2975 scrupulum
889 2899 952 2960 du·
1003 2895 1112 2971 jurias
1134 2896 1321 2958 sustineant
1336 2899 1368 2958 et
1380 2897 1529 2973 rapinas,
1546 2895 1624 2957 dum
1635 2899 1694 2960 vix
1706 2899 1802 2959 inve·

157 2997 329 3060 bitatiouis
345 2996 496 3072 ingessit,
508 2996 595 3072 quod
608 3013 709 3074 quum
721 2997 840 3059 litterae
856 2997 952 3058 dictae
1007 2992 1107 3064 nitur,
1131 2992 1187 3070 qui
1207 3007 1354 3068 congrua
1376 2993 1445 3054 illis
1466 2995 1671 3070 protectione
1686 2995 1802 3058 subve-

158 3093 413 3170 praedeeessoris
440 3093 558 3164 nostri,
586 3108 726 3169 quarum
756 3093 952 3155 auctoritate
1008 3088 1088 3161 niat,
1105 3090 1139 3151 et
1159 3105 1218 3166 pro
1237 3089 1377 3153 fovenda
1397 3106 1580 3169 pauperum
1596 3093 1799 3166 innocentia,

159 3189 195 3250 in
218 3191 293 3267 ipso
314 3191 447 3265 negotio
474 3189 697 3266 processistis,
721 3190 763 3252 ad
786 3206 846 3250 vos
867 3191 950 3252 et...
1006 3200 1043 3248 se
1057 3201 1187 3248 murum
1209 3186 1412 3250 defensionis
1427 3190 1583 3267 opponat.
1606 3190 1802 3267 Specialiter

160 3288 329 3349 cantorem
344 3286 539 3348 ambianen.
554 3286 688 3348 directae
709 3285 844 3359 fuerint,
866 3288 952 3350 sicut
1006 3285 1118 3345 autem
1125 3284 1237 3346 dilecti
1251 3285 1311 3346 fllii
1322 3285 1425 3348 abbas
1435 3289 1468 3349 et
1479 3286 1597 3348 fratres
1608 3289 1802 3350 monasterii

157 3383 256 3446 nobis
274 3399 389 3446 earum
406 3384 504 3444 tenor
523 3383 643 3445 vestris
665 3383 810 3446 insertus
832 3384 952 3446 litteris
1008 3381 1138 3444 Sanctae
1151 3381 1265 3442 Crucis
1281 3383 1511 3446 Cisterciensis
1526 3385 1654 3446 ordinis
1678 3385 1745 3448 mm
1761 3387 1802 3448 de

159 3479 351 3552 declaravit,
372 3495 432 3542 vos
456 3479 491 3539 in
514 3479 677 3551 relatione
701 3479 891 3557 hujusmodi
912 3481 953 3543 de
1007 3477 1235 3555 frequentibus
1261 3479 1407 3556 injuriis,
1431 3482 1585 3558 quamde
1610 3483 1683 3560 ipso
1697 3485 1802 3560 quoti·

1025 643 1077 704 Act
1093 644 1337 706 Eberbordum
1361 645 1655 720 archiepiscopum
1679 645 1797 706 Salae-

1293 741 1508 816 burgensem.

1079 1007 1169 1076 [Wein
1181 1009 1388 1062 Urlruudenbuch
1403 1013 1446 1063 der
1462 1009 1630 1071 (isterciens,
1641 1011 1661 1071 l,
1671 1013 1724 1077 θλ]

159 3577 233 3653 ipso
252 3577 387 3638 cantore
406 3576 533 3636 nullam
554 3575 679 3638 fecistis
698 3577 832 3654 penitus
854 3593 951 3638 men·
1007 3575 1106 3636 diano
1120 3575 1398 3652 defectujustitiae
1410 3581 1804 3655 conquerentesuniver·
1917 3625 1920 3634 ,

157 3673 295 3742 tionem,
325 3673 358 3734 et
388 3671 592 3734 dubitatione
628 3673 817 3750 hujusmodi
843 3675 951 3736 adau—
1007 3671 1138 3734 sitatem
1161 3673 1306 3735 vestram
1320 3673 1441 3735 litteris
1454 3677 1803 3754 petieruntltpostoli-

157 3769 269 3846 gente,
290 3769 376 3847 quod
394 3769 506 3845 sigilla
526 3769 647 3831 vestris
664 3786 812 3846 appensa
831 3770 952 3833 litteris
1005 3769 1056 3830 cis
1082 3769 1233 3841 excitari,
1251 3771 1287 3831 ut
1309 3771 1356 3833 ita
1372 3773 1529 3834 videlicet
1543 3775 1592 3833 eis
1608 3775 1642 3833 in
1659 3775 1803 3836 tribula-

158 3866 393 3944 conspeximus
399 3869 473 3943 jam
485 3866 627 3938 vetusta,
640 3866 810 3942 negotium
821 3868 864 3929 ad
878 3883 950 3940 vos,
1007 3866 1154 3928 tionibus
1183 3867 1254 3928 suis
1286 3869 1402 3929 contra
1429 3869 1659 3932 malefactores
1685 3886 1801 3932 eorum

158 3979 180 4024 a
207 3979 348 4040 quarum
368 3979 436 4024 non
461 3961 558 4025 debet
585 3963 751 4024 excidisse
779 3965 950 4036 memoria,
1008 3964 1158 4040 prompta
1182 3964 1345 4030 deberetis
1371 3967 1645 4042 magnanimitate
1660 3983 1801 4031 consur-

159 4061 271 4122 utrum
304 4076 440 4139 eaquae
471 4061 693 4138 praemisimus
723 4061 797 4122 acta
829 4060 954 4124 fuerint
1005 4075 1097 4136 gere,
1114 4061 1200 4138 quod
1226 4060 1268 4122 ab
1294 4063 1469 4139 angustiis,
1486 4080 1567 4141 quas
1589 4067 1754 4128 sustinent
1768 4067 1802 4129 et

157 4171 272 4218 coram
285 4145 390 4230 vobis,
408 4158 560 4219 utrumve
573 4156 669 4219 nobis
684 4158 813 4220 litteras
823 4157 953 4220 direxe-
1007 4157 1172 4234 pressuris
1182 4159 1292 4221 vestro
1303 4159 1600 4236 possint-praesidio
1612 4163 1799 4240 respiraro;

159 4254 234 4317 ritis
245 4255 458 4330 praenotatas,
472 4253 627 4336 dummus
638 4255 882 4328 remittendum,
893 4271 953 4333 per
1007 4254 1154 4332 ideoque
1169 4256 1380 4319 universitati
1403 4259 1524 4321 vestras
1539 4273 1599 4336 por
1610 4261 1801 4338 apostolica

157 4350 349 4426 apostolica
369 4349 464 4412 vobis
488 4350 611 4427 scripta
635 4351 842 4421 mandantes,
870 4367 953 4429 qua·
1004 4352 1131 4430 scripta
1146 4353 1342 4416 mandamus
1360 4355 1459 4433 atque
1478 4357 1700 4434 praecipimus,
1718 4373 1802 4435 qua·

159 4447 257 4510 tenus
276 4447 305 4507 si
324 4447 471 4510 recolitis
492 4461 563 4508 rem
581 4447 695 4510 taliter
717 4463 753 4510 se
774 4445 898 4510 babere
921 4450 953 4510 et
1005 4449 1103 4511 tenus
1127 4449 1214 4524 illos,
1240 4451 1298 4530 qui
1321 4453 1561 4530 possessiones,
1585 4454 1639 4516 vel
1660 4468 1725 4529 res,
1740 4471 1801 4518 seu

157 4542 253 4605 vobis
268 4543 426 4616 constitit,
450 4543 503 4606 vel
524 4544 633 4606 adbuc
652 4545 839 4608 constiterit
860 4561 951 4622 prae-
1008 4546 1121 4608 domos
1143 4547 1376 4624 praedictorum
1397 4549 1548 4623 fratrum,
1563 4553 1616 4614 vel
1629 4549 1801 4616 bominum

158 4638 245 4701 fatos
270 4641 378 4702 virum
403 4641 438 4704 et
462 4641 637 4702 mulierem
663 4641 751 4705 infra
776 4643 952 4719 praedictos
1007 4659 1153 4717 suorum,
1173 4643 1396 4709 irreverenter
1411 4648 1603 4720 invaserint,
1617 4650 1675 4712 aut
1690 4666 1731 4712 ea
1746 4651 1801 4712 in-

157 4737 234 4798 octo
253 4751 359 4798 annos
379 4753 438 4814 per
459 4738 654 4800 continuum
673 4738 853 4800 triennium
867 4740 953 4802 insi·
1004 4743 1094 4817 jueta
1113 4742 1326 4816 detinuerint,
1352 4760 1426 4820 quae
1449 4744 1616 4822 praedictis
1640 4747 1800 4810 fratribus

156 4832 231 4892 mul
248 4829 428 4905 habitasse,
454 4833 536 4910 ipsis
558 4849 633 4896 cum
655 4835 794 4910 septima
815 4836 954 4912 propin·
1006 4853 1051 4898 ex
1076 4839 1273 4902 testamento
1299 4840 1528 4904 decedentium
1553 4843 1798 4920 relinquuntur,

159 4943 299 5005 quorum
329 4943 431 4990 manu
457 4931 650 5006 ‘jnramento
682 4929 890 4994 firmantibus
916 4949 952 4994 se
1007 4951 1067 4996 seu
1083 4936 1117 4996 ln
1127 4936 1217 5013 ipsos
1230 4935 1351 5000 fratres
1365 4939 1480 5000 contra
1492 4940 1690 5016 Apostollcae
1704 4941 1800 5004 Sedis

159 5025 350 5101 nequivisse
376 5027 558 5088 carnaliter
595 5028 816 5100 commisceri,
842 5029 954 5106 profe-
1006 5031 1135 5094 indulta
1151 5034 1349 5096 senteutiam
1368 5036 1721 5100 excommnuicationis
1742 5043 1802 5103 aut

158 5121 243 5182 ratis
262 5120 397 5200 divortii
417 5123 618 5186 sententiam
638 5124 726 5186 inter
745 5139 814 5187 ecs.
834 5127 952 5189 Datum
1009 5129 1176 5192 interdicti
1203 5133 1475 5209 praesumpserint
1501 5133 1723 5211 promulgare,
1746 5137 1802 5199 vel

156 5219 325 5293 Laterani,
343 5221 372 5281 11
387 5219 520 5282 kalend.
535 5221 659 5294 martii,
675 5235 763 5282 anno
777 5223 882 5285 sento.
1005 5225 1154 5288 decimas
1169 5226 1320 5289 laborum
1335 5228 1376 5290 de
1395 5229 1663 5304 possessionibus
1678 5233 1801 5297 habitis

1006 5323 1085 5383 ante
1098 5323 1281 5386 Concilium
1296 5325 1463 5400 generale,
1477 5343 1559 5404 quas
1575 5330 1719 5405 propriis
1735 5348 1802 5393 ma-

1008 5418 1106 5480 nibus
1129 5421 1186 5481 aut
1207 5421 1391 5498 sumptibus
1416 5423 1582 5496 excolunt,
1602 5442 1661 5488 seu
1688 5429 1801 5490 nutri-

1009 5515 1129 5576 mentis
1160 5515 1320 5592 ipserum,
1337 5519 1457 5594 spretis
1480 5522 1684 5599 apostolicae.
1706 5524 1801 5586 Sedis
1885 5557 1888 5566 2

1009 5612 1798 5698 privilegitsextorquere,monitionepraemissa,

303 5751 416 5797 sareon.
436 5754 511 5797 reus
532 5741 580 5800 lV.
1537 5795 1542 5802 .
1591 5751 1608 5810 t
