4244 6374
915 227 1091 290 HONORII
1115 229 1158 290 ΙΙΙ
1181 231 1330 292 OPERA.

288 223 348 282 587
1875 231 1942 291 588

289 382 445 446 fundator
470 385 502 446 et
530 383 689 461 patronus
717 386 910 449 monasterii
935 387 1079 458 Thalitri‚
1139 404 1251 448 sorum
1269 388 1443 460 molestiis,
1460 388 1616 465 potentiae
1638 389 1703 448 tuae
1723 387 1860 450 dextera
1885 393 1942 450 te-

289 481 416 541 ordinis
442 484 474 544 S.
496 483 676 554 Benedicti,
694 483 790 544 nobis
812 484 983 546 humiliter
1005 501 1084 560 sup-
1138 485 1266 556 nosris,
1292 487 1338 546 ita
1365 486 1451 562 quod
1480 485 1751 562 propitiationem
1787 487 1938 548 divinam

290 577 436 652 plicavit,
451 581 496 650 ut,
510 597 610 656 quum
620 579 707 641 idem
718 583 968 652 monasterium,
981 597 1083 658 prop·
1138 581 1216 642 Inde
1238 582 1397 642 merearis
1419 581 1565 654 uberius,
1580 583 1613 644 et
1627 599 1688 644 nos
1703 584 1939 644 mansuetudi-

289 676 340 735 ter
354 675 619 748 dissolutionem,
636 681 669 739 et
682 679 845 740 malitiam
863 678 1083 741 habitantium
1138 695 1212 738 nern
1235 679 1325 740 tuam
1350 679 1528 740 debeamus
1554 681 1672 740 merito
1690 681 1936 742 commendare.
2026 692 2035 706 ·

290 771 450 834 hactenus
473 776 508 834 in
533 775 659 846 eodem,
684 776 728 838 sit
754 777 836 838 adeo
863 777 1082 844 immutatum,
1139 777 1257 841 Datum
1275 777 1442 848 Laterani,
1466 779 1600 838 ll'nou.
1619 778 1747 852 aprilis,
1771 793 1860 840 anno
1877 795 1941 839 oc-

290 869 375 944 quod
391 870 449 930 vix
464 886 549 930 unus
562 871 609 931 ibi
624 875 833 940 remanserit,
851 875 907 950 qui
922 874 1032 935 ualeat
1048 873 1084 932 in

289 967 362 1042 ipso
377 967 546 1030 celebrare
562 968 685 1041 divina,
708 970 802 1042 illud,
819 972 994 1047 antequam
1008 987 1083 1031 om-

290 1065 370 1124 nino
381 1064 548 1140 depereat,
561 1067 763 1129 monasterio
775 1071 807 1128 S.
820 1069 948 1140 Crucis
962 1069 1085 1128 Cister-

291 1161 414 1222 cIensis
438 1163 576 1235 ordinis
602 1163 721 1242 subjici
748 1164 944 1236 laceremus,
968 1166 1084 1240 parato

291 1259 364 1334 ipso
375 1275 469 1319 suum
481 1260 521 1320 ad
533 1261 566 1320 id
582 1264 741 1336 praestare
756 1278 965 1322 consensum.
979 1265 1085 1334 Quum

291 1355 394 1430 igitur
414 1357 479 1417 loci
499 1357 708 1419 dioecesanus
727 1359 865 1431 existas,
883 1359 1085 1420 fraternitati

291 1453 357 1512 tuae
370 1468 429 1528 per
446 1455 636 1529 Apostolica
647 1456 770 1532 scripta
787 1455 982 1516 mandamus
998 1471 1084 1533 qua-

290 1551 387 1609 tenus
402 1549 592 1627 hujusmodi
609 1551 659 1612 rei
674 1553 934 1614 circumstantiis
950 1553 1086 1629 provide

290 1635 549 1723 circumspectis
580 1648 626 1720 id,
659 1649 688 1709 si
723 1650 881 1726 expedire
907 1649 1084 1716 videbitur,

290 1742 424 1803 studeas
447 1744 641 1821 adimplere,
665 1747 810 1822 proviso,
828 1750 875 1818 ut,
890 1747 919 1806 si
935 1747 992 1824 qui
1011 1746 1087 1808 sunt

290 1839 347 1910 ibi,
362 1840 414 1901 rel
430 1841 594 1916 recipIant
606 1843 838 1903 Cisterciensis
852 1842 981 1904 ordinis
994 1843 1088 1904 insti-

291 1937 373 2007 tuta,
394 1937 447 1997 vel
469 1938 504 1997 in
526 1937 603 1998 aliis
629 1939 842 2000 monasteriis
867 1939 1084 2014 recipiantur.

290 2035 409 2093 Datum
426 2035 593 2102 Laterani,
617 2037 660 2096 IV
683 2051 789 2098 nones
806 2036 936 2113 apriliS,
948 2035 1086 2112 pontiti-

292 2131 385 2190 catus
398 2132 501 2192 nostri
517 2148 607 2192 anno
622 2135 751 2194 octavo.

576 2443 806 2532 CLXXVIII

391 2607 443 2664 Ad
457 2607 633 2666 andream
646 2619 765 2680 repam
779 2607 986 2680 Hunpurioe.

579 2735 596 2792 2
608 2734 706 2806 aprilis
722 2731 800 2792 ruat.

453 2857 544 2921 [Fejen
559 2855 621 2909 Cod.
638 2858 755 2921 delom.,
773 2857 815 2916 III,
830 2872 847 2916 r,
861 2857 927 2921 251]

329 2984 405 3040 Bona
417 2990 445 3038 et
460 2983 657 3039 immunitates
667 2980 788 3040 abbatia
799 2982 835 3039 de
850 2985 942 3054 ligres
955 2989 1053 3040 contre

293 3072 509 3144 impugnatores
523 3070 653 3140 tuendas,
670 3070 793 3128 hudreae
813 3071 875 3143 regi
895 3069 1086 3127 commendet.

334 3204 514 3276 Honorius,
531 3203 607 3275 ete,
622 3203 744 3264 illustri
758 3205 829 3280 regi
844 3205 1037 3280 Hungariee.

326 3302 442 3378 tmpii,
458 3302 544 3362 sicut
556 3315 659 3372 mare,
676 3301 842 3362 ferventes
855 3301 1015 3362 adversus
1030 3317 1089 3362 ec-

295 3399 415 3461 clesias
435 3401 468 3460 et
485 3399 576 3460 viros
599 3398 853 3470 ecclesiasticos,
870 3399 1091 3461 intumescere

296 3512 363 3558 non
377 3495 551 3568 desistunt,
567 3495 809 3572 persecutionis
823 3495 996 3556 diabolica
1011 3511 1092 3557 con-

294 3593 399 3656 tinuis
423 3592 556 3654 flatibus
574 3592 702 3668 agitati,
721 3594 753 3654 et
772 3592 852 3653 illuc
868 3593 1091 3654 turbulentius

299 3693 471 3769 proruunt,
486 3689 543 3750 ubi
559 3705 628 3751 suae
643 3689 780 3751 melitite
800 3705 865 3751 non
882 3690 1091 3752 invenientes

296 3789 471 3866 objectum,
505 3803 578 3849 earn
604 3787 738 3849 valeant
766 3788 909 3864 amplius
937 3787 1089 3849 dilatare.

297 3886 360 3950 Sed
378 3901 477 3965 quum
493 3887 604 3946 aliena
622 3886 689 3947 sint
708 3885 938 3962 compescendi
955 3887 1089 3956 virtute,

295 3986 351 4064 qui
367 4000 428 4044 suo
443 3984 510 4043 sint
526 3983 607 4043 vitio
623 3981 776 4059 inquieti,
793 3982 938 4058 expedit,
955 3985 992 4043 ut
1006 3998 1091 4044 con-

295 4085 347 4144 tra
374 4079 563 4156 superbiam
587 4077 779 4157 iniquorum
804 4079 896 4140 zelus
923 4077 1091 4156 potentum

296 4179 422 4241 obicem
442 4193 478 4238 se
495 4177 650 4252 opponat,
667 4177 724 4252 qui
739 4177 898 4237 correctis
912 4178 1090 4253 perversis,

297 4273 525 4353 pusillanimes
536 4272 736 4334 consoletur.
746 4273 853 4344 Quum
868 4273 991 4349 itaque,
1007 4273 1093 4334 sicut

298 4372 411 4434 dilecti
436 4370 497 4431 tilii
517 4368 619 4430 abbas
639 4369 672 4444 et
695 4371 878 4431 conventus
898 4371 1092 4432 monasterii

298 4471 338 4532 de
357 4472 469 4545 egres,
487 4466 717 4528 cisterciensIs
737 4466 874 4538 ordinis,
893 4467 988 4528 nobis
1011 4484 1092 4543 gra-

1138 873 1233 934 tav0.'

1443 1088 1632 1176 CLXXIX

1200 1241 1248 1298 Ab
1260 1238 1416 1299 abbatom
1430 1239 1463 1298 et
1476 1241 1684 1300 corruentem
1695 1243 1736 1302 de
1751 1245 1874 1318 dures.

1424 1369 1441 1426 Ι
1460 1369 1558 1440 aprilis
1571 1370 1650 1428 tant.

1301 1490 1393 1556 [Fejer,
1408 1491 1469 1540 Cod.
1483 1491 1600 1556 diplom,
1613 1493 1655 1552 III,
1673 1507 1692 1552 r,
1708 1495 1776 1558 252]

1140 1615 1399 1674 Commutationcm
1420 1615 1561 1674 bonorum
1580 1619 1772 1691 interregem
1791 1619 1938 1678 Andreum

1247 1710 1275 1761 et
1291 1712 1463 1762 conventum
1474 1705 1510 1762 de
1524 1709 1614 1778 Egres
1628 1715 1718 1764 ratam
1733 1707 1829 1766 habet.

1181 1831 1360 1899 Honorius,
1377 1829 1489 1892 abbati
1509 1833 1542 1894 et
1563 1833 1742 1895 conventui
1762 1834 1802 1895 de
1822 1837 1937 1910 Egres,

1142 1927 1372 1996 cisterciensis
1387 1928 1526 2000 ordinis,
1543 1931 1606 1990 etc.

1182 2025 1287 2095 Quum
1312 2039 1331 2084 a
1358 2023 1454 2086 uobis
1479 2026 1617 2102 petitur,
1643 2027 1719 2098 ete,
1747 2043 1855 2101 esurie
1881 2044 1940 2089 as-

1143 2136 1256 2182 sensu.
1275 2122 1571 2183 commutationem
1590 2124 1766 2196 intervos,
1784 2141 1827 2186 ex
1844 2127 1939 2202 parte

1143 2233 1221 2287 una,
1244 2219 1277 2280 et
1296 2219 1506 2280 carissimum
1528 2221 1563 2280 in
1584 2221 1714 2283 Christo
1734 2221 1839 2282 tilium
1854 2239 1938 2284 nos-

1142 2315 1229 2377 trum
1244 2318 1282 2376 A.
1300 2315 1464 2377 illustrem
1493 2332 1605 2392 regem
1627 2320 1809 2394 Hungariae
1828 2335 1872 2380 ex
1885 2320 1940 2380 al-

1142 2415 1232 2484 tera,
1264 2427 1365 2489 super
1387 2412 1585 2491 quibusdam
1613 2416 1879 2491 possessionibus
1907 2420 1941 2480 et

1143 2509 1242 2570 rebus
1259 2510 1335 2570 aliis
1350 2510 1391 2571 ab
1409 2511 1524 2572 eodem
1539 2527 1619 2587 rege
1634 2513 1667 2574 iu
1693 2512 1940 2591 eleemosynam

1144 2606 1239 2668 robis
1251 2607 1347 2678 datis,
1365 2609 1463 2684 prout
1478 2609 1513 2668 in
1527 2609 1654 2680 eisdem
1677 2609 1797 2672 litteris
1818 2610 1940 2682 dicitur

1144 2705 1274 2780 plenius
1307 2706 1483 2778 contineri,
1511 2707 1733 2769 mediantibus
1772 2708 1940 2771 nobilibus
2029 2723 2032 2726 ·

1143 2801 1226 2861 viris
1247 2803 1365 2877 Kenag
1383 2803 1416 2864 et
1440 2803 1607 2866 Clemente
1619 2807 1836 2878 contractam,
1854 2807 1942 2870 sicut

1144 2896 1207 2959 rite
1223 2899 1256 2958 et
1273 2898 1411 2974 provide
1426 2898 1513 2960 iacta
1531 2901 1592 2972 est,
1614 2902 1811 2963 auctoritate
1826 2905 1940 2979 Apos-

1143 2995 1245 3056 tolica
1258 2994 1493 3056 confirmamus
1510 3000 1543 3058 et
1553 2999 1728 3074 praesentis
1744 2999 1859 3075 scripti
1873 3015 1940 3076 pa-

1144 3089 1286 3150 trocimo
1311 3091 1563 3151 communimus.
1591 3092 1684 3154 Nulli
1704 3108 1783 3169 ergo
1800 3095 1938 3156 omnino

1145 3185 1316 3260 hominurn
1331 3187 1431 3249 liceat
1446 3188 1532 3249 hanc
1544 3190 1699 3265 paginam
1718 3192 1841 3254 nostrae
1857 3208 1941 3252 con-

1146 3282 1343 3346 firmationis
1360 3285 1554 3361 intringere,
1571 3288 1624 3348 uel
1645 3289 1677 3348 ei
1696 3304 1781 3349 ausu
1795 3289 1942 3350 temera-

1144 3381 1195 3442 rio
1225 3381 1403 3442 contraire.
1435 3384 1469 3444 Si
1497 3384 1571 3460 quIs
1599 3385 1709 3446 eutem
1738 3386 1803 3446 hoc
1829 3386 1942 3447 atten-

1144 3479 1227 3549 tare,
1238 3481 1306 3544 etc.
1318 3479 1436 3541 Datum
1452 3481 1620 3552 Laterani,
1638 3483 1680 3544 IV
1693 3498 1798 3546 nonas
1809 3483 1938 3559 aprilis,

1145 3590 1234 3636 anno
1247 3577 1375 3638 octavo.

1461 3809 1627 3896 CLXXX

1208 3961 1257 4018 Ad
1279 3961 1616 4034 crcllipresbpterum
1639 3963 1746 4024 terrie
1767 3967 1879 4024 Bozae.

1430 4091 1447 4146 ²
1464 4090 1562 4162 aprilis
1578 4091 1657 4148 tarr.

1317 4212 1408 4276 [Fejer‚
1419 4211 1482 4263 Cod.
1498 4213 1616 4278 diplom„
1630 4215 1671 4274 ΙΙΙ,
1685 4229 1704 4274 1,
1715 4215 1782 4280 tot]

1146 4335 1400 4410 Archipreshytero
1415 4346 1497 4396 terrea
1512 4341 1594 4398 Bozae
1607 4341 1804 4398 auctoritatem
1817 4357 1897 4400 sunm
1912 4345 1940 4400 in

1259 4427 1379 4483 clericos
1390 4428 1566 4500 colonosque
1578 4427 1614 4486 de
1629 4431 1718 4487 Bozza
1733 4429 1833 4487 desert.

296 4569 382 4631 vIter
393 4569 470 4628 sunt
482 4563 666 4642 conquesti,
683 4562 779 4624 mulli
794 4565 834 4625 de
848 4564 997 4640 partibus
1012 4564 1090 4637 illis,
1186 4562 1371 4634 Honorius,
1406 4563 1489 4635 ete,
1522 4563 1811 4642 archipresbitero
1842 4566 1941 4628 terrae

294 4669 384 4730 inter
399 4665 548 4725 sanctum
565 4660 597 4722 et
614 4660 789 4738 profanum
804 4662 941 4722 minime
960 4662 1091 4723 discer-
1146 4661 1253 4730 Bozae,
1271 4659 1304 4720 et
1316 4659 1404 4721 ultra
1418 4661 1547 4722 montes
1558 4661 1697 4734 nivium,
1711 4664 1773 4723 etc.

296 4765 423 4834 nentes,
448 4777 508 4822 nec
527 4758 684 4827 contenti,
702 4759 788 4836 quod
806 4758 841 4820 in
859 4757 956 4820 bonis
977 4775 1092 4821 eorum
1188 4756 1347 4817 Gerentes
1363 4756 1403 4816 de
1423 4757 1513 4818 clero
1528 4759 1561 4819 et
1582 4759 1703 4835 populo
1720 4761 1819 4821 terrae
1835 4762 1940 4832 Bozae,

298 4857 782 4941 prodigaliterdebacchantur,
793 4857 907 4917 nisiea
919 4856 1090 4932 diripiant,
1147 4853 1180 4915 et
1195 4853 1281 4914 ultra
1298 4856 1426 4916 montes
1449 4855 1588 4928 nivium,
1606 4856 1764 4932 tanquam
1781 4857 1823 4919 de
1841 4857 1942 4935 spiri·

299 4961 335 5021 ut
349 4958 535 5035 praedones,
550 4955 701 5030 aliasque
715 4954 862 5030 ipsorum
877 4953 1047 5014 libertates
1060 4955 1093 5016 et
1146 4950 1292 5012 tualibus
1318 4951 1413 5012 Sedis
1433 4953 1631 5028 Apostolieae
1657 4953 1747 5026 tiliis,
1762 4971 1877 5016 curam
1909 4956 1943 5017 et

249 5079 254 5087 ·
297 5054 523 5119 immunitates
542 5052 649 5113 tama
675 5049 972 5126 SedeApostolica‚
994 5067 1092 5127 quam
1147 5047 1405 5108 sollicitudinem
1435 5050 1625 5125 specialem,
1651 5053 1684 5112 te
1712 5052 1794 5129 ipsis
1816 5053 1943 5129 praellci

299 5150 537 5230 aprincipibus
550 5149 614 5210 sibi
625 5163 812 5218 concessas,
827 5147 1017 5224 frequenter
1029 5147 1094 5208 im·
1148 5145 1286 5206 lecimus
1300 5143 1336 5205 in
1359 5146 1684 5224 archipresbyterum
1709 5151 1743 5211 et
1766 5150 1940 5223 rectorem,

219 5302 223 5310 ,
299 5249 464 5330 pugnent3
506 5244 721 5306 serenitatem
760 5245 904 5306 vestram
945 5245 1092 5320 rogando
1149 5245 1295 5318 utquum
1309 5243 1942 5319 praeterRoma-numPontitlcemalium

299 5360 482 5416 monemus,
509 5344 542 5403 et
570 5341 742 5402 hortamur
768 5342 903 5413 attente,
930 5342 1092 5418 quatenus
1148 5341 1322 5416 praelatum
1347 5355 1413 5401 non
1437 5341 1595 5414 habeant,
1619 5342 1660 5403 ad
1677 5343 1711 5404 te
1729 5345 1858 5421 possInt
1880 5344 1944 5406 ha-

300 5443 452 5506 ebbatem
489 5441 523 5501 et
549 5441 748 5501 conventum
771 5438 946 5516 praedictos
968 5438 1093 5500 babens
1147 5438 1226 5499 bere
1243 5451 1427 5509 recursum,
1440 5453 1499 5513 pro
1515 5440 1751 5515 quaestionibus
1769 5456 1944 5518 emergen-

301 5539 499 5618 propensius
521 5536 780 5606 commendatos,
804 5535 931 5611 ipsosa
953 5550 1091 5612 perver-
1148 5536 1236 5597 tibus
1272 5535 1360 5597 inter
1393 5549 1471 5606 eos,
1504 5537 1647 5614 aliisque
1682 5538 1848 5610 articulis,
1886 5541 1942 5616 qui
