4244 6374
255 238 315 300 567
870 229 1046 290 HONORII
1067 231 1113 290 111
1134 229 1281 291 ophni.
1837 231 1909 293 568

257 393 354 472 petiit
371 393 459 454 idem
476 389 742 461 archidiaconus
759 387 792 450 et
806 387 1048 452 ordinationem
1103 387 1255 464 gentibus
1268 385 1461 457 omittendo,
1483 389 1550 450 tuae
1571 387 1741 450 reddimus
1757 389 1906 452 celsitu·-

256 489 446 568 hujusmodi
460 487 650 566 Apostollco
679 486 837 548 roborare
866 485 1049 546 munimine
1104 484 1174 544 dini
1187 483 1460 546 commendatum.
1473 487 1561 546 Sane
1570 484 1759 548 firmissime
1768 487 1904 559 teneaS,

261 588 486 663 dignaremur.
499 586 642 662 Ideoque
655 583 850 645 discretioni
857 581 978 644 vestrae
990 595 1050 657 per
1104 581 1137 642 et
1151 581 1341 642 nullatenus
1365 581 1507 654 dubites,
1525 582 1613 658 quod
1624 583 1673 644 sic
1692 599 1754 644 nos
1765 583 1815 644 tui
1830 583 1905 644 ho·-

257 683 447 760 Apostolica
485 683 608 758 scripta
643 681 856 752 mandamus,
886 679 1049 756 quatenus
1105 677 1196 738 noris
1215 678 1249 739 et
1270 678 1484 740 exaltationis
1503 681 1728 754 augmentum,
1748 683 1782 742 et
1802 681 1907 757 regni

259 781 345 858 quod
360 796 461 856 super
474 779 539 839 hoc
552 778 688 855 provide
703 776 826 838 lactum
841 776 891 837 est
903 774 944 836 ab
958 774 1050 851 epis·
1104 774 1153 835 tui
1163 775 1438 852 tranquillitatem
1451 775 1647 839 affectamus
1666 777 1699 838 et
1716 793 1842 855 pacem,
1861 779 1907 839 ut

259 892 341 954 copo
360 877 541 938 memorato
565 875 696 936 faciatis
724 872 963 935 inviolabiliter
986 870 1049 932 ob·
1105 873 1271 932 neminem
1294 872 1410 934 contra
1433 872 1496 934 hoc
1522 877 1718 951 supportare
1743 875 1902 948 velimus,

259 974 399 1046 servari,
429 972 703 1044 contradictores,
730 971 759 1030 si
781 970 838 1047 qui
860 968 984 1029 luerint
998 967 1050 1029 vel
1106 984 1206 1045 quum
1226 969 1335 1046 potius
1356 969 1617 1048 quibuscumque
1640 973 1755 1034 contra
1776 975 1820 1044 te,
1841 973 1907 1033 aut

259 1070 412 1141 rebelles,
428 1085 489 1146 per
502 1083 677 1130 censuram
692 1067 962 1138 ecclesiasticam,
986 1080 1050 1140 ap·
1106 1080 1244 1142 regnum
1258 1068 1352 1129 tuum
1362 1068 1641 1141 machinantibus,
1650 1071 1759 1146 parati
1769 1086 1901 1142 sumus,

259 1167 439 1243 pellatione
453 1165 648 1242 postposita,
669 1163 917 1239 compescendo.
933 1162 1052 1223 Datum
1105 1163 1263 1241 tanquam
1276 1164 1316 1224 de
1329 1165 1443 1226 nostro
1458 1167 1596 1241 agerent
1615 1167 1799 1244 dispendio,
1820 1167 1902 1229 eiti-

259 1262 427 1336 Laterani,
444 1265 488 1324 IV
500 1262 575 1324 idus
589 1260 761 1332 februarii,
779 1275 866 1320 anno
882 1259 1009 1320 octavo.
1107 1261 1231 1322 caciter
1250 1261 1396 1322 obviare.
1414 1262 1507 1323 Unde
1523 1264 1698 1326 carissimo
1718 1265 1753 1325 in
1769 1266 1903 1328 Christo

1108 1356 1177 1418 lilio
1193 1365 1306 1420 nostro
1318 1359 1405 1422 Belae
1419 1361 1502 1438 regi,
1520 1362 1598 1423 nato
1612 1362 1681 1434 tuo,
1693 1363 1816 1439 scripta
1825 1379 1904 1426 nos·

1108 1454 1293 1530 dirigimus,
1315 1457 1351 1518 ut
1367 1473 1402 1518 se
1416 1459 1477 1520 tibi
1496 1459 1601 1520 lilium
1623 1459 1776 1521 devotum
1799 1461 1904 1521 exhi-

1106 1551 1159 1612 tra
1174 1552 1259 1625 beat,
1272 1555 1305 1616 et
1314 1554 1349 1614 in
1364 1555 1456 1616 nullo
1471 1571 1491 1618 a
1506 1556 1601 1618 liliali
1617 1572 1652 1618 se
1667 1558 1856 1620 reverentia
1867 1559 1905 1620 et

1108 1648 1283 1710 devotione
1303 1650 1474 1724 subducat,
1496 1655 1690 1730 provisurus
1705 1656 1842 1728 attente,
1857 1672 1902 1716 ne

1109 1746 1284 1808 occasione
1311 1763 1383 1820 sua,
1408 1750 1462 1810 vel
1491 1765 1617 1820 eorum,
1641 1752 1697 1828 qui
1723 1768 1798 1813 cum
1824 1753 1901 1830 ipso

1109 1844 1291 1915 morantur,
1308 1859 1447 1920 regnum
1462 1848 1819 1925 contingatHungariae
1830 1865 1905 1926 per-

1108 1939 1247 2000 turbari.
1275 1941 1455 2003 Scribimus
1480 1945 1581 2006 etiam
1596 1946 1802 2008 morantibus
1824 1963 1902 2008 cum

1109 2033 1234 2108 eodem,
1250 2037 1285 2098 ut
1300 2037 1341 2097 ed
1355 2038 1562 2102 devotionem
1572 2042 1663 2103 tuam
1678 2043 1828 2119 praedicti
1840 2043 1903 2104 tilii

1108 2131 1158 2193 tui
1184 2134 1331 2194 animum
1359 2137 1587 2211 accendentes,
1615 2139 1700 2200 nihil
1729 2139 1794 2202 sibi
1818 2157 1902 2202 sua-

597 1551 716 1640 CLIV

219 1705 229 1716 *
298 1707 351 1766 Ad
364 1706 560 1778 episcopum
571 1706 742 1777 quondam
751 1701 1011 1762 Mimotcnscm.

544 1833 575 1889 ll
593 1833 687 1890 martii
699 1831 778 1890 llil.

276 1959 396 2022 [liegest.,
406 1958 452 2008 lib.
465 1958 532 2018 vill,
542 1941 618 2022 epist.
628 1955 684 2006 234.
695 1957 753 2006 lise.
767 1957 804 2006 La
813 1955 891 2004 Porta
901 1953 936 2002 du
947 1951 1040 2014 Tacit]

262 2082 296 2138 lii
308 2079 439 2138 concedit
452 2087 484 2137 nt
502 2095 567 2137 cum
583 2077 792 2154 pontificalibus
811 2076 944 2150 insigniis
959 2074 1054 2132 divine

474 2168 567 2226 olilcia
587 2168 730 2225 celebrare
741 2167 841 2239 possit.

303 2293 483 2366 Honorius,
496 2295 571 2366 etc,
585 2291 769 2354 venerabili
784 2290 880 2352 fratri
895 2291 948 2350 W.
961 2288 1054 2364 epis·

266 2407 348 2467 copo
362 2391 526 2466 quondam
537 2389 737 2450 Mimatensi.

305 2489 412 2558 Quum
422 2485 626 2564 episcopatui
635 2484 825 2547 Mimatensi
839 2483 957 2560 sponte
978 2497 1055 2543 ces-

266 2583 661 2660 saris,episcopaliordini
670 2582 860 2644 cederenon
869 2580 1055 2650 intendens,

264 2679 482 2743 fraternitatis
497 2681 561 2742 tuae
573 2679 726 2756 precibus
742 2667 898 2740 inclinati
914 2691 1058 2754 praesen·

264 2778 347 2840 tium
368 2778 429 2839 tibi
457 2777 656 2839 auctoritate
677 2775 899 2848 concedimus,
922 2775 958 2835 ut
982 2789 1057 2834 cum

265 2876 414 2952 episcopi
435 2875 615 2936 dioecesani
637 2872 771 2934 licentia
787 2889 861 2934 cum
878 2870 1057 2948 pontifica-

266 2971 353 3032 libus
381 2972 488 3048 possis
512 2971 669 3046 insigniis
699 2969 812 3030 divina
836 2968 947 3030 officia
969 2967 1059 3029 cele-

265 3067 375 3129 brare.
400 3068 493 3129 Nulli
516 3083 606 3143 ergo,
634 3067 710 3138 etc,
732 3067 855 3127 nostrae
870 3065 1060 3126 concessio-

266 3164 330 3236 niS,
353 3165 415 3225 etc.
441 3165 476 3225 Si
496 3165 570 3241 quis
594 3163 716 3235 autem,
730 3163 795 3228 etc.
822 3161 942 3222 Datum
958 3161 1058 3222 Lete-

266 3261 352 3332 rani,
369 3263 413 3323 IV
425 3261 499 3321 idus
521 3260 645 3332 martii,
662 3274 750 3320 anno
766 3259 892 3321 octavo.

617 3533 714 3621 dlv

366 3687 419 3747 Ad
433 3688 610 3746 Andrcom
623 3697 743 3759 repcm
761 3683 968 3759 Hunpartoe.

543 3815 577 3871 ll
593 3813 687 3871 martii
701 3811 780 3869 llil.

430 3939 521 4002 [Fejer.
532 3937 593 3990 Cod.
607 3936 725 4002 diplom,
741 3935 783 3993 lll,
799 3949 817 3993 l,
834 3932 902 3998 dab]

269 4067 330 4134 Quo
346 4064 456 4121 taedius
467 4061 621 4129 andream,
637 4075 736 4134 regem
759 4059 929 4131 ilungariae,
947 4055 983 4114 ad
997 4053 1060 4113 oili·

304 4153 380 4208 cium
413 4151 501 4224 petris
530 4156 655 4218 revocet,
684 4147 841 4219 benignum
869 4146 909 4202 illi
936 4143 985 4201 dat
1006 4158 1063 4201 res·

305 4254 437 4312 pensum.

309 4363 477 4425 Honorius
489 4362 676 4437 epiecopus,
687 4357 1063 4428 servusservorumiiei,

271 4459 444 4523 carissimo
479 4458 514 4518 in
547 4457 676 4518 Christo
725 4455 806 4527 lilio,
842 4455 964 4516 illustri
993 4453 1065 4528 regi

1111 2230 1222 2304 deant,
1254 2231 1403 2310 nihilque
1432 2233 1549 2328 lacere
1585 2236 1650 2314 ipsi
1687 2238 1901 2314 praesumant,

1111 2328 1198 2389 unde
1212 2330 1338 2390 moveri
1354 2331 1485 2404 debeas,
1502 2333 1535 2394 et
1548 2334 1643 2409 regni
1653 2334 1703 2395 tui
1717 2335 1905 2411 tranquilli·

1111 2426 1162 2485 tas
1177 2425 1397 2502 perturbetur.
1421 2429 1582 2500 Quocirca
1596 2431 1827 2494 excellentiam
1842 2447 1903 2492 re-

1111 2523 1200 2598 giam
1226 2541 1397 2586 monemus
1422 2529 1455 2588 et
1478 2527 1799 2602 hortamurattente,
1817 2546 1904 2607 qua-

1111 2620 1207 2681 tenus
1223 2622 1374 2683 eumdem
1389 2623 1503 2684 natum
1518 2625 1622 2697 tuum,
1640 2627 1696 2702 qui
1710 2626 1750 2688 ad
1760 2629 1902 2704 tempus,

1112 2733 1179 2778 non
1201 2719 1312 2780 tamen
1330 2720 1385 2781 tua
1399 2719 1520 2782 dicitur
1534 2723 1675 2784 cessisse
1691 2723 1800 2800 culpa,
1817 2724 1906 2786 sicut

1112 2816 1198 2877 tanti
1223 2815 1312 2891 regis
1336 2816 1429 2878 decet
1447 2818 1563 2890 lilium,
1586 2819 1620 2880 et
1644 2819 1822 2892 haeredem,
1839 2821 1904 2882 be-

1113 2913 1212 2989 nigne
1228 2928 1267 2974 ao
1282 2913 1420 2975 honeste
1436 2915 1569 2976 studeas
1582 2917 1802 2993 pertractare3
1815 2933 1902 2990 cum,

1114 3009 1144 3068 si
1169 3024 1264 3069 secus
1293 3008 1405 3082 lieret,
1428 3011 1581 3072 nonnulli
1603 3013 1757 3088 putarent
1782 3013 1903 3090 displi-
1968 3024 1971 3030 ’

1115 3106 1223 3167 cuisse
1239 3105 1309 3178 tibi,
1327 3107 1412 3183 quod
1426 3106 1512 3168 idem
1526 3108 1614 3169 lilius
1627 3111 1704 3172 tuus
1720 3110 1809 3172 circa
1825 3125 1905 3171 uxo·

1113 3203 1161 3264 ris
1183 3219 1251 3263 suae
1275 3203 1497 3279 receptionem
1521 3206 1685 3268 mandatis
1705 3207 1904 3284 Apostolicis

1116 3299 1270 3362 obedivit.
1298 3302 1416 3362 Datum
1440 3303 1607 3375 Laterani,
1621 3306 1664 3366 Ν
1683 3303 1758 3366 idus
1780 3305 1902 3377 martii,

1116 3397 1324 3474 pontificatus
1335 3399 1441 3460 nostri
1455 3416 1542 3462 anno
1558 3403 1685 3464 octavo.

1452 3695 1569 3782 CLVI

1150 3843 1202 3903 Ad
1215 3845 1341 3905 noddcs
1351 3846 1447 3906 viros
1458 3845 1493 3906 et
1505 3849 1591 3906 ullos
1601 3860 1680 3907 cum
1694 3849 1778 3910 Belo
1791 3861 1873 3924 repe

1379 3944 1643 4004 conzmorantes.

1388 4071 1421 4128 {3
1438 4072 1531 4128 martii
1546 4073 1624 4132 1224.
1644 4064 1654 4081 ⁸

1185 4259 1188 4267 Ι
1241 4192 1331 4258 [Fejen
1346 4192 1408 4247 Cod.
1422 4194 1567 4260 diplomat,
1581 4197 1623 4255 lil,
1641 4209 1697 4260 1,p.
1712 4195 1780 4262 ido]

1119 4317 1192 4374 liele
1210 4319 1290 4391 regis
1312 4319 1341 4375 in
1355 4319 1468 4378 Austris
1481 4321 1601 4378 comites
1617 4335 1633 4378 a
1649 4321 1906 4380 seminandisinter

1190 4414 1310 4480 patrem,
1331 4416 1360 4466 et
1376 4408 1464 4466 fllium
1483 4409 1632 4468 discordiis
1647 4409 1823 4469 dehortatur.

270 4557 462 4634 Hungariae,
479 4549 1066 4630 salutemetApostolicambenedic-
1159 4541 1337 4614 Honorius,
1368 4543 1443 4616 etc,
1471 4543 1639 4605 nobilibus
1658 4545 1752 4618 viris,
1777 4545 1810 4606 et
1834 4544 1905 4606 aliis

270 4656 405 4718 tionem.
1120 4664 1194 4709 cum
1201 4645 1279 4707 Bela
1290 4659 1379 4719 rege,
1388 4643 1464 4704 nato
1475 4641 1682 4702 carissimiin
1693 4641 1823 4702 Christo
1837 4642 1905 4714 tilii,

281 4726 287 4738 ’
312 4757 378 4814 Per
400 4751 555 4814 dilectum
584 4748 690 4810 fllium
714 4751 765 4820 Ι).,
792 4745 1065 4808 archidiaconum
1120 4745 1209 4820 regis
1236 4741 1416 4816 Hungariae
1437 4737 1589 4811 illustris,
1618 4738 1904 4799 commorantibus.

273 4851 313 4912 de
338 4849 470 4922 Sirmio,
499 4848 607 4909 virum
629 4844 803 4923 providum
826 4845 860 4905 et
874 4843 1063 4912 discretum,
1160 4843 1230 4902 Nec
1245 4837 1420 4900 carissimo
1434 4834 1907 4897 inchristotilionostchelae

272 4948 463 5012 serenitatis
477 4947 543 5008 tuae
559 4944 745 5020 recepimus
770 4941 909 5012 litteras,
927 4955 1066 5016 quarum
1121 4925 1203 5014 regi,
1229 4936 1306 4997 nato
1333 4933 1498 4994 carissimi
1522 4932 1558 4992 in
1579 4931 1709 4993 Christo
1725 4930 1786 4992 lilii
1806 4931 1907 4993 nostri

273 5031 525 5116 continentiam,
547 5043 580 5104 et
594 5041 679 5119 quod
702 5040 789 5100 idem
812 5037 1066 5098 archidiaconus
1121 5034 1260 5095 illustris
1283 5032 1372 5107 regis
1395 5029 1586 5104 Hungariae,
1607 5043 1668 5090 nec
1693 5027 1788 5090 vobis
1812 5029 1907 5090 etiam

273 5141 395 5204 nobilis
410 5155 454 5200 ex
468 5141 561 5216 parte
571 5140 629 5201 tua
642 5136 826 5215 proposuit,
841 5133 1066 5196 intelleximus
1122 5129 1303 5209 expediret,
1312 5129 1342 5188 si
1354 5127 1462 5189 dictus
1475 5125 1554 5187 Bela
1565 5126 1651 5202 patri
1664 5141 1725 5186 suo
1737 5125 1906 5186 indevotus

268 5238 462 5316 diligenter.
484 5235 649 5312 imprimis
663 5236 777 5310 itaque
792 5232 1066 5294 archidiaconum
1122 5226 1292 5298 existeret,
1331 5227 1365 5286 et
1386 5239 1406 5285 a
1429 5223 1616 5285 reverentia
1631 5223 1664 5283 et
1688 5221 1862 5283 devotione
1876 5237 1908 5282 se

274 5330 1068 5413 ipsumcircumspectu,etdiligentiacumsuper
1123 5324 1320 5386 subduceret
1354 5321 1460 5382 filiali.
1490 5319 1594 5382 Nobis
1623 5319 1765 5396 denique
1795 5319 1908 5380 merito

274 5433 426 5494 omnibus
442 5432 504 5494 ate
517 5428 580 5490 sibi
593 5428 779 5489 commissis
795 5425 948 5497 sollicite,
961 5423 1069 5484 tideli-
1122 5420 1324 5497 displiceret,
1333 5416 1445 5495 siquid
1453 5413 1909 5493 pereumdemBelamvelper

273 5531 378 5592 ierac
393 5527 572 5608 prudenter
589 5525 758 5598 institerit,
779 5523 864 5585 nihil
877 5523 917 5584 de
932 5520 1067 5583 contin·
1122 5535 1182 5581 vos
1206 5519 1309 5590 tieret,
1333 5516 1420 5577 unde
1434 5513 1529 5589 regni
1545 5514 1726 5588 Hungariae
1742 5511 1905 5588 tranquil-
