4262 6382
184 265 243 326 ‘iat
802 263 1030 330 EPISd'Offl.
1053 265 1132 344 uta.
1155 267 1210 342 IX.
1632 215 1637 224 Ι
1728 273 1733 283 “
1760 269 1825 332 ’798

172 423 322 486 serimus
347 425 555 502 potestatem,
585 425 634 488 stc
660 421 793 488 studeas
817 441 878 504 pro
896 429 973 504 iure
1027 423 1381 500 statuatis,ziacientes,
1408 425 1470 488 etc.
1495 425 1619 500 aestu.
1640 425 1822 500 etc-Quod

177 519 283 596 ipsius
298 522 393 596 repis
409 524 539 598 Angliae
555 522 795 592 oonseruando,
812 522 897 599 quod
920 523 974 586 di·
1028 523 1056 584 si
1071 537 1139 584 non
1152 537 1276 594 omnes,
1290 522 1356 584 etc.
1371 522 1492 584 batum
1507 525 1675 596 Laterani,
1695 527 1743 588 lll
1758 523 1822 584 ka-

174 617 350 692 ligantiam
370 619 408 680 et
436 620 692 682 sollicitudinem
730 620 820 680 tuam
854 619 972 680 merito

177 715 409 786 commendare
424 717 645 792 possimus-et
654 715 742 776 idem
754 715 971 777 rex-debitum

178 812 212 872 et
226 813 393 888 speratum
408 813 443 873 in
457 813 648 890 Apostolioa
669 812 752 874 Sede
777 812 972 888 presidium

178 922 215 968 se
228 908 372 982 gaudeat
387 909 567 970 invenisse.
594 909 715 972 ilatum
735 909 907 980 Laterani,
926 910 973 970 III

178 1003 247 1065 kal.
259 1005 382 1078 martii,
392 1021 487 1068 anno
501 1020 602 1068 nono.

180 1448 231 1512 aa
255 1450 483 1524 prepositum
512 1449 546 1509 et
572 1449 751 1509 cantorem
776 1447 810 1509 S.
832 1450 970 1515 Martae,

98 1592 103 1604 ,
215 1547 249 1607 et
287 1545 498 1620 magristrum
533 1545 744 1616 Michcetem,
768 1547 972 1606 cononicam

215 1644 258 1704 it..
282 1643 414 1704 Nicotct
436 1642 687 1702 Ambtaacasts.

432 1781 470 1838 ti
481 1777 619 1857 delituerit
632 1780 711 1838 itit.

209 1913 330 1976 [Ιὶεςοεῐη
340 1911 386 1963 lib.
397 1912 442 1972 IX,
452 1912 529 1978 epist.
538 1911 591 1964 198.
605 1914 663 1963 llas.
672 1913 713 1962 *La
724 1912 799 1962 Parte
808 1911 843 1962 tln
855 1911 949 1973 mett]

178 2036 293 2096 Mandat
307 2037 350 2093 eis
368 2042 399 2092 ut
412 2036 531 2094 clericos
553 2035 691 2107 quosdam
707 2036 755 2107 qui
771 2035 918 2105 eeclesias,
936 2034 972 2092 ad

213 2124 307 2182 Sancti
322 2123 439 2184 vedasti
458 2123 654 2181 atrebatensis
680 2125 885 2180 monasterinm
908 2137 971 2195 per-

212 2213 343 2281 tinentes,
362 2211 572 2282 deserviebant,
589 2210 625 2269 ad
653 2226 753 2268 sacros
766 2211 881 2269 ordines
896 2211 968 2268 reci-

212 2299 332 2374 piendos
346 2307 462 2372 cogant.

218 2445 395 2516 Honorius,
416 2444 491 2517 etc,
508 2441 637 2505 dilectis
651 2442 728 2503 tiliis
749 2444 926 2519 praeposito
939 2445 973 2504 et

179 2540 308 2602 cantori
322 2541 450 2602 Sancta
458 2541 585 2612 lilariae,
596 2539 968 2624 etmagistroMichaeli,

166 2638 339 2700 *canonino
367 2637 479 2700 Sancti
500 2638 633 2699 Nicolai
651 2637 894 2709 ambianensis,
916 2653 972 2699 sa·

173 2736 291 2807 »rotem
305 2737 375 2796 ‘eta

216 2835 266 2892 Ex
292 2833 422 2908 parte„
448 2830 576 2892 abbatis
592 2833 624 2892 et
647 2831 831 2892 conventus
856 2830 972 2891 Sancti

178 2929 315 2991 vedasti
334 2927 562 2990 atrebatensis
586 2926 682 2989 nohis
702 2927 752 2988 est
766 2926 876 2989 oblata
890 2942 972 3004 que-

179 3026 261 3096 rela,
279 3025 454 3102 quodcum
474 3026 513 3084 Α.
534 3024 567 3084 et
590 3023 787 3099 quibusdam
811 3023 888 3084 aliis
903 3024 973 3086 cle·

179 3123 259 3182 ricis
284 3121 443 3198 quasdam
465 3121 667 3182 contulerint
689 3121 898 3196 parochiales
911 3136 971 3182 ec·

178 3220 298 3282 clesias
322 3219 525 3295 pertinentes
550 3216 590 3278 ad
617 3218 718 3293 ipsos,
734 3216 834 3280 iidem
858 3217 972 3278 clerici

178 3317 219 3380 ad
247 3317 380 3378 ordines
410 3331 492 3392 quos
518 3315 668 3377 ecclesiae
687 3315 774 3390 -ipsae
798 3313 973 3391 requirunt

178 3430 239 3491 pro
255 3429 315 3478 suo
328 3412 484 3474 recusant
498 3411 636 3473 arbitrio
647 3411 853 3487 promoveri,
871 3427 973 3488 prop-

176 3512 228 3573 ter
243 3511 328 3588 quod
345 3510 468 3572 eaedem
484 3509 634 3570 ecclesiae
657 3508 776 3569 debitis
803 3509 971 3588 obsequiis

177 3609 424 3670 defraudantur.
441 3606 697 3683 Quarepraeiati
711 3605 816 3667 abbas
838 3608 872 3666 et
891 3621 974 3668 con·

177 3707 295 3770 ventus
308 3705 475 3782 provideri
491 3703 732 3780 superhocper
745 3703 862 3764 Sedem
873 3707 973 3779 Apos-

177 3804 313 3864 tolinam
336 3802 520 3879 petierunt,
546 3789 699 3878 quoduel
715 3800 756 3860 ad
782 3799 973 3877 hujusmodi

178 3900 311 3962 ordines
326 3901 592 3976 ‚promoveantur
629 3897 744 3960 clerici
776 3897 970 3974 supradicti,

177 3997 242 4069 vel,
260 3995 359 4056 ideis
385 3995 623 4067 omittentibus,
639 3994 836 4056 anctoritate
857 3994 972 4057 nostra

177 4092 242 4174 ipsi
270 4091 415 4153 habeant
441 4091 630 4153 facultatem
657 4091 789 4152 easdem
813 4091 972 4153 ecclesias

179 4190 255 4252 eliis
279 4189 432 4266 personis
452 4188 594 4256 idoneis,
611 4187 781 4263 quaeipsis
797 4187 833 4248 in
850 4187 972 4249 talibus
1083 4249 1090 4261 ,

1027 619 1143 682 landas
1158 620 1280 693 martii,
1291 635 1384 684 anno
1393 635 1494 683 nono.

1277 999 1279 1004 t
1358 895 1487 982 ,ucri

1126 1046 1486 1120 dearchiepiscopare
1507 1047 1721 1108 Remeasem.

1289 1175 1324 1232 27
1334 1173 1468 1234 februarii
1482 1175 1561 1233 lats.

1013 1349 1016 1354 .
1049 1297 1174 1362 idapem„
1184 1297 1229 1350 lib.
1241 1297 1286 1358 iit,
1294 1297 1368 1362 epist.
1380 1299 1435 1352 tiit.
1448 1300 1683 1352 dissuasorem
1698 1300 1792 1366 siah]

1070 1419 1191 1480 blandai
1205 1421 1275 1478 siut
1288 1422 1444 1494 capitulum
1453 1421 1641 1496 disponense
1650 1424 1777 1498 animans

1217 1509 1252 1567 ed
1263 1524 1347 1570 snam
1360 1511 1632 1571 tmetemnsereeat.

1067 1633 1245 1705 Honorius,
1260 1636 1321 1697 etc.

1064 1730 1275 1792 Venerabilis
1301 1731 1405 1794 irater
1427 1733 1548 1794 noster
1550 1776 1610 1793 .....
1645 1731 1820 1810 episcopus
1870 1755 1899 1808 ·,

1021 1829 1259 1903 lingonensis,
1271 1829 1366 1890 nobis
1383 1829 1561 1891 insinuare
1577 1829 1718 1902 curavit,
1733 1832 1821 1908 quod

1027 1927 1158 2002 qnando
1183 1927 1345 2002 contingit
1366 1927 1508 2003 injurias
1530 1927 1647 1988 inferri
1677 1927 1821 2004 capitulo

1027 2023 1247 2098 Lingonensi‚
1271 2022 1349 2084 licet
1378 2023 1451 2098 ipse
1475 2027 1611 2099 paratus
1635 2025 1678 2085 sit
1698 2025 1821 2086 *contra

1026 2120 1242 2196 injuriatores
1269 2120 1416 2196 ipsorum
1445 2121 1639 2182 canonicam
1664 2135 1821 2182 exercere

1027 2231 1215 2289 censuram,
1239 2217 1304 2292 ipsi
1323 2231 1532 2294 nequaquam
1548 2233 1588 2278 eo
1602 2218 1748 2278 contenti
1763 2233 1821 2278 re-

1027 2312 1162 2389 quirunt
1190 2312 1231 2373 ab
1256 2313 1328 2388 ipso
1358 2313 1512 2393 episcopo
1530 2314 1566 2374 ut
1585 2329 1740 2389 guerram
1755 2330 1823 2375 mo·

1026 2399 1102 2480 reat
1120 2411 1240 2472 ·contra
1258 2424 1327 2482 eos,
1346 2410 1518 2486 quodnisi
1536 2409 1671 2482 decedit,
1689 2413 1822 2473 cessent

1027 2509 1183 2569 continno
1201 2507 1365 2579 edivinia,
1376 2508 1415 2568 in
1429 2511 1500 2585 ejus
1516 2508 1673 2584 injuriam
1686 2509 1722 2569 et
1736 2523 1821 2569 con-

1025 2605 1196 2680 temptum.
1234 2605 1394 2675 Quocirca
1431 2605 1638 2666 fraternitati
1671 2608 1738 2666 tuae
1755 2621 1823 2682 -per

1026 2701 1214 2776 Apostolica
1250 2701 1374 2776 scripta
1400 2701 1617 2772 mandamus,
1656 2702 1820 2778 quatenus

1027 2797 1223 2858 auctoritate
1239 2799 1353 2858 nostra
1367 2797 1520 2858 inhibeas
1535 2797 1680 2874 capitulo
1696 2814 1820 2874 supra-

1027 2893 1125 2961 dicto,
1153 2909 1195 2957 ne
1223 2893 1397 2954 occasione
1428 2894 1618 2971 huiusmodi
1645 2909 1664 2954 a
1698 2895 1821 2956 divinis

1027 3006 1158 3052 cessare
1173 2993 1376 3067 praesumant
1392 2991 1535 3051 masime
1548 2991 1583 3050 in
1599 2993 1822 3068 contemptum

1027 3088 1174 3164 episcopi
1197 3087 1389 3164 supradicti,
1407 3103 1464 3148 eos
1491 3088 1520 3148 si
1540 3088 1823 3168 contraprohibi-

1027 3185 1151 3246 tionem
1169 3185 1258 3246 tuam
1280 3185 1396 3246 venire
1411 3185 1692 3261 praesumpserint,
1712 3186 1824 3246 taliter

1028 3282 1069 3342 ad
1094 3282 1263 3358 querelam
1287 3281 1393 3358 ipsius
1417 3283 1566 3358 episcopi
1582 3283 1695 3343 nostra
1711 3283 1823 3343 'iratus

1028 3379 1236 3452 auctoritate,
1264 3394 1325 3455 per
1349 3395 1524 3440 censuram
1549 3379 1821 3452 ecclesiasticam,

1027 3475 1163 3551 cognita
1183 3476 1337 3547 veritate,
1361 3477 1539 3552 castigans
1564 3475 1650 3552 qnod
1671 3475 1757 3536 alias
1772 3477 1825 3536 at·
1870 3508 1872 3512 ·

1027 3575 1155 3635 tentare
1180 3573 1302 3634 similia
1328 3573 1554 3635 reformident.
1580 3575 1701 3634 Datum
1724 3574 1824 3635 Late·

1026 3671 1113 3742 rani,
1130 3672 1177 3730 Ill
1192 3669 1352 3734 kalendas
1369 3671 1491 3742 martii,
1507 3685 1594 3731 anno
1608 3685 1707 3731 nono.
1749 3683 1752 3690 ·

1108 4095 1160 4154 Art
1182 4094 1476 4166 archiepiscopum
1497 4094 1741 4156 senonensem.

1286 4225 1321 4280 27
1334 4222 1469 4282 februarii
1484 4223 1562 4281 1225.

179 4287 350 4348 ordinibus
367 4286 526 4358 serviant,
543 4283 746 4346 conserendi.
766 4285 846 4346 Cum
862 4285 972 4346 autem

178 4386 285 4461 magis
298 4385 341 4445 sit
355 4382 595 4460 providendum
604 4381 766 4453 ecclesiis,
784 4397 974 4457 quamper-

179 4484 284 4554 sonis,
321 4478 515 4542 discretioni
546 4479 666 4542 vestrae
690 4494 750 4555 per
782 4478 973 4554 apostolica
1029 4471 1160 4544 indulget
1183 4477 1214 4529 nt
1227 4470 1419 4530 visitationem
1442 4471 1477 4530 ad
1496 4472 1599 4530 Sedem
1618 4474 1823 4544 apostolicam,

179 4581 303 4657 scripta
338 4576 549 4649 mandamus,
579 4577 758 4654 quatenus,
786 4577 815 4636 si
841 4577 891 4638 est
913 4575 971 4648 ita,
1063 4561 1238 4634 quamcirca
1261 4560 1363 4618 testum
1385 4562 1597 4634 assumptionis
1614 4561 1825 4633 exjuramento

178 4675 450 4738 eisdemclericis
463 4675 505 4736 ad
516 4675 660 4736 vestram
670 4673 882 4749 praesentiam
892 4689 975 4734 con,
1063 4665 1115 4707 sun
1130 4649 1279 4707 tenebatur
1294 4647 1399 4718 lacere,
1424 4647 1459 4706 ad
1473 4647 1577 4706 festum
1595 4650 1759 4706 Natiuitatis
1783 4665 1825 4706 re-

177 4773 315 4843 vocatis,
341 4773 374 4834 et
402 4771 487 4849 quod
514 4771 698 4847 suscipiant
725 4769 859 4831 ordines
891 4785 973 4846 quos
1063 4737 1166 4797 mmm·

178 4870 351 4947 requirunt
365 4867 515 4930 ecclesiae
527 4870 730 4936 memoratae,
741 4866 974 4929 admonitisdi-
1067 4863 1246 4935 Honorius
1261 4863 1336 4934 etc,
1350 4859 1535 4922 venerabili
1550 4859 1686 4922 fratri...
1703 4863 1820 4923 archi-

172 4967 331 5044 ,ligentem
351 4967 380 5026 si
394 4981 461 5026 non
473 4964 702 5041 acquieverint
715 4964 768 5024 illi
788 4963 894 5030 vobis,
911 4980 973 5024 sn·
1029 4962 1184 5038 episcopo
1201 4959 1396 5030 senonensi,
1414 4958 1554 5019 salutem
1566 5002 1573 5028 ,
1587 4958 1649 5019 etc.

179 5081 238 5142 per
265 5064 471 5142 promotione
508 5061 706 5122 clericorum
739 5062 887 5138 ipsorum
915 5076 974 5121 seu
1067 5056 1261 5134 Exposuisti
1276 5072 1336 5133 per
1357 5056 1492 5119 nuntios
1512 5054 1697 5116 tuosnohis
1718 5055 1826 5118 inre-

180 5177 337 5222 concessa
365 5159 533 5238 praedictis
565 5156 722 5220 facultate
749 5159 862 5235 petita,
887 5156 974 5234 qnod
1029 5156 1180 5231 ceptione
1208 5153 1301 5230 pallii
1327 5154 1359 5214 te
1381 5155 1534 5228 jurasse,
1564 5152 1650 5228 quod
1683 5151 1826 5230 singulis

181 5259 377 5319 canonicum
395 5257 506 5328 inerit,
531 5255 754 5332 appellatione
778 5255 973 5332 postposita,
1030 5253 1194 5329 anuisper
1207 5255 1249 5324 te,
1262 5249 1315 5313 vel
1330 5265 1389 5326 per
1401 5250 1692 5312 certumnuntinm
1705 5251 1822 5312 Sedem

180 5421 347 5481 describitur
358 5437 387 5479 n.
404 5423 431 5494 l,
452 5423 518 5479 data
536 5423 582 5480 die
605 5423 621 5480 3
639 5422 770 5494 augusti3
793 5419 880 5478 altera
904 5436 972 5478 con·
1030 5419 1142 5476 anobis
1155 5425 1249 5475 acarm
1269 5431 1400 5488 agamus,
1414 5415 1617 5472 recurrendum
1637 5423 1680 5472 est
1695 5416 1731 5474 ad
1746 5417 1821 5491 epis·

180 5494 295 5550 tractinr
319 5508 348 5550 n.
373 5494 433 5560 ise,
464 5493 570 5565 absque
599 5496 736 5565 temporis
762 5491 920 5564 signaculo,
937 5493 973 5548 in
1022 5487 1383 5561 tolamsnperinseditam
1403 5486 1656 5561 uilliconum.)
1822 5500 1827 5511 ‘

171 5563 258 5624 hunc
270 5564 364 5622 locum
372 5562 541 5622 retrahenda
557 5562 708 5624 videretur.
723 5565 765 5622 Ne
778 5570 873 5621 numm
885 5561 974 5622 semel

1069 4345 1301 4412 [nepsam-lx,
1316 4345 1494 4411 ep.270.ldss.
1513 4347 1549 4397 La
1564 4347 1794 4412 Portedn'l'heil.]
1909 4363 1917 4375 ·
2033 4417 2038 4426 ι
