4244 6374
320 291 380 352 535

319 452 469 513 tuensem
482 445 658 510 ecclesiam
681 446 848 523 possessio
868 447 916 507 sic
937 446 1114 522 abjudica-

318 549 384 621 tur,
402 563 460 608 seu
475 547 551 607 data
576 545 740 616 turbetur,
766 545 799 606 et
823 544 902 605 tuuc
924 544 1114 620 archiepis-

320 661 422 722 copus
461 643 649 706 turbatores
687 643 849 704 duntaxat
883 641 1113 717 suspensione,

320 744 373 804 vel
388 740 732 804 excommunicatione
751 740 848 816 prout
863 755 977 800 eorum
994 754 1114 800 exces-

320 857 377 902 sus
406 839 556 914 exegerit
583 853 602 899 a
625 837 874 914 perturbatione
914 838 1112 913 compescat.

320 935 383 998 Ubi
410 951 491 997 vero
518 935 553 995 in
576 935 820 1010 possessionem
859 933 974 994 missio
1006 933 1115 993 locum

319 1033 444 1094 habere
458 1049 524 1093 non
544 1032 652 1110 potest
673 1030 955 1108 archiepiscopus,
970 1030 1115 1107 priorem

321 1131 354 1192 et
369 1130 541 1208 syndicum
560 1129 775 1190 Portuensem
791 1129 927 1205 propter
936 1128 1114 1189 contuma-

322 1227 408 1288 ciam
424 1226 698 1298 excommunicet,
729 1226 782 1286 vel
807 1227 997 1301 suspendat,
1018 1225 1116 1300 prout

319 1323 441 1387 viderit
456 1323 617 1400 expediri.
632 1325 771 1384 Domum
784 1323 906 1395 autem,
923 1322 956 1383 et
970 1337 1117 1382 conven-

319 1422 402 1493 tum,
426 1437 487 1482 nec
512 1420 701 1492 interdicte,
726 1435 787 1480 nec
810 1419 1032 1495 suspensioni,
1054 1434 1115 1479 nec

319 1515 654 1578 excommunicationi
686 1514 865 1590 supponat,
901 1514 966 1574 nisi
1001 1513 1114 1573 forsan

319 1628 435 1674 eorum
450 1613 578 1674 malitia
594 1613 696 1688 prior,
713 1614 746 1673 et
763 1611 920 1688 syndicus
943 1612 979 1671 in
996 1611 1115 1672 contu-

318 1710 436 1772 maciae
451 1726 521 1773 suae
534 1709 719 1771 rebellione
734 1709 926 1786 persistant,
944 1709 976 1769 et
988 1709 1066 1770 tunc
1080 1708 1114 1768 in

319 1821 377 1870 eos
391 1807 633 1879 tantummodo,
650 1822 731 1883 quos
752 1821 852 1882 super
876 1806 939 1866 hoc
958 1806 993 1866 in
1017 1806 1114 1882 culpa

318 1905 464 1980 reperiet
479 1903 667 1981 hujusmodi
683 1903 794 1964 valeat
816 1917 974 1963 exercere
990 1919 1113 1964 censu-

318 2017 401 2062 ram.
428 2000 520 2062 Nulli
545 2017 624 2076 ergo
654 2000 789 2062 omniuo
816 1999 986 2060 bominum
1014 2000 1115 2061 liceat

319 2098 406 2159 hanc
422 2097 577 2174 paginam
591 2098 714 2159 nostrae
728 2097 990 2159 confirmationis
1002 2098 1115 2174 etpro-

317 2196 457 2257 visionis
469 2197 665 2272 intringere,
684 2196 738 2257 vel
760 2197 791 2257 ei
819 2212 903 2257 ausu
932 2197 1113 2257 temerario

318 2291 496 2352 contraire.
511 2291 546 2351 Si
562 2292 636 2367 quis
647 2292 756 2351 autem
769 2290 832 2351 hoc
845 2291 1008 2351 attentare
1021 2306 1112 2366 prae-

318 2388 507 2464 sumpserit,
525 2387 1036 2463 indignationemomnipotentis
1053 2388 1112 2448 Dei

318 2486 352 2548 et
366 2484 537 2547 beatorum
549 2485 638 2546 Petri
653 2487 686 2546 et
697 2485 792 2545 Pauli
804 2485 1029 2560 apostolorum
1040 2489 1112 2563 ejus

320 2598 357 2643 se
377 2583 509 2645 noverit
541 2583 765 2643 incursurum.
796 2584 915 2643 Datum
942 2583 1110 2654 Laterani,

319 2681 349 2740 ll
364 2679 439 2740 idus
465 2679 637 2752 februarii,
667 2679 877 2755 pontificatus
895 2681 1000 2742 nostri
1025 2695 1114 2741 anuo

321 2780 449 2839 octavo.

638 3018 798 3104 cxxul

385 3169 622 3230 Adszdrcoru
637 3172 809 3242 ausimum
829 3171 1046 3230 Luniensem

615 3268 815 3337 archiepisc.

582 3397 615 3454 ld
625 3396 758 3453 lebrueril
772 3397 849 3454 llil.

409 3519 553 3584 [Liljegrem
565 3519 680 3572 Swenskt
690 3520 808 3585 diplom,
818 3522 838 3579 l,
851 3520 906 3580 238,
916 3535 942 3570 n.
955 3520 1024 3585 aad]

317 3643 452 3703 Concedit
463 3651 630 3716 potestatem
658 3644 823 3703 absolvendi
846 3660 907 3713 eos,
924 3645 971 3717 qui
1000 3644 1113 3703 suutde

353 3731 416 3806 ejus
435 3732 552 3806 speciali
577 3731 683 3791 familia
706 3741 734 3790 et
759 3733 807 3805 qui
827 3731 930 3790 landos
954 3731 1113 3792 Lundensis

353 3821 481 3880 ecclesie
497 3836 547 3894 pro
573 3821 635 3893 eius
653 3822 816 3894 provisione
841 3822 1005 3894 assignatos
1027 3821 1110 3878 inha-

351 3907 442 3968 bitant
456 3910 481 3967 si
500 3909 571 3967 lorte
593 3909 744 3968 inciderint
759 3910 786 3966 in
807 3923 946 3967 canonem
962 3911 1113 3968 aasentias

352 3999 552 4072 promulgate.

357 4123 524 4185 Honorius
535 4125 1110 4200 episcopus,servasservorumllei,

316 4221 501 4282 venerabili
516 4220 611 4282 fratri
627 4225 678 4293 A„
696 4222 862 4298 quondam
874 4221 1041 4284 hundensi
1055 4237 1112 4282 ar-

317 4318 539 4395 chiepiscope,
553 4318 705 4390 salutem,
720 4320 782 4380 etc.

356 4416 476 4477 Merita
502 4417 567 4477 tuae
591 4415 765 4492 probitatis
788 4418 820 4479 at
843 4417 1029 4478 honestatis
1045 4432 1109 4476 ex-

316 4513 466 4590 poscunt,
497 4513 533 4573 ut
563 4513 598 4573 in
631 4514 749 4590 quibus
784 4515 876 4575 salva
906 4513 1111 4575 conscientia

315 4627 491 4687 possumus
507 4609 653 4672 savorem
664 4612 724 4673 tibi
739 4611 965 4688 Apostolicum
981 4609 1113 4687 impen-

316 4709 444 4769 damus.
468 4708 553 4769 Hinc
577 4709 728 4785 estquod
741 4709 895 4786 precibus
919 4708 985 4769 tuis
1010 4706 1110 4768 beni-

315 4821 416 4881 gnum
443 4805 670 4882 impertientes
699 4821 886 4876 assensum,
917 4804 1111 4866 absolvendi

316 4919 372 4964 eos
388 4903 443 4981 qui
460 4905 537 4964 sunt
551 4903 591 4964 de
607 4904 664 4965 tua
678 4901 816 4980 speciali
835 4901 973 4972 familia,
998 4903 1030 4962 et
1056 4903 1113 4978 qui

314 4999 434 5062 fundos
460 5001 646 5061 Lundensis
666 4999 816 5060 ecclesiae
832 5015 891 5075 pro
913 5001 970 5059 tua
993 5000 1111 5075 provi·

315 5099 408 5160 sione
422 5099 482 5159 tibi
494 5099 682 5174 assignatos
697 5096 894 5168 inhabitant,
910 5097 939 5157 si
952 5096 1037 5157 sorte
1052 5097 1113 5158 ali·

315 5197 446 5274 quando
472 5195 651 5257 inciderint
676 5195 711 5255 iu
751 5210 912 5256 canonem
939 5195 1112 5256 sententiae

315 5293 545 5370 promulgatae,
558 5293 735 5354 dummodo
749 5307 864 5353 eorum
874 5307 1032 5353 excessus
1046 5308 1111 5353 nou

314 5391 359 5452 sit
371 5390 517 5452 dildcilis
534 5391 567 5452 et
581 5391 743 5463 enormis;
760 5392 793 5451 et
811 5389 1021 5451 conserendis
1036 5405 1114 5466 per-

220 5468 224 5482 *
314 5489 406 5549 sonis
421 5488 551 5550 idoneis
561 5486 724 5548 beneficia
735 5488 770 5548 in
783 5487 881 5548 dictis
900 5486 1011 5546 lundis
1029 5503 1112 5548 con-

311 5585 466 5647 sistentia
499 5601 598 5661 quum
629 5585 807 5658 vacabunt,
832 5585 893 5646 tibi
915 5584 1113 5646 auctoritate

937 287 1114 348 HONORII
1136 287 1181 346 III
1203 283 1351 345 OPERA.

1907 273 1967 332 536

1170 441 1384 520 praesentium
1404 435 1615 499 concedimus
1635 433 1840 511 potestatem.
1871 431 1964 493 Nulli

1170 555 1261 615 ergo,
1288 539 1350 600 etc.
1369 537 1403 598 Si
1419 535 1493 612 quis
1508 535 1629 604 autem,
1646 533 1709 594 etc.
1723 533 1843 592 Datum
1861 531 1964 591 Laie-

1170 637 1255 707 rani‚
1273 637 1332 696 XV
1356 632 1517 694 kalendas
1530 632 1623 699 maii,
1639 645 1727 692 auno
1740 630 1868 692 octavo.

1490 907 1647 993 CXXIllv

1295 1061 1515 1136 adpeterent
1534 1060 1836 1122 seumichensem.

1430 1189 1463 1246 ld
1475 1189 1609 1246 februarii
1625 1187 1704 1246 12²4.

1247 1313 1400 1378 [Mittarellh
1414 1313 1507 1364 rinnel.
1518 1312 1671 1372 Camaldul„
1686 1313 1729 1372 lv,
1746 1325 1804 1376 epp.
1819 1309 1887 1374 buu]

1188 1440 1300 1497 littere
1311 1439 1397 1511 priori
1412 1438 1623 1498 camaldulensi
1636 1453 1687 1510 pro
1700 1436 1834 1496 llattbaeo
1845 1435 1946 1494 abbate

1441 1526 1691 1600 berardingorum.

1209 1646 1377 1707 Honorius
1388 1645 1574 1722 episcopus,
1586 1659 1702 1706 servus
1712 1659 1884 1705 servorum
1891 1643 1962 1715 Dei,

1170 1741 1290 1802 dilecto
1306 1740 1412 1803 tilio...
1427 1741 1531 1818 priori
1552 1740 1809 1808 camaldulensi,
1824 1739 1964 1801 salutem

1169 1838 1433 1915 etnpostolicam
1449 1838 1727 1900 benedictionem.

1210 1939 1317 2008 Quum
1341 1953 1448 2014 nuper
1468 1937 1670 1998 monasterio
1694 1935 1850 1996 Albaren.
1877 1934 1964 2011 quod

1169 2029 1219 2094 ad
1224 2036 1406 2095 Romanam
1422 2033 1604 2095 Ecclesiam
1620 2033 1712 2093 nullo
1728 2033 1871 2110 pertinet
1889 2047 1962 2092 me-

1169 2130 1292 2202 diaute,
1308 2133 1451 2207 pastoris
1465 2131 1583 2192 solatio
1595 2131 1765 2202 destitute,
1777 2129 1889 2190 dilecti
1903 2128 1964 2189 lilii

1169 2229 1350 2289 conventus
1364 2228 1511 2306 ejusdem
1524 2229 1717 2290 monasterii
1729 2227 1962 2289 convenientes

1169 2325 1338 2398 inunum,
1367 2327 1521 2388 invocata
1546 2326 1688 2404 Spiritus
1715 2326 1827 2386 Sancti
1842 2325 1961 2401 gratia,

1169 2421 1325 2484 dilectum
1349 2423 1491 2484 illium...
1522 2423 1673 2484 abbatem
1705 2423 1899 2485 monasterii
1923 2423 1962 2484 de

1168 2521 1393 2596 Berardingis,
1412 2521 1497 2598 quod
1514 2522 1554 2582 ad
1574 2522 1667 2582 tuum
1681 2521 1866 2582 coenobium
1882 2537 1961 2598 per-

1168 2617 1274 2678 tinere
1297 2618 1514 2694 dignoscitur,
1542 2619 1575 2678 in
1591 2618 1742 2680 abbatem
1768 2635 1863 2680 suum
1889 2619 1960 2679 ele-

1168 2714 1277 2790 gerint
1289 2717 1321 2776 et
1331 2719 1508 2794 pastorem,
1522 2717 1831 2778 devotionemtuam
1847 2732 1964 2777 mone-

1169 2829 1252 2886 muS,
1270 2829 1328 2890 per
1342 2815 1531 2891 Apostolica
1542 2815 1601 2876 tibi
1614 2815 1737 2892 scripta
1752 2815 1959 2885 mandantes,

1169 2912 1331 2987 quatenus
1349 2911 1457 2972 eidem
1477 2929 1497 2974 a
1514 2913 1659 2986 vinculo,
1677 2929 1741 2990 quo
1760 2913 1962 2974 monasterio

1169 3008 1208 3068 de
1223 3009 1437 3085 Berardingis
1453 3013 1596 3084 tenetur,
1613 3013 1744 3088 penitus
1755 3009 1905 3071 absoluto
1920 3009 1962 3070 ad

1168 3105 1348 3169 Albereuse
1361 3110 1599 3170 monasterium
1615 3108 1810 3172 transeundi
1833 3107 1961 3170 tribuas

1169 3203 1963 3279 liberamlacultatem.DatumLaterani,XIlee-

1169 3301 1284 3364 landas
1306 3304 1428 3376 martii,
1445 3321 1532 3366 anno
1548 3306 1676 3368 octavu.

1499 3579 1634 3666 CXXV

1316 3732 1367 3791 Ad
1380 3733 1524 3791 Ericom
1540 3746 1658 3805 regem
1672 3730 1809 3793 Suetice.

1426 3861 1461 3917 20
1474 3859 1607 3918 februarii
1624 3863 1702 3920 1224.

1261 3982 1523 4047 [Liljegren,Svenskt
1533 3983 1650 4049 diplom,
1659 3987 1678 4044 l,
1687 3985 1742 4045 238,
1760 3999 1785 4035 u.
1799 3985 1884 4062 m]-

1168 4110 1202 4166 Ut
1215 4108 1342 4179 quiescat
1354 4108 1535 4183 presbyteros
1549 4118 1578 4167 et
1590 4111 1708 4168 clericos
1720 4113 1803 4185 regni
1817 4113 1861 4170 sul
1871 4127 1957 4184 expe·

1202 4194 1339 4254 ditionem
1353 4199 1481 4272 angariis
1496 4208 1523 4257 ct
1538 4201 1591 4256 alis
1603 4199 1786 4258 secularibus
1801 4201 1957 4258 exactioni·

1202 4285 1255 4343 bus
1270 4299 1432 4359 aggravare
1445 4293 1474 4344 et
1485 4289 1647 4346 molestare.

1207 4415 1386 4486 Honorius,
1397 4415 1472 4487 etc,
1486 4417 1660 4478 carissimo
1670 4417 1843 4479 inChristo
1853 4417 1959 4480 iilic...

1167 4510 1289 4572 illustri
1300 4513 1396 4587 regui
1410 4513 1542 4582 Svetiae,
1559 4514 1710 4574 salutem.

1207 4609 1387 4671 Remittere
1412 4612 1656 4672 consueverunt
1677 4626 1774 4686 reges
1801 4611 1963 4674 Catholici

1167 4707 1329 4779 ecclesiis,
1342 4707 1375 4770 et
1390 4708 1521 4768 clericis
1537 4707 1672 4770 obtentu
1696 4709 1818 4770 divinae
1830 4709 1963 4785 pietatis

1167 4804 1336 4879 angarias,
1354 4807 1452 4866 eteos
1466 4821 1485 4866 a
1499 4806 1717 4866 saecularibus
1732 4806 1962 4868 exactionibus

1168 4901 1321 4964 liberare.
1338 4902 1431 4962 Unde
1450 4918 1511 4963 nec
1525 4903 1582 4964 tuo
1607 4905 1801 4964 conveniret
1826 4904 1958 4977 honori,

1167 5015 1229 5060 nec
1243 4999 1343 5060 saluti
1358 5000 1458 5061 eiiam
1478 5000 1661 5076 expediret,
1679 5004 1715 5063 ut
1740 5017 1760 5062 a
1776 5001 1962 5062 catholico-

1167 5114 1240 5157 rum
1256 5113 1371 5172 regum
1383 5098 1528 5176 tramite,
1546 5113 1686 5174 quorum
1708 5100 1741 5160 te
1756 5099 1850 5160 decet
1868 5100 1963 5176 sequi

1167 5195 1319 5270 vestigia,
1331 5195 1479 5266 devians,
1490 5196 1629 5256 clericos
1642 5211 1845 5272 aggravares
1858 5213 1964 5272 anga-

1163 5293 1241 5356 riis.
1272 5293 1304 5353 et
1327 5294 1443 5354 contra
1468 5293 1730 5355 ecclesiasticam
1760 5294 1963 5370 deprimeres

1168 5387 1365 5452 libertatem.
1394 5390 1665 5465 significantibus
1686 5407 1767 5454 sane
1793 5393 1889 5468 regni
1914 5393 1964 5454 tui

1168 5487 1344 5564 episcopis,
1359 5485 1560 5564 presbyteris
1573 5489 1606 5548 et
1620 5487 1696 5548 aliis
1712 5487 1845 5550 clericis
1865 5489 1965 5550 intel-

1168 5585 1323 5656 leximus,
1349 5584 1434 5664 quod
1460 5585 1497 5648 tu
1527 5585 1659 5646 eosdem
1689 5585 1904 5662 presbyteros
1932 5591 1966 5648 et
