4226 6372
126 297 183 358 ecl

127 454 252 517 decano
277 453 383 531 ipsius
398 453 549 516 ecelesiae
564 452 685 516 dilecto
706 452 813 515 tilio...
829 470 917 516 nuno

124 552 312 629 praeposito,
329 552 475 630 quicum
491 551 579 614 esset
593 551 635 612 de
656 557 797 628 corpore
811 553 917 629 ipsius

123 650 263 726 capituli
273 666 313 710 ea
324 666 397 726 quae
410 651 563 727 superius
574 651 652 711 sunt
665 665 827 726 expressa
842 668 917 713 cum

122 747 200 808 aliis
216 749 416 824 procuravit,
442 751 475 810 et
500 749 574 824 post
596 748 791 809 electionem
807 749 917 810 simile

124 845 278 921 praestitit
284 845 528 922 jhsjurandum.
542 846 625 917 Quia
632 861 711 907 vero
719 846 791 907 haec
805 847 918 907 dicun-

124 944 181 1003 tur
194 943 229 1002 in
242 958 377 1004 enorme
393 943 622 1020 prepositurae
637 943 846 1020 dispendium
861 945 915 1006 at·

125 1040 264 1111 tentata,
281 1055 343 1100 nos
371 1055 471 1116 super
497 1040 561 1102 boo
585 1040 735 1102 volentes
750 1055 793 1101 ex
807 1041 917 1102 officio

125 1137 517 1213 nostroproeedere,cum
524 1139 842 1214 jusjurandireligio
852 1153 917 1199 non

126 1235 449 1310 utessetiuiquitatis
458 1234 628 1296 vinculum
642 1234 743 1297 fuerit
752 1236 915 1307 instituta,

125 1332 159 1392 et
173 1331 258 1408 quod
272 1347 338 1392 non
358 1332 547 1408 juramenta
563 1332 622 1392 sed
646 1333 793 1408 perjuria
808 1333 917 1408 potius

125 1429 201 1490 sunt
212 1427 362 1498 dicenda,
377 1437 450 1503 que
473 1429 590 1489 contra
609 1429 786 1491 utilitatem
805 1429 916 1490 eccle-

125 1524 293 1586 siasticam
323 1525 544 1597 attentantur,
574 1524 769 1586 discretioni
796 1525 917 1586 vestrae

126 1637 185 1698 per
199 1621 389 1697 apostolica
398 1621 522 1697 scripta
537 1621 744 1694 mandamus,
753 1625 917 1700 quatenus

126 1719 155 1777 si
167 1733 211 1778 ex
222 1718 404 1794 praemissis
427 1718 679 1794 preposituram
692 1719 799 1796 ipsam
818 1734 918 1780 enor-

126 1815 225 1875 miter
236 1830 308 1876 esse
319 1815 433 1876 laesam
444 1814 820 1895 [constiterittreduotis
828 1816 917 1878 villis

126 1911 245 1988 adjus,
262 1911 496 1989 proprietatem
510 1914 616 1989 ipsius
632 1911 845 1992 [confirmetis
858 1913 915 1994 etl,

126 2011 259 2081 caetera,
277 2025 350 2085 quae
363 2010 399 2070 in
412 2013 484 2087 ejus
499 2011 728 2088 praejudicium
740 2012 817 2073 sunt
831 2026 916 2088 prae·

126 2107 268 2182 sumpta,
284 2106 318 2166 in
329 2107 462 2168 irritum
477 2109 649 2180 revocetis,
662 2110 695 2169 et
706 2110 784 2187 qnia
797 2125 919 2186 oppor-

124 2203 243 2264 tunum
262 2203 479 2278 dignoscitur,
499 2205 534 2266 ut
551 2207 747 2282 praepositus
761 2206 832 2282 ipse
852 2221 915 2267 ne-

124 2300 251 2374 gotium
272 2301 462 2377 hujusmodi
483 2304 713 2379 prosequatur,
734 2303 916 2380 injungatis

124 2398 282 2471 capitulo,
305 2399 342 2459 ut
357 2399 497 2468 relaxet,
515 2399 601 2476 quod
621 2416 721 2476 super
739 2401 802 2462 hoe
825 2417 915 2477 prae-

124 2493 210 2556 stitit
223 2495 311 2556 idem
324 2497 521 2572 praepositus
532 2499 772 2572 jurameutum;
789 2497 873 2574 quod
887 2498 917 2558 si

124 2591 307 2667 capitulum
317 2607 383 2654 non
393 2592 519 2666 fecerit,
529 2609 588 2656 vos
595 2595 820 2670 jurameutum
831 2611 918 2670 pree-

124 2687 249 2750 dictum
269 2690 467 2751 auctoritate
486 2691 676 2765 Apostolica
692 2692 864 2763 relaxetis,
881 2694 918 2753 ut

123 2801 165 2848 eo
177 2785 328 2849 relaxato
340 2788 495 2848 insistere
508 2789 611 2863 possit
623 2790 819 2865 prepositus
835 2805 916 2866 pro-

123 2883 289 2944 secutioni
312 2885 437 2958 negotii
457 2885 641 2952 memorati,
659 2887 917 2947 contradictores

123 2995 269 3041 censura
287 2980 524 3053 ecclesiastica,
551 2980 683 3042 sublato
707 2982 916 3058 apellationis

123 3075 307 3148 obstaculo,
324 3077 562 3153 compescendo
580 3093 587 3138 :
603 3093 662 3154 pro
675 3078 846 3153 juratione
865 3082 918 3142 ta-

122 3190 201 3236 men
229 3174 363 3235 incauta
390 3174 571 3250 injungatis
599 3174 707 3236 eidem
739 3178 917 3253 praeposito

13 3303 15 3306 ·
122 3271 353 3349 poenitentiam
387 3271 636 3348 competentem.
674 3273 765 3344 Quod
799 3275 916 3335 sinon

126 3383 254 3440 omnes,
271 3369 334 3430 etc.
350 3370 468 3432 Datum
482 3369 595 3442 Reate,
609 3370 707 3432 nonis
720 3370 915 3447 decembris,

127 3480 217 3526 auno
238 3464 376 3527 decimo.

454 3646 582 3732 LXIII

225 3787 277 3846 Ad
299 3789 482 3848 universos
506 3789 633 3850 Christi
651 3790 766 3861 sidetes
780 3793 817 3851 iu

281 3883 546 3960 Rothocmgensi
564 3889 754 3960 provincio.

383 4013 413 4068 ll
435 4011 564 4082 decemb.
576 4015 654 4072 1225.

281 4123 432 4188 [Bullatium
444 4127 598 4187 Romanum,
612 4129 653 4188 lll,
666 4143 683 4188 r,
695 4129 760 4195 lta]

124 4238 913 4317 CanonisatioS.Laurentii.archiepiscopiDublineusis‚

158 4329 237 4401 rsgIs
252 4343 285 4386 ac
298 4330 406 4403 reginas
418 4331 560 4389 Hiberniae
574 4331 632 4402 hlii,
643 4334 763 4406 ejusque
775 4335 874 4392 relatio
885 4337 914 4393 in

158 4431 308 4474 numerum
323 4427 486 4476 sanctorum
501 4419 709 4490 consessorum,
725 4430 754 4480 et
771 4421 911 4480 testivita-

157 4506 193 4562 tis
215 4505 342 4578 ejusdem
369 4508 517 4582 praehuitlo
540 4524 591 4582 pro
612 4509 789 4568 diedecima
814 4520 912 4584 quarta

157 4594 265 4652 mensis
277 4595 440 4653 novembris
452 4599 604 4669 quotannIs
618 4597 805 4657 celebrande.

160 4722 326 4782 Honorius
337 4722 522 4800 episcopus,
532 4741 649 4788 servus
659 4742 830 4789 servorum
839 4728 910 4800 Dei,

121 4817 288 4878 universis
301 4820 424 4881 Christi
436 4820 588 4882 fidelibus
603 4824 638 4883 in
654 4824 912 4900 Rothomagensi

119 4915 294 4990 provincia
313 4917 511 4990 constitutis,
532 4919 672 4980 salutem
695 4922 727 4982 et
740 4921 911 4998 Apostoli-

119 5011 478 5075 cambenedictionem.

158 5109 340 5171 lueffabilis
368 5112 577 5188 providentia
600 5112 671 5186 Dei,
691 5116 911 5191 congruentia

119 5203 913 5286 singulisquibusquetemporibusordinatedis-

117 5317 272 5377 pensauS,
288 5303 323 5363 in
333 5306 564 5383 splendoribus
575 5310 776 5382 sanctorum,
797 5311 913 5372 Eccle-

13 5447 15 5460 ,
119 5398 202 5458 siam
218 5416 312 5461 suam
327 5404 422 5479 quasi
438 5418 480 5464 ex
491 5407 584 5466 utero
608 5406 734 5480 genuit,
754 5407 831 5468 dum
854 5423 911 5469 eos

13 5519 15 5542 t
117 5493 154 5554 in
168 5497 305 5558 exordio
320 5497 425 5575 ipsius
440 5503 608 5564 nascentis
622 5503 779 5564 Ecclesiae
794 5504 912 5565 crebra

13 5617 16 5654 ι
118 5591 354 5656 miraculorum
378 5598 609 5661 coruscatione
622 5599 814 5674 mirificans,
832 5603 864 5663 et
876 5602 912 5664 iu

259 5739 375 5785 rimor.
394 5740 468 5785 roua
479 5729 532 5789 IV.

748 293 981 360 EPISTOLAE.
1005 295 1083 357 LIB.
1107 295 1163 356 IX.

1709 295 1769 357 962

972 455 1121 531 ipsorum
1151 451 1388 515 mtraculorum
1421 452 1549 529 fulgore
1573 451 1767 531 obstupefa-

972 552 1063 613 ciens
1084 553 1210 628 gentse,
1234 566 1273 612 ac
1302 550 1554 627 predestinatos
1576 553 1611 612 in
1628 551 1691 612 ude
1704 567 1767 628 ge-

971 665 1093 710 nerans
1107 651 1187 710 ,lesu
1212 648 1347 716 Christi,
1364 647 1398 708 in
1414 651 1509 724 cujus
1524 650 1595 712 haec
1610 650 1684 710 lieri
1700 665 1765 726 nor

972 747 1060 806 mine
1084 761 1123 807 ac
1157 747 1279 807 virtute
1311 744 1483 818 videbant,
1508 746 1597 822 ipsos
1619 747 1765 808 filiorum

972 843 1160 919 adoptionis
1173 858 1311 904 numero
1326 842 1530 920 aggrevavu.

1011 939 1137 1001 Deinde
1175 940 1345 1002 crescente
1373 940 1519 1000 fidelium
1552 955 1701 1013 numero,
1735 941 1769 1004 et

972 1037 1195 1109 multitudine,
1218 1039 1331 1114 populi
1344 1038 1453 1099 vocati
1465 1037 1504 1098 de
1519 1038 1676 1110 tenebris,
1689 1054 1764 1100 am-

971 1135 1124 1195 bulantes
1135 1135 1232 1210 juxta
1251 1135 1357 1211 ipsius
1375 1135 1570 1197 vaticinium
1592 1135 1766 1198 inlumina
1841 1193 1842 1198 ,

971 1231 1102 1292 Domini
1126 1231 1185 1292 Dei
1221 1232 1285 1304 sui,
1313 1232 1475 1293 mirabilis
1499 1233 1709 1310 dispensator
1729 1233 1767 1296 in

972 1327 1118 1404 pluviam
1144 1327 1277 1404 fulgura
1293 1345 1353 1390 sua
1368 1329 1457 1400 lecit,
1472 1329 1549 1390 dum
1565 1331 1682 1406 signis,
1696 1332 1767 1394 siue

972 1424 1153 1498 miraculis,
1176 1441 1249 1502 quae
1261 1442 1327 1487 non
1341 1427 1437 1488 erant
1447 1429 1517 1503 jam
1533 1426 1685 1488 fidelihus
1700 1445 1765 1490 ne-

972 1522 1129 1595 cessaria,
1146 1523 1357 1596 intermissis,
1377 1541 1478 1600 super
1492 1540 1597 1585 novos
1612 1526 1763 1602 populos,

972 1613 1132 1696 pastores,
1149 1621 1206 1696 qui
1219 1636 1275 1682 eos
1290 1621 1466 1697 pascerent
1479 1621 1620 1683 scientia
1635 1625 1668 1684 et
1687 1623 1766 1686 doo-

974 1716 1071 1788 trina,
1100 1715 1186 1798 sicut
1213 1730 1272 1794 per
1295 1731 1332 1778 os
1354 1717 1531 1778 liieremiae
1553 1719 1763 1794 promiserat,

972 1813 1156 1884 suscitavit,
1176 1814 1333 1875 Doctores
1360 1814 1517 1875 Ecclesiae
1544 1815 1681 1889 scilicet,
1708 1817 1766 1893 qui

971 1909 1095 1970 terram
1111 1911 1220 1972 cordis
1234 1910 1381 1972 ildelium
1395 1911 1500 1972 imbre
1514 1912 1766 1975 doctrinaecom·

972 2007 1164 2082 ploveramt
1183 2009 1216 2068 et
1230 2009 1406 2085 extirpatis
1429 2009 1578 2070 sentibus
1592 2010 1762 2082 vitiorum,

972 2105 1099 2166 samad
1122 2105 1355 2180 proterendum
1379 2107 1539 2167 uirtutum
1558 2109 1717 2182 germen,
1733 2111 1767 2170 et

972 2201 1113 2263 fructum
1129 2202 1207 2262 boni
1222 2204 1332 2278 operis
1346 2203 1577 2265 secundarent.

1012 2285 1767 2376 Caeterumqniaoaritatefrigescenteaberer-

973 2396 1050 2458 citio
1075 2396 1263 2472 hujusmodi
1292 2397 1370 2458 boni
1395 2399 1504 2473 operis
1517 2399 1626 2474 torpet
1647 2401 1766 2462 catho-

972 2494 1067 2565 licus,
1085 2509 1197 2555 errore
1213 2493 1309 2555 devio
1325 2495 1509 2556 abducente
1526 2495 1646 2559 delirat
1658 2498 1767 2560 haere-

970 2591 1766 2671 ticus,caecutit,velamineadbucsupercorper-

971 2689 1137 2759 manente,
1150 2688 1297 2758 Judaeus‚
1307 2689 1341 2748 et
1352 2689 1386 2748 in
1402 2689 1547 2750 tenebrIs
1560 2692 1707 2753 ambulat
1719 2694 1767 2752 si-

972 2784 1766 2862 derelucisnondumsibiorientePaganus;mi-

973 2881 1116 2942 sericors
1130 2879 1302 2950 Dominus,
1313 2881 1369 2958 qui
1384 2883 1549 2944 neminem
1562 2885 1632 2947 vult
1643 2888 1764 2962 perire,

973 2979 1068 3054 signa
1083 2977 1249 3039 interdum
1263 2978 1411 3048 innovat,
1435 2981 1467 3042 et
1485 2981 1651 3044 mirabilia
1665 2985 1767 3046 mise-

971 3076 1064 3138 ratus
1078 3076 1240 3148 immutat,
1255 3091 1298 3136 ex
1312 3093 1451 3138 numero
1475 3078 1620 3152 illorum,
1638 3099 1719 3158 quos
1730 3083 1766 3146 in

972 3173 1122 3234 ecclesie
1141 3173 1360 3250 triumphanti
1380 3175 1556 3250 glorificat,
1578 3178 1764 3256 aliquorum

973 3269 1070 3330 iidem
1085 3269 1118 3331 et
1128 3269 1247 3334 merita
1258 3271 1292 3330 iu
1304 3271 1460 3334 militanti
1474 3273 1645 3336 miraculis
1659 3275 1766 3338 decla·

972 3367 1086 3428 raudo.
1102 3369 1146 3429 Ut
1167 3383 1226 3443 per
1239 3384 1280 3428 aa
1295 3369 1469 3438 Catholici,
1486 3372 1606 3433 mentis
1628 3375 1763 3450 torpore

973 3463 1132 3536 discusso,
1150 3465 1191 3525 ad
1206 3464 1284 3526 boui
1300 3467 1410 3542 operis
1426 3469 1614 3530 excitentur
1633 3470 1766 3532 instan-

970 3562 1065 3630 tiam,
1077 3562 1239 3635 haeretici‚
1254 3577 1368 3624 errore
1381 3563 1531 3637 dimisso,
1545 3565 1587 3626 ab
1603 3567 1694 3630 invio
1705 3583 1764 3630 re-

972 3659 1135 3721 ducantur
1144 3660 1185 3720 ad
1194 3659 1296 3720 viam
1306 3661 1415 3721 Judaei
1428 3663 1526 3740 atque
1535 3665 1763 3738 Pagaui,vero

971 3757 1096 3817 lumine
1115 3756 1258 3831 cognite,
1275 3756 1315 3816 de
1328 3756 1475 3818 tenebris
1490 3759 1524 3820 ei
1537 3759 1654 3821 umbra
1669 3778 1764 3825 mor-

969 3854 1013 3916 tis
1028 3855 1166 3915 currant
1179 3853 1220 3915 ad
1235 3853 1539 3929 Christumlucem,
1557 3857 1656 3930 viam,
1673 3861 1764 3922 vori-

970 3953 1071 4014 tatem
1087 3951 1119 4012 et
1132 3951 1246 4014 vitam.

1010 4050 1140 4112 Sanctae
1155 4049 1259 4126 igitur
1270 4050 1438 4112 memoriae
1453 4053 1632 4116 Laurentio
1648 4055 1765 4117 Dubii-

970 4147 1065 4208 nensi
1076 4145 1325 4224 archiepiscopo
1341 4147 1427 4223 apud
1443 4149 1619 4212 eeclesiam
1640 4155 1672 4213 S.
1685 4155 1762 4215 Ma-

969 4243 1029 4306 riae
1050 4244 1091 4305 de
1107 4248 1200 4320 hugo
1222 4245 1500 4322 Rotbomagensis
1519 4247 1684 4324 dioecesis,
1706 4253 1764 4315 ubi

969 4355 1088 4416 corpus
1102 4343 1173 4417 ejus
1185 4339 1329 4401 feliciter
1338 4343 1527 4418 requiescit,
1538 4344 1639 4407 claris
1650 4348 1763 4411 divino

969 4453 1105 4499 munere
1134 4440 1330 4499 coruscante
1358 4441 1540 4514 miraculis
1560 4447 1762 4506 venerabilis

967 4535 1071 4597 frater
1092 4536 1206 4596 noster
1219 4536 1503 4615 archiepiscopus,
1517 4542 1550 4601 et
1565 4541 1676 4604 dilecti
1701 4545 1762 4605 filii

968 4633 1147 4708 capitulum
1162 4633 1429 4709 Rothomageuse
1452 4652 1608 4698 unacum
1629 4639 1760 4714 abbate,

967 4731 1001 4792 et
1009 4731 1174 4792 conventu
1184 4730 1341 4794 Ecclesiae
1352 4731 1561 4808 supradictae,
1583 4737 1762 4817 multisque

967 4827 1043 4888 aliis
1059 4827 1317 4904 archiepiscopis
1332 4829 1365 4889 et
1378 4828 1555 4906 episcopis,
1572 4832 1759 4908 abbatibus,

967 4924 999 4984 et
1013 4923 1180 4999 religiosis
1203 4923 1297 4996 viris,
1313 4926 1385 5000 eJus
1400 4925 1602 4988 venerabilis
1616 4930 1692 4992 uitae
1703 4932 1760 4992 in-

967 5021 1086 5095 signia,
1110 5021 1142 5082 et
1165 5021 1377 5084 coruscantia
1397 5022 1559 5085 miracula
1577 5027 1646 5086 suis
1665 5029 1760 5089 nobis

966 5117 1086 5178 litteris
1112 5117 1305 5178 intimantes
1327 5117 1498 5181 humiliter
1518 5123 1759 5199 supplicarunt,

967 5215 1003 5276 ut
1014 5215 1125 5291 ipsum
1136 5218 1326 5276 sanctorum
1338 5215 1489 5292 catalogo
1504 5219 1694 5284 adscribere
1707 5241 1761 5286 cu-

966 5325 1128 5382 raremus
1151 5312 1316 5387 quatenus
1337 5313 1535 5376 auctoritate
1556 5319 1757 5394 Apostolica,

966 5406 1084 5482 dignus
1099 5407 1206 5468 bonor
1220 5407 1271 5466 illi
1288 5408 1502 5471 exhiberetur
1516 5412 1551 5473 in
1575 5415 1684 5488 terriS,
1702 5418 1757 5493 qui

966 5504 1125 5565 sicolaris
1146 5504 1264 5580 signis,
1278 5505 1311 5566 et
1327 5507 1536 5570 evidentibus
1551 5517 1757 5587 argumentis

942 5659 947 5668 .
965 5601 1102 5677 apparet
1117 5600 1300 5664 honoratus
1314 5602 1347 5664 in
1364 5604 1468 5666 coelis.

1528 5737 1561 5795 sl
