4222 6374
178 287 237 348 iis
403 307 410 329 ι
447 320 456 336 ·
793 279 1201 354 ammonentem.
1762 263 1820 353 iic

174 447 256 510 nino
270 449 396 524 pereat,
413 443 495 508 illud
508 441 684 509 'residuum
701 447 802 510 terra
814 447 900 525 quod
918 447 971 511 te-
1023 431 1159 511 manum
1181 447 1277 512 tuam
1300 447 1358 512 aut
1381 447 1526 512 filiorum
1550 447 1682 528 tuorum
1707 433 1820 511 nulla-

173 545 255 607 uent
267 545 424 608 catholici
439 544 620 617 amittatur,
632 545 676 616 et,
691 545 776 621 quod
787 545 970 606 timendum
1023 547 1120 608 terius
1136 545 1275 608 alienes.
1292 548 1357 607 Pro
1377 547 1468 608 carto
1490 546 1601 608 autem
1620 545 1707 608 scias
1732 543 1818 624 quod

174 643 236 714 est,
250 643 354 719 pestis
367 643 425 703 illa
440 642 481 703 ad
495 641 568 704 loca
580 641 681 703 etiam
695 640 754 703 tibi
766 641 919 719 proxima
934 657 970 703 se
1025 643 1256 721 Raymundum
1278 640 1326 723 (5)
1348 643 1514 728 quondam
1534 643 1735 725 Tolosanum
1756 658 1817 704 co·

175 739 400 802 transfundat.
1024 741 1136 803 mitem
1151 741 1184 803 et
1198 741 1302 802 filium
1318 744 1390 818 eJus
1406 755 1611 802 cumeorum
1633 740 1818 820 fautoribus
1840 807 1846 812 ,

213 837 378 910 Quantum
389 837 499 899 autem
509 835 666 898 Ecclesiae
677 835 737 898 Dei
746 852 785 898 ac
794 836 855 897 toti
866 851 969 912 regno
1024 839 1146 899 dudum
1165 837 1537 909 excommunicavimus,
1559 853 1621 898 nec
1640 838 1680 898 ad
1701 853 1818 900 emen·

171 935 230 996 tuo
244 935 348 1012 possit
369 932 446 996 inde
465 934 650 1011 periculum
671 933 856 1004 imminere,
877 933 968 994 tuam
1023 935 1202 1007 dationem,
1215 934 1293 996 licet
1302 935 1445 1011 benigne
1456 934 1627 1005 admoniti,
1640 934 1756 995 volunt
1768 931 1816 1013 (6)

173 1030 408 1092 discretionem
431 1045 498 1092 ιιοιι
528 1030 694 1092 credimus
722 1030 890 1106 ignorare.
919 1030 969 1090 Ne
1025 1031 1206 1104 uidebant,
1226 1031 1283 1092 sed
1302 1030 1542 1094 contumaciter
1559 1031 1594 1091 iii
1610 1047 1670 1091 sua
1689 1029 1819 1091 malitia

172 1142 254 1204 ergo
267 1127 323 1189 tuo
337 1125 479 1190 defectui
492 1125 546 1188 vel
560 1125 667 1197 nobie,
684 1127 741 1203 qui
752 1127 787 1188 te
801 1125 843 1186 ad
859 1124 970 1201 expel·
1023 1130 1249 1206 perseverant.
1275 1128 1324 1190 Ad
1349 1127 1592 1205 promotionem
1617 1142 1697 1188 vero
1719 1126 1818 1214 liujus

171 1224 306 1286 lendum
317 1224 424 1286 dictos
433 1223 609 1286 haereticos
621 1223 794 1284 debuimus
808 1224 966 1294 excitare,
1024 1226 1245 1302 negotiatum
1265 1225 1306 1286 de
1326 1223 1486 1286 vicesima
1509 1239 1581 1302 quie
1601 1223 1736 1301 propter
1755 1221 1818 1284 hoc
1896 1259 1901 1274 i

172 1321 260 1383 sicut
282 1321 475 1382 multotiens
499 1321 760 1398 improperatum
785 1321 836 1382 est
859 1319 966 1391 nobis,
1024 1323 1209 1399 colligetur,
1238 1322 1271 1384 et
1294 1321 1511 1398 indulgentiis
1545 1320 1598 1382 his
1620 1320 1676 1408 qui
1702 1318 1819 1382 contra

172 1417 250 1480 fidei
263 1418 435 1480 subversio
450 1418 556 1496 possit
570 1418 781 1494 aliquatenus
796 1416 966 1494 imputari,
1022 1421 1217 1497 Albigenses
1232 1435 1364 1482 crucem
1382 1410 1623 1496 assumpserint
1643 1415 1816 1506 faciendis,

172 1515 405 1577 excellentiam
416 1516 508 1576 tuam
524 1531 681 1592 rogamus
692 1514 852 1577 attentius
867 1513 901 1575 et
914 1527 970 1574 ex·
1024 1533 1121 1595 quam
1147 1517 1188 1578 de
1216 1517 1420 1594 protectione
1446 1517 1479 1578 et
1502 1514 1695 1578 defensione
1718 1514 1817 1574 terrae

171 1613 346 1675 hortamur
363 1613 399 1674 in
420 1612 560 1674 Domino
575 1614 877 1690 quantumcumque
891 1625 970 1688 pos·
1022 1615 1100 1686 tuae,
1119 1613 1148 1674 si
1163 1613 1267 1690 aliqui
1281 1609 1382 1692 (quod
1396 1609 1513 1690 absitl)
1528 1612 1564 1672 in
1578 1611 1611 1672 te
1625 1609 1751 1672 vellent
1763 1609 1819 1670 in-

173 1723 289 1770 sumus
314 1709 448 1781 affectu,
474 1709 516 1770 de
538 1709 706 1770 communi
729 1707 870 1768 fratrum
890 1720 970 1766 nos-
1025 1727 1174 1788 surgere,
1201 1709 1358 1788 quamdiu
1383 1709 1558 1771 vacaveris
1583 1708 1662 1769 huic
1685 1706 1818 1782 negotio
1929 1758 1938 1784 ,.

172 1805 301 1867 trorum
324 1805 465 1868 consilio
486 1805 706 1882 requirentes,
723 1805 757 1866 et
779 1805 815 1865 in
837 1805 969 1865 tuorum
1023 1813 1103 1872 Jesu
1124 1808 1257 1879 christi,
1276 1807 1362 1868 bona
1382 1806 1446 1867 ilde
1463 1805 1638 1867 eonsilium
1658 1804 1742 1882 quod
1757 1819 1819 1880 po-

171 1903 404 1965 remissionem
415 1902 643 1980 peccaminum
654 1902 878 1980 injungentes,
893 1915 970 1977 qua·
1023 1907 1162 1968 terimus
1173 1905 1379 1966 etauxilium
1390 1903 1616 1980 impendemus
1627 1900 1818 1979 (7).Datum

170 2001 271 2062 tenus
285 2002 410 2062 terram
425 1999 518 2060 illem
532 2000 647 2071 totam,
662 2013 761 2076 quem
773 1997 969 2074 inpartibus
1024 2003 1141 2079 alatri,
1158 2002 1265 2080 pridie
1280 2001 1355 2063 iius
1367 2000 1460 2074 maii,
1473 2015 1562 2062 anno
1578 1999 1684 2062 sexto.

173 2096 243 2157 illis
255 2113 276 2158 a
287 2098 321 2160 te
335 2097 371 2158 in
384 2095 517 2158 feudum
531 2095 723 2157 immediate
737 2109 848 2157 comes
863 2094 970 2156 tenuit

171 2193 393 2256 Montisfortis
409 2190 469 2273 (1),
487 2208 562 2254 cuin
583 2207 657 2255 eam
672 2207 784 2254 comes
807 2192 879 2268 ipse
901 2206 969 2254 non
1008 2265 1011 2272 ,

172 2289 318 2352 sufficiat
342 2289 527 2361 defensare,
556 2290 590 2352 et
615 2291 687 2367 jam
711 2288 869 2351 obtulerit
895 2305 969 2352 eam
1000 2301 1001 2304 ’
1499 2324 1500 2328 =

171 2387 245 2460 tibi,
261 2388 348 2449 sicut
359 2403 419 2464 per
433 2387 598 2448 solemnes
610 2387 751 2448 nuncios
765 2387 799 2448 et
812 2385 877 2448 fide
890 2386 968 2464 dig·
1344 2390 1497 2480 CLXXI

174 2500 246 2557 nos,
259 2487 525 2548 Nemausensem
536 2481 583 2564 (2)
603 2483 635 2545 et
648 2483 871 2546 biterrensem
884 2485 970 2561 epis·

173 2577 273 2659 copo's
285 2579 344 2661 (3),
354 2583 387 2644 et
398 2597 458 2658 per
470 2581 599 2644 litteras
614 2580 720 2657 ipsius
731 2579 872 2654 comitis,
885 2595 969 2658 quas

173 2678 252 2740 inde
270 2678 438 2740 confectas
458 2678 614 2752 vidimus,
636 2693 742 2755 nuper
753 2675 850 2740 nobis
865 2679 969 2740 inno·
1279 2751 1280 2758 χ

173 2776 238 2838 tuit
251 2775 310 2856 (4),
326 2775 361 2836 iii
376 2775 523 2837 dominio
537 2775 594 2837 tuo
605 2775 764 2852 accipias,
781 2777 847 2837 ate
859 2776 892 2838 et
904 2775 970 2838 baa·
1318 2769 1353 2828 ¹⁶
1368 2769 1436 2826 maii
1450 2768 1529 2826 1²²²·

172 2872 307 2935 redibas
335 2873 403 2935 tuis
432 2871 537 2934 libere
563 2869 719 2949 deinceps
746 2874 779 2934 et
801 2871 911 2950 quiete
934 2873 968 2933 iii
1148 2907 1417 2973 [mmmm
1435 2895 1696 2972 colluctatum]

172 2972 369 3049 perpetuum
377 2970 622 3046 possidendam,
635 2969 667 3031 et
677 2970 718 3030 ad
729 2969 969 3034 relevationem

173 3067 253 3131 uicti
266 3067 392 3143 negotii
406 3066 578 3129 nobiscum
592 3067 657 3128 cito
671 3067 704 3128 et
713 3066 870 3140 viriiiter,
884 3067 971 3129 sicui
1058 3042 1101 3102 Ad
1118 3041 1301 3101 rebellem
1322 3041 1396 3144 illu?
1411 3040 1538 3144 mopiam
1557 3039 1783 3118 enecassem
1814 3031 1823 3048 ‘
1868 3093 1879 3117 s

1230 3131 1368 3190 ecclesias
1381 3145 1436 3203 ipsi
1449 3128 1610 3188 confirmat.

1074 2535 1127 2596 Ad
1140 2536 1312 2597 decanam
1326 2535 1359 2595 et
1371 2533 1558 2608 capitutum
1570 2533 1605 2594 S.
1619 2531 1768 2592 Martini
1866 2621 1867 2624 Ἴ

1315 2632 1525 2692 Leodtcnsts.
1640 2641 1643 2648 ·

172 3164 301 3240 regiam
320 3165 413 3227 decet
430 3163 722 3240 magnificentiam,
746 3165 779 3224 te
798 3163 967 3241 accingas,
1020 3183 1023 3188 ·

173 3263 220 3324 ita
230 3265 342 3324 tamen
353 3261 440 3339 quod
454 3261 554 3324 terrae
568 3261 662 3323 illius
677 3260 860 3323 dominium
873 3263 969 3325 extra
1063 3267 1231 3329 Honorius
1241 3267 1427 3344 episcopus,
1438 3281 1555 3330 servus
1564 3279 1735 3328 servorum
1742 3265 1816 3337 Dei,

210 3491 251 3566 (Ι)
267 3494 437 3554 Amalricus.
1023 3505 1147 3557 sentium
1172 3497 1307 3556 adhibere
1330 3495 1490 3571 dignemini
1511 3495 1596 3554 fidem
1617 3495 1816 3554 indubitatam.

210 3567 249 3638 ll)
265 3565 432 3624 hunaldum.
1024 3573 1126 3628 Datum
1142 3570 1252 3639 biteris,
1269 3571 1308 3628 lv
1322 3583 1413 3625 nonas
1427 3567 1597 3637 decembris,
1612 3581 1689 3624 auno
1707 3567 1788 3624 lali.
1804 3585 1817 3616 i

209 3640 238 3710 (3
266 3636 442 3694 bernardum
455 3635 491 3693 de
504 3635 640 3694 Goiiiaco.
1060 3641 1089 3708 (o
1119 3639 1318 3713 ltaymundum
1334 3641 1383 3700 Ill.

209 3711 238 3781 (li
267 3709 389 3764 Litteras
402 3721 453 3764 eus
467 3707 567 3764 recitat
579 3707 607 3762 iii
621 3707 698 3764 hunc
711 3703 829 3764 modum
842 3708 875 3764 D.
889 3706 970 3768 Veis
1071 3711 1088 3768 6
1116 3711 1214 3836 stpsst.
1227 3712 1335 3768 venire.

172 3781 273 3848 setius,
290 3785 309 3834 t.
326 3779 378 3846 ΙΙΙ,
389 3778 500 3848 probat.
516 3777 571 3834 col.
586 3777 647 3834 276.
1073 3783 1088 3838 7

211 3845 969 3908 ιΕιιοεΙΙειηΙειίιιιοιΙοιιιΙιιοθῑοιιιΙιιίιιιοΙιιῦΙιιίεῑο
1024 3851 1170 3908 inclinavit
1192 3865 1274 3908 suum
1298 3849 1461 3976 Philippum
1482 3849 1596 3907 diversa
1620 3853 1716 3904 tamaii
1736 3846 1819 3920 regni

172 3920 315 3994 Philippo,
329 3919 380 3976 bei
394 3918 497 3991 gratia,
512 3917 613 3977 illustri
628 3921 800 3976 Francorum
813 3919 886 3991 regi,
900 3921 970 3978 Con·
1024 3922 1194 3994 principium
1214 3919 1306 3978 studia
1328 3919 1384 3976 hau
1425 3919 1611 3992 compescuit,
1632 3925 1714 3989 prout
1732 3917 1821 3989 liquet

172 3991 270 4061 radus,
285 3988 414 4062 ejusdem
429 3989 611 4046 miseratione
627 3989 738 4048 Sancta
756 3987 876 4045 ltuflinue
891 3991 966 4062 epis·
1024 4008 1059 4050 eii
1071 4008 1103 4050 se
1124 3992 1200 4048 uenti
1219 3991 1256 4047 ad
1274 3989 1481 4058 theobaldum,
1493 3988 1657 4072 Campania
1671 3991 1816 4057 comitem,

172 4061 389 4142 copusetils'.
405 4061 528 4132 legatus,
543 4059 968 4142 Lodoveiisis,blagalonensis,
1023 4007 1154 4136 apiatas,
1171 4059 1437 4187 quaelegituraplud
1452 4059 1625 4120 Veissetium
1641 4057 1765 4142 ibidemg
1796 4127 1802 4140 ¹

172 4132 342 4189 biterrensis
364 4136 393 4186 et
417 4129 593 4202 agathensis
622 4143 761 4202 episcopi,
789 4130 912 4188 sulutem
939 4132 969 4188 in
1060 4132 1235 4205 «Philippus
1249 4131 1381 4189 comiti'l
1403 4129 1524 4188 ecbaldc
1542 4133 1686 4186 Trecenti.
1703 4130 1820 4188 llisistis

172 4201 284 4260 Christo
298 4203 377 4259 testi.
1024 4202 1059 4260 ad
1070 4217 1124 4260 nos
1135 4203 1244 4260 litteras
1253 4201 1408 4260 vestrasde
1418 4201 1563 4260 credentia
1577 4215 1628 4274 per
1637 4199 1824 4264 humbertum

210 4295 222 4323 «
246 4274 315 4331 Cum
338 4268 510 4327 venerabilis
532 4276 562 4327 et
580 4268 672 4326 fidelis
695 4277 792 4328 noster
811 4271 839 4328 in
858 4270 970 4330 Christo
1024 4270 1820 4345 Bcchlttum,quinobisdixit‚quodlegatusillhigeusis

171 4357 269 4400 comes
293 4342 452 4398 amalricus
473 4339 676 4412 supplicaverit
693 4341 775 4398 uobis
792 4355 843 4413 per
861 4342 970 4400 litteras
1024 4345 1134 4402 locutus
1149 4343 1240 4400 fuerat
1251 4357 1317 4400 cum
1334 4343 1479 4400 comitissa
1496 4348 1586 4399 matre
1602 4348 1708 4411 vestra,
1724 4349 1756 4398 ut
1768 4353 1822 4398 vos

171 4427 240 4470 suus
254 4420 283 4470 et
297 4427 347 4484 pei·
369 4412 489 4468 nuncios
509 4425 589 4480 suos,
605 4410 737 4469 videlicet
757 4411 876 4469 dilectos
896 4413 969 4471 lilios
1023 4414 1250 4472 intromitteretis
1264 4413 1301 4472 de
1315 4415 1432 4487 negotio
1449 4421 1530 4470 terre
1540 4412 1714 4486 Albigensis
1730 4418 1758 4471 et
1770 4426 1818 4468 ce·

171 4491 285 4541 nostros
306 4485 334 4540 C.
358 4482 560 4539 cancellarium
583 4481 711 4554 eJ'usdem
734 4482 769 4538 Α.
794 4482 917 4552 comitis,
941 4490 969 4540 et
1024 4486 1129 4558 paretis
1138 4499 1225 4556 super
1237 4483 1430 4542 vosailarium
1445 4483 1508 4541 Albi
1532 4497 1612 4550 ensa,
1626 4489 1654 4540 et
1668 4482 1820 4540 vosmulta

171 4553 287 4637 fratrem
306 4553 467 4635 iohannem
483 4552 736 4624 poenitentiamum,
751 4559 782 4609 ut
795 4552 966 4637 dignemini,
1023 4564 1052 4612 et
1073 4569 1179 4640 magna
1200 4553 1343 4612 haberetis
1365 4555 1467 4611 auxilia
1488 4497 1631 4681 ιιῆοὲιιο,
1651 4561 1680 4610 et
1697 4554 1774 4610 clero
1791 4558 1820 4609 et

168 4631 248 4698 Juxta
260 4623 469 4696 beneplacitum
481 4630 618 4690 vestrum,
630 4631 734 4680 terrani
746 4637 876 4696 accipere
887 4624 970 4683 vobis
1023 4626 1162 4692 ecclesiis,
1179 4625 1216 4682 ud
1234 4625 1309 4682 istud
1329 4624 1435 4683 factum
1454 4623 1546 4682 facien
1569 4639 1627 4681 uui.
1647 4625 1706 4681 Nos
1724 4630 1820 4680 autem

171 4705 200 4752 et
211 4694 371 4752 haeredibus
382 4693 484 4750 vestris
493 4693 522 4749 i'ii
533 4701 710 4765 perpetuum,
723 4708 808 4776 quam
822 4696 912 4752 tenuit
924 4696 969 4753 vel
1024 4695 1104 4753 vohis
1126 4696 1162 4753 ad
1182 4694 1239 4752 hoc
1253 4695 1470 4767 respondemus,
1493 4693 1568 4766 quod
1588 4693 1770 4750 commodum
1790 4697 1819 4748 et

172 4774 270 4822 tenere
285 4763 381 4822 debuit
401 4765 407 4819 i
431 4776 462 4820 se
480 4764 523 4820 vel
545 4773 624 4845 pater
642 4779 711 4820 suus
727 4779 757 4820 iii
777 4764 904 4837 partibus
919 4767 966 4822 Al·
1024 4766 1161 4824 honorem
1177 4773 1303 4823 vestrum
1317 4765 1463 4835 volumus;
1479 4773 1517 4832 et,
1528 4766 1551 4821 si
1564 4771 1778 4838 gentesvestrae
1792 4767 1822 4818 et

170 4835 318 4893 biensihus
337 4842 364 4892 et
388 4779 442 4890 sissi
466 4833 583 4916 vicinis3
605 4834 766 4918 gaudemus
792 4850 877 4907 super
903 4835 967 4905 boc,
1023 4838 1173 4894 consillum
1189 4844 1316 4893 vestrum
1331 4833 1820 4918 dederint-voblsqmddehocvos

171 4906 369 4963 desiderantes
380 4905 532 4962 ecclesiam
544 4911 573 4961 et
588 4912 694 4962 terrain
710 4905 786 4962 illam
798 4907 852 4962 sub
868 4905 967 4963 umbra
1024 4908 1226 4975 intromittetis,
1239 4906 1267 4962 id
1278 4906 1361 4964 nobis
1371 4921 1428 4964 non
1443 4905 1613 4977 displicebit,
1624 4905 1711 4963 salvis
1723 4909 1820 4960 umen

171 4977 258 5034 vestri
273 4975 398 5032 nominis
414 4974 579 5048 gubernari,
600 4983 628 5031 et
647 4981 783 5048 rogantes
800 4975 967 5046 affectuose,
1024 4977 1106 5036 iichis
1121 4978 1150 5035 iu
1172 4977 1306 5035 omnihus
1326 4975 1417 5035 feodis
1436 4983 1465 5034 ct
1487 4976 1610 5033 servitiis
1630 4974 1734 5032 uostris
1756 4974 1820 5032 sirie

172 5055 310 5119 quantum
340 5059 503 5118 possumus,
530 5053 672 5128 quatenus
698 5046 783 5128 celsae
811 5047 969 5119 majestatis
1024 5049 1191 5131 quaestione,
1205 5055 1234 5104 et
1248 5046 1362 5174 quaudo
1375 5063 1408 5104 eu
1424 5045 1531 5103 habere
1541 5044 1679 5128 volemus.
1693 5043 1729 5102 Et
1744 5043 1818 5103 scie·

173 5125 275 5176 vestrae
292 5118 372 5189 regia
388 5123 515 5189 potestas
530 5123 631 5172 intuitu
645 5117 733 5189 Regis
747 5131 859 5189 regum,
876 5125 904 5174 et
918 5132 969 5188 pro
1023 5126 1060 5177 tis
1075 5119 1150 5191 quod
1165 5118 1202 5176 de
1216 5133 1254 5176 nii
1266 5119 1292 5176 la
1309 5118 1498 5190 promissione
1514 5118 1645 5175 volumus
1662 5129 1692 5172 iii
1706 5114 1762 5174 hoc
1775 5114 1818 5173 af·

170 5188 280 5245 honore
301 5195 409 5244 sancta
432 5186 531 5244 matris
555 5186 691 5243 Ecclesia
708 5201 742 5243 ec
764 5188 845 5260 regni
871 5189 966 5256 vestri,
1023 5189 1340 5262 farionosligari,quia
1373 5203 1454 5246 uarie
1466 5193 1637 5259 nostraque
1647 5187 1676 5242 iii
1688 5193 1821 5258 promptu

171 5266 276 5316 terram
290 5257 458 5338 praedictam
470 5256 504 5314 ad
516 5256 687 5338 oblationem
700 5264 729 5338 et
741 5257 967 5330 resignationem
1023 5267 1076 5328 est,
1092 5261 1138 5318 vel
1153 5267 1264 5333 treuga,
1283 5274 1339 5316 non
1351 5205 1435 5316 {uret
1448 5259 1521 5314 iuter
1535 5272 1588 5314 nos
1602 5265 1631 5314 et
1646 5273 1744 5332 regem
1759 5259 1818 5315 ilii·

170 5329 238 5386 dicti
248 5329 362 5386 comitis
372 5327 531 5400 recipiatis3
545 5334 573 5384 et
584 5327 734 5384 invenietis
746 5343 798 5385 iios
810 5337 838 5386 et
850 5335 969 5386 ceteros
1022 5331 1099 5458 ΞΙΙω,
1113 5331 1169 5388 uisi
1184 5330 1219 5387 ab
1233 5331 1349 5387 instanti
1362 5329 1471 5387 Pascha
1484 5328 1512 5385 iii
1525 5343 1613 5385 unum
1627 5343 1745 5385 annum.
1759 5330 1820 5386 Nec

171 5400 305 5472 praelatos
318 5407 432 5470 paratos
443 5398 519 5454 vires
529 5405 641 5455 nostias
651 5397 798 5455 eflundeie
810 5399 837 5456 iu
852 5400 906 5456 hoc
917 5414 966 5456 ns·
1042 5409 1104 5458 ecet
1124 5415 1188 5470 nos,
1201 5407 1232 5458 ut
1247 5401 1358 5471 aliquas
1377 5400 1521 5472 imprisias
1537 5400 1686 5466 faciemus,
1700 5401 1768 5470 quiri
1783 5397 1819 5454 ad

171 5471 251 5542 gotio
264 5483 315 5541 pro
329 5468 418 5536 vobis,
435 5473 463 5524 et
479 5469 641 5539 expendere
652 5469 717 5540 quic
739 5468 786 5524 uid
801 5471 927 5528 Ecclesia
940 5471 966 5526 in
1022 5471 1218 5542 defensionem
1240 5479 1365 5528 nostram
1383 5477 1412 5528 et
1429 5471 1512 5544 regui
1526 5484 1710 5541 summopere
1724 5469 1817 5525 luteu-

171 5540 299 5613 partibus
310 5539 365 5596 illis
375 5538 461 5596 habet
471 5541 515 5596 vel
526 5546 570 5596 est
580 5538 720 5597 habitura.
785 5546 860 5597 statu
873 5548 968 5598 autem
1022 5542 1089 5599 dere
1102 5542 1261 5611 valeamus,
1277 5543 1373 5600 omniu
1387 5542 1442 5602 ulia
1457 5543 1574 5614 negotia
1589 5547 1685 5598 nostra
1701 5548 1817 5612 praeter·

171 5619 255 5668 terrie
269 5611 399 5669 ecclesie
409 5615 439 5667 et
452 5609 565 5668 comitis
579 5617 607 5666 et
619 5616 728 5680 nostro,
742 5609 879 5669 latoribus
893 5627 964 5685 prae·
1022 5615 1177 5672 mittentes.
1194 5633 1206 5663 i

1116 3781 1176 3837 Tuli
1197 3796 1231 3837 us
1248 3787 1277 3837 et
1296 3780 1383 3836 tantis
1404 3777 1597 3836 incitamentis
1616 3777 1743 3834 animum
1759 3788 1816 3834 ιιοιι
1921 3789 1923 3794 ’
