4262 6382
174 274 231 333 821

174 431 273 494 iolica
285 430 345 491 tibi
354 431 624 508 scriptetlrmiter
633 431 965 514 praecipiendoman-

175 529 303 596 damus,
317 530 479 604 quatenus
494 529 617 592 dictum
633 531 670 589 P.
696 531 733 589 in
754 529 837 591 testo
853 531 886 590 S.
900 528 966 590 Mi-

175 625 301 686 chaelis
327 625 490 701 proximo,
512 625 598 702 quod
625 626 688 688 sihi
716 627 789 687 ate
813 626 965 687 uolumus

174 722 351 782 terminum
368 722 624 798 peremptorium
637 723 816 797 assignari,
830 721 870 783 ad
882 737 964 782 nns-

174 818 260 885 tram
276 817 379 878 lacias
387 817 608 894 personaliter
615 819 729 880 venire
740 818 963 894 praesentiam,

176 913 326 993 eumdem
341 914 440 986 adid,
464 915 492 974 si
517 929 654 976 necesse
677 913 787 985 luerit,
809 931 869 991 per
887 930 966 976 cen-

176 1026 286 1070 suram
310 1011 579 1083 ecclesiasticam,
597 1012 818 1088 appellatione
834 1013 966 1090 postpo-

176 1108 252 1179 sita,
269 1107 488 1183 compellatis,
501 1107 592 1168 omni
614 1108 827 1170 alienationis
843 1123 965 1184 genere

175 1204 281 1266 eidem
296 1205 430 1264 interim
453 1205 584 1280 penitus
604 1205 790 1277 interdicto,
818 1219 967 1281 praecep·-

174 1301 244 1360 tum
258 1301 408 1361 nostrum
428 1302 545 1365 saltem
561 1301 596 1360 ln
609 1302 671 1362 boc
685 1301 732 1362 ita
742 1301 886 1363 sollicite
903 1302 967 1360 im-

174 1397 335 1472 pleturus,
350 1397 436 1472 quod
451 1397 487 1457 in
504 1399 536 1457 te
560 1397 713 1458 uideatur
739 1397 851 1474 aliqua
865 1398 967 1460 devo-

174 1493 275 1554 tionis
304 1495 336 1554 et
361 1493 558 1554 obedientiae
594 1494 774 1555 scintillula
802 1494 964 1554 relucere.

177 1592 294 1650 Datum
309 1589 474 1660 Laterani,
491 1591 567 1650 Xlll
592 1589 658 1651 ltal.
685 1592 813 1667 aprilis,
832 1591 967 1668 pontili-

176 1686 270 1747 catus
284 1687 390 1750 nostri
402 1701 490 1750 anno
503 1701 601 1752 nono.

407 1947 426 1956 “
524 1973 623 2060 cxx

175 2133 530 2208 Adarcbt'episcopnm
554 2125 791 2204 teleptensem,
803 2105 966 2196 “abbatem

213 2230 249 2290 s.
264 2230 408 2299 Nicosti,
429 2229 462 2290 et
486 2232 765 2292 archidiaconum
793 2234 966 2294 libamen-

213 2339 300 2386 tem.

452 2401 487 2460 ιο
502 2403 595 2460 martii
609 2403 686 2460 ltin.

201 2525 321 2588 [linget.
336 2525 382 2575 lib.
396 2525 441 2584 tlt,
454 2525 521 2592 epist
530 2527 584 2578 242.
597 2528 654 2578 lllss.
668 2529 704 2578 La
713 2528 791 2578 Porta
801 2527 836 2578 du
848 2526 943 2592 rnen]

174 2647 288 2706 llandat
307 2650 350 2706 eis
369 2657 402 2707 ut
413 2665 501 2723 super
512 2652 644 2723 querelas
657 2652 772 2724 capituli
786 2653 900 2710 ¹Sanctae
911 2653 966 2710 Nu·

208 2736 295 2806 trleis,
320 2740 371 2810 qni
399 2739 435 2796 de
465 2739 698 2801 incommoditate
732 2742 804 2800 ems
838 2741 967 2813 ipsorum

207 2827 328 2884 ecclesia
344 2827 547 2900 querebantur,
561 2827 752 2900 quodjustum
765 2830 857 2890 visum
871 2828 963 2897 luerit,

208 2920 343 2970 slatttant.

214 3036 961 3115 lionoriusepiscopus,servus'servorumbei,

173 3135 358 3195 venerabili
371 3133 505 3196 fratri...
521 3136 771 3213 archiepiscopo
787 3139 819 3199 et
833 3138 964 3199 dilectis

173 3231 288 3292 tiliis...
317 3232 428 3293 abbati
457 3233 569 3294 Sancti
592 3233 734 3305 Nicasii,
759 3236 827 3294 et...
853 3236 967 3298 archi·

173 3329 312 3390 diacono
329 3329 518 3402 Rhemensi,
536 3331 677 3391 salutem
693 3333 725 3392 et
741 3332 964 3408 Apostolicam

174 3425 448 3487 benedictionem.
845 3432 853 3451 '

217 3524 488 3598 Significantibus
527 3523 656 3586 dilectis
696 3525 776 3586 tiliis
819 3527 964 3603 capitulo

174 3622 302 3682 Sanctae
318 3621 467 3682 Nutricis
497 3622 694 3683 Rbemensis
719 3639 779 3684 nos
805 3625 965 3685 noveritis

172 3718 350 3794 accepisse,
384 3719 469 3795 quod
499 3719 592 3780 locus
618 3720 653 3780 in
672 3711 743 3796 ‘quo
774 3721 965 3783 eorumdem

172 3816 314 3876 ecclesia
327 3817 459 3877 noviter
483 3818 533 3878 est
553 3817 690 3880 lundata
712 3817 883 3880 acivitate
899 3821 966 3879 Re-

171 3913 278 3972 mensi
293 3928 397 3988 usque
412 3913 494 3974 adeo
518 3915 568 3976 est
590 3916 748 3986 remotus,
770 3931 875 3992 neque
891 3916 963 3992 ipso

172 4009 317 4068 naturali
333 4009 398 4070 situ
413 4009 453 4068 ad
477 4011 734 4071 construendum
750 4013 881 4088 ineptus
905 4029 966 4089 pa-

172 4106 264 4176 riter,
285 4106 318 4166 et
332 4105 502 4180 angustae,
529 4109 565 4167 nt
591 4109 726 4183 propter
748 4109 966 4170 incommodi-

170 4203 255 4264 tates
284 4201 474 4278 bujusmodi
498 4218 582 4264 nova
607 4204 712 4279 ipsius
736 4206 886 4267 ecclesiae
914 4208 966 4267 ia-

170 4299 262 4359 hrioa
277 4299 410 4370 nedum,
434 4299 520 4376 quod
533 4301 644 4361 valeat
657 4301 822 4378 ampliari,
835 4303 891 4364 sed
907 4305 966 4364 vix

787 272 1016 334 EPISTOLAE.
1040 271 1117 331 LIB.
1142 272 1197 332 tx.

1749 271 1810 332 822

1019 431 1134 491 nentes
1155 428 1322 503 negotium
1341 429 1556 491 memoratum
1576 429 1679 500 vohis,
1696 429 1752 507 qui
1767 431 1809 493 de
1885 507 1886 512 ἵ
1940 497 1949 522 ‚

1018 527 1101 603 ipsc,
1117 525 1235 602 eteius
1251 525 1509 586 circumstantiis
1525 526 1691 587 uniuersis
1703 527 1807 588 intel·
1904 533 1915 544 ‘

1019 617 1123 698 ligere
1136 621 1285 699 poteritis
1301 621 1429 698 plenius
1445 622 1628 694 veritatem,
1653 623 1808 686 duximus

1019 720 1287 781 committendum
1337 719 1529 782 discretioni
1572 722 1703 788 vestrae,
1749 737 1809 798 per

1018 817 1209 892 Apostolica
1246 816 1368 894 scripta
1403 815 1608 887 mandamus,
1646 819 1808 892 quatenus

1020 929 1119 989 super
1133 913 1313 989 praemissis
1335 912 1493 988 inquisita
1514 911 1705 988 diligentius
1719 913 1810 974 veri-

1018 1009 1097 1081 tate,
1126 1025 1227 1088 super
1257 1009 1407 1068 hiscum
1434 1008 1585 1080 consilio,
1610 1009 1643 1070 et
1670 1024 1810 1070 assensu

1020 1107 1193 1167 Remensis
1209 1106 1344 1182 capituli
1360 1107 1523 1176 statuatis,
1539 1105 1624 1184 quod
1645 1106 1811 1168 honorici

1020 1203 1154 1265 utilitati
1175 1203 1322 1279 ejusdem
1340 1202 1489 1263 ecclesiae
1511 1202 1692 1263 secundum
1707 1203 1810 1262 Deum

1019 1299 1179 1374 videritis,
1198 1301 1226 1360 si
1239 1301 1311 1359 sine
1326 1300 1483 1360 scandalo
1499 1299 1571 1359 ilari
1584 1299 1812 1374 poteritcxpe·
1888 1367 1891 1374 ¹

1020 1398 1102 1468 dire,
1118 1397 1287 1467 iacientes,
1307 1395 1392 1472 quod
1408 1395 1592 1457 statueritis
1613 1395 1812 1458 auctoritate

1020 1491 1221 1569 Apostolica,
1241 1492 1370 1554 sublato
1381 1491 1613 1568 appellationis
1628 1489 1809 1562 obstaculo,

1020 1589 1160 1651 tirmiter
1173 1589 1353 1650 observari.
1374 1589 1464 1660 Quod
1478 1589 1585 1649 sinon
1607 1601 1731 1658 omnes,
1746 1587 1808 1647 ebe.

1020 1688 1137 1749 Datum
1167 1687 1334 1758 Laterani,
1379 1688 1456 1748 Xill
1487 1685 1648 1746 kalendas
1681 1683 1808 1761 aprilis,

1021 1800 1109 1846 anno
1130 1799 1229 1845 nono.

1357 1953 1476 2038 CXXI

1150 2093 1202 2153 Ad
1218 2095 1411 2167 episcopum
1426 2095 1677 2154 pictavensem.

1295 2223 1435 2282 tonanti
1454 2223 1533 2284 litt.

1037 2338 1156 2403 [negem.
1175 2337 1220 2388 lib.
1231 2339 1275 2398 tx,
1286 2337 1362 2404 epist.
1374 2337 1429 2388 280.
1443 2339 1499 2388 iles.
1513 2339 1550 2390 La
1560 2338 1637 2388 Porto
1655 2336 1689 2388 tiu
1702 2336 1796 2402 Tacit]

1020 2453 1098 2510 Fecit
1108 2453 1135 2510 ei
1142 2451 1303 2525 specialiter
1314 2459 1484 2525 potestatem
1492 2452 1813 2511 excessussnbditorttm

1261 2555 1377 2600 suorum
1395 2541 1567 2614 corrigendi.
1680 2559 1688 2568 ·

1027 2665 1028 2668 ’
1058 2659 1237 2730 Honorius,
1258 2659 1332 2731 etc,
1356 2657 1540 2719 venerabili
1561 2658 1694 2719 tratri...
1720 2659 1814 2735 epis-

1020 2771 1101 2832 copo
1115 2755 1314 2826 Pictavensi‚
1330 2755 1481 2826 salutem,
1496 2757 1558 2816 etc.

1060 2853 1152 2912 Licet
1184 2852 1225 2911 ad
1246 2852 1478 2927 corrigendum
1504 2851 1710 2912 subditorum
1732 2853 1814 2912 tuo-

1019 2967 1091 3010 rum
1110 2963 1268 3010 excessus
1284 2949 1482 3010 auctoritate
1497 2949 1677 3026 procedere
1698 2947 1813 3010 valeas

1019 3045 1197 3108 ordinariae
1213 3046 1396 3122 potestatis,
1411 3047 1447 3107 ut
1461 3047 1583 3118 tamen,
1603 3045 1812 3108 auctoritatis

1019 3145 1142 3206 nostrae
1160 3143 1274 3220 vigore
1288 3143 1452 3215 suffultus,
1470 3143 1609 3203 liberius
1623 3159 1680 3204 eos
1707 3142 1817 3203 corri-

1018 3241 1229 3320 gereraleaS,
1238 3241 1354 3302 eituus
1364 3241 1570 3302 reverentius
1579 3239 1816 3301 observaretur

1018 3341 1054 3401 in
1078 3339 1274 3414 corrigendo
1299 3351 1485 3415 processus,
1508 3353 1583 3399 cum
1605 3337 1679 3414 plus
1701 3335 1813 3398 timeri

1019 3437 1135 3507 soleat,
1160 3435 1246 3512 quod
1270 3437 1460 3512 specialiter
1487 3435 1688 3511 indulgetur,
1714 3449 1813 3511 qnam

1019 3533 1103 3611 quod
1117 3531 1226 3594 edicto
1239 3531 1437 3594 concludere
1451 3533 1610 3609 generali,
1624 3547 1684 3593 nos
1698 3531 1817 3592 irater·

1018 3629 1132 3692 nitatis
1157 3631 1223 3691 tuat
1249 3630 1402 3705 precibus
1417 3631 1581 3701 inclinati,
1599 3629 1815 3705 presentium

1019 3727 1078 3788 tibi
1096 3727 1294 3788 auctoritate
1311 3727 1534 3796 concedimus,
1553 3727 1590 3786 ut
1611 3741 1686 3786 cum
1706 3725 1816 3785 eccle·
1867 3771 1869 3780 ι

1019 3825 1144 3884 siarum
1157 3823 1288 3900 praelati
1301 3823 1342 3882 ad
1358 3823 1591 3897 corrigendum
1606 3821 1814 3882 subditorum

1019 3935 1176 3981 excessus
1196 3920 1340 3980 maxime
1361 3920 1559 3980 clericorum
1580 3918 1722 3980 debeant
1736 3919 1815 3978 dili·

1019 4019 1137 4093 genter
1149 4017 1331 4089 intendere,
1348 4033 1390 4078 ne
1405 4017 1541 4092 sanguis
1552 4031 1668 4076 eorum
1684 4016 1724 4076 de
1742 4016 1813 4076 suis

1019 4115 1172 4176 manibus
1191 4115 1390 4190 requiratur,
1414 4117 1447 4176 et
1462 4114 1630 4190 prouideri
1645 4111 1811 4190 expediat,

1020 4213 1107 4273 unde
1119 4212 1336 4273 correctionis
1356 4215 1388 4274 et
1407 4211 1654 4273 reformationis
1666 4209 1811 4271 cilicium

1019 4308 1128 4369 valeat
1138 4306 1308 4367 eltlcacius
1324 4305 1486 4378 exerceri,
1503 4321 1568 4366 non
1584 4305 1734 4367 obstante
1750 4304 1814 4364 iri-

171 4397 271 4456 etiam
283 4396 367 4456 bene
387 4399 492 4473 coepta
506 4413 589 4473 pene
612 4399 743 4474 penitus
757 4399 963 4474 negligerem
1018 4405 1103 4465 volae
1121 4403 1353 4480 appellationis
1369 4404 1498 4480 objectu
1514 4418 1611 4480 quam
1629 4419 1718 4479 saepe
1733 4402 1814 4463 sub-

170 4493 411 4570 propterquod
437 4495 598 4570 contingit
621 4495 797 4568 interdum,
825 4499 861 4558 ut
887 4498 964 4558 dum
1015 4502 1106 4579 jecti,
1123 4505 1158 4561 ut
1172 4501 1412 4562 correctionem
1424 4501 1557 4562 valeant
1570 4500 1716 4572 eludere,
1732 4515 1815 4575 prae-

170 4591 963 4669 clericideciuitateillucpropterlocidistantiam
1019 4601 1162 4660 latorum
1183 4601 1298 4659 contre
1323 4599 1534 4674 disciplinam
1550 4597 1812 4658 ecclesiasticam

171 4688 339 4749 commode
372 4689 538 4765 nequeant
570 4689 761 4761 convenire,
789 4690 866 4766 quia
901 4705 964 4752 nec
1018 4697 1244 4773 interponunt,
1258 4695 1362 4756 libere
1376 4695 1556 4770 corrigere,
1574 4709 1613 4754 ac
1630 4693 1812 4754 reformare

170 4788 307 4862 possunt
322 4789 455 4862 propter
476 4786 687 4846 mansionum
703 4787 865 4848 delectum
880 4787 964 4850 inibi
1017 4793 1142 4864 valeas,
1171 4809 1246 4869 quae
1272 4792 1359 4852 circa
1384 4791 1550 4866 praelatos,
1576 4791 1609 4850 et
1633 4789 1810 4866 subjectos,

170 4897 316 4958 congrue
332 4883 490 4952 residere,
506 4881 598 4942 locus
617 4885 689 4959 ipse
702 4883 812 4946 debito
828 4886 964 4948 servitio
1018 4887 1622 4964 sivereligiososdioecesanotlbtjure
1633 4886 1809 4962 subjectos,

169 4981 396 5041 ‹letraudatun
413 4982 524 5050 Quare
548 4995 566 5039 a
583 4979 678 5040 nobis
694 4982 865 5043 humiliter
886 4999 966 5058 pos·
1018 4987 1237 5049 correctionis
1253 4987 1285 5046 el
1298 4984 1542 5045 reformationis
1551 4983 1660 5044 olticio
1677 4984 1812 5044 noveris

115 5091 120 5100 ·
171 5079 329 5150 tutabant,
344 5079 378 5139 ut
392 5093 467 5138 cum
488 5077 775 5154 ecclesiamipsam
793 5082 965 5157 expediret
1018 5085 1178 5160 indigere,
1199 5081 1559 5158 itatamen,quodhoc
1585 5097 1651 5142 non
1673 5083 1811 5158 majoris

171 5176 278 5250 potius
291 5168 332 5236 ad
348 5177 458 5236 locum
474 5176 580 5251 magis
596 5176 762 5248 idoneum,
782 5181 815 5238 et
836 5177 963 5240 civitati
1019 5179 1228 5242 auctoritatis
1253 5179 1417 5255 cupidine,
1433 5178 1489 5240 sed
1501 5178 1571 5239 zelo
1586 5179 1732 5240 ridearis
1743 5183 1813 5256 jus-

170 5271 314 5332 vicinum
327 5273 513 5345 transferri,
525 5289 624 5350 quam
640 5273 688 5333 sic
703 5289 775 5334 eam
787 5291 861 5334 cum
872 5277 962 5338 tanta
1018 5279 1100 5341 tiliae
1112 5279 1311 5354 postulasse.
1335 5277 1427 5336 Nulli
1443 5291 1534 5350 ergo,
1551 5279 1627 5348 etc,
1644 5276 1729 5336 lianc
1750 5291 1811 5352 pa·

171 5369 440 5430 incommoditate
466 5371 622 5448 relinqui,
655 5371 830 5446 providere
864 5389 965 5450 super
1017 5377 1129 5451 pinam
1161 5380 1282 5435 nostrae
1312 5373 1549 5444 concessionis,
1585 5375 1647 5434 etc.
1672 5374 1707 5433 Si
1736 5373 1811 5449 quis

171 5466 233 5526 lloc
249 5467 510 5528 misericorditer
532 5467 756 5544 dignaremur.
777 5471 846 5529 Nos
861 5471 964 5546 igitur
1018 5476 1140 5543 autem,
1157 5475 1219 5533 etc.
1241 5473 1359 5532 Datum
1375 5471 1542 5543 Laterani,
1557 5473 1634 5531 Xlll
1651 5469 1811 5532 kalendas

170 5563 209 5622 de
225 5563 424 5625 discretione
440 5565 549 5627 vestre
563 5566 694 5642 plenam
708 5565 862 5628 liduciam
878 5568 965 5632 obti-
1018 5570 1147 5647 aprilis,
1163 5585 1251 5631 anno
1267 5583 1364 5630 nono.
