<?xml version="1.0" encoding="UTF-8"?>
<!DOCTYPE html PUBLIC "-//W3C//DTD XHTML 1.0 Transitional//EN"
    "http://www.w3.org/TR/xhtml1/DTD/xhtml1-transitional.dtd">
<html xmlns="http://www.w3.org/1999/xhtml" xml:lang="en" lang="en">
 <head>
  <title>
</title>
<meta http-equiv="Content-Type" content="text/html;charset=utf-8" />
  <meta name='ocr-system' content='tesseract 3.04.00' />
  <meta name='ocr-capabilities' content='ocr_page ocr_carea ocr_par ocr_line ocrx_word'/>
</head>
<body>
  <div class='ocr_page' id='page_1' title='image "./mediiaevibiblio00unkngoog_0530.png"; bbox 0 0 4226 6372; ppageno 0'>
   <div class='ocr_carea' id='block_1_1' title="bbox 361 269 2029 336">
    <p class='ocr_par' dir='ltr' id='par_1_1' title="bbox 361 269 2029 336">
     <span class='ocr_line' id='line_1_1' title="bbox 361 269 2029 336; baseline 0.002 -4"><span class='ocrx_word' id='word_1_1' title='bbox 361 269 421 332; x_wconf 79' lang='lat'>935</span> <span class='ocrx_word' id='word_1_2' title='bbox 974 273 1149 333; x_wconf 86' lang='lat' dir='ltr'>HONORII</span> <span class='ocrx_word' id='word_1_3' title='bbox 1161 274 1217 332; x_wconf 89' lang='lat'><em>.111</em></span> <span class='ocrx_word' id='word_1_4' title='bbox 1239 275 1388 334; x_wconf 79' lang='lat' dir='ltr'><strong>OPERA.</strong></span> <span class='ocrx_word' id='word_1_5' title='bbox 1965 275 2029 336; x_wconf 89' lang='grc'>936</span> 
     </span>
    </p>
   </div>
   <div class='ocr_carea' id='block_1_2' title="bbox 359 429 2028 1862">
    <p class='ocr_par' dir='ltr' id='par_1_2' title="bbox 359 429 2028 1477">
     <span class='ocr_line' id='line_1_2' title="bbox 361 429 2028 509; baseline 0 -15"><span class='ocrx_word' id='word_1_6' title='bbox 361 432 522 509; x_wconf 89' lang='lat' dir='ltr'>reputatis</span> <span class='ocrx_word' id='word_1_7' title='bbox 538 431 685 502; x_wconf 89' lang='lat' dir='ltr'>idoneos,</span> <span class='ocrx_word' id='word_1_8' title='bbox 712 429 902 492; x_wconf 88' lang='lat' dir='ltr'>mandatum</span> <span class='ocrx_word' id='word_1_9' title='bbox 924 431 1156 492; x_wconf 86' lang='lat' dir='ltr'>universorum</span> <span class='ocrx_word' id='word_1_10' title='bbox 1211 431 1251 492; x_wconf 89' lang='lat' dir='ltr'>de</span> <span class='ocrx_word' id='word_1_11' title='bbox 1268 447 1410 508; x_wconf 87' lang='lat' dir='ltr'>persona</span> <span class='ocrx_word' id='word_1_12' title='bbox 1434 431 1553 493; x_wconf 86' lang='lat' dir='ltr'>idonea</span> <span class='ocrx_word' id='word_1_13' title='bbox 1577 447 1637 509; x_wconf 90' lang='lat' dir='ltr'>per</span> <span class='ocrx_word' id='word_1_14' title='bbox 1655 432 1851 494; x_wconf 82' lang='lat' dir='ltr'>electionem</span> <span class='ocrx_word' id='word_1_15' title='bbox 1875 436 2028 494; x_wconf 90' lang='lat' dir='ltr'>canoni-</span> 
     </span>
     <span class='ocr_line' id='line_1_3' title="bbox 361 527 2026 606; baseline 0.002 -16"><span class='ocrx_word' id='word_1_16' title='bbox 361 528 531 600; x_wconf 90' lang='lat' dir='ltr'>habentes,</span> <span class='ocrx_word' id='word_1_17' title='bbox 550 529 711 604; x_wconf 86' lang='lat' dir='ltr'>usquead</span> <span class='ocrx_word' id='word_1_18' title='bbox 726 527 913 604; x_wconf 84' lang='lat' dir='ltr'>proximum</span> <span class='ocrx_word' id='word_1_19' title='bbox 932 527 1051 590; x_wconf 86' lang='lat' dir='ltr'>sestam</span> <span class='ocrx_word' id='word_1_20' title='bbox 1073 529 1154 604; x_wconf 83' lang='lat' dir='ltr'>Epi·</span> <span class='ocrx_word' id='word_1_21' title='bbox 1210 544 1282 589; x_wconf 90' lang='lat' dir='ltr'>cam</span> <span class='ocrx_word' id='word_1_22' title='bbox 1297 530 1333 588; x_wconf 91' lang='lat' dir='ltr'>in</span> <span class='ocrx_word' id='word_1_23' title='bbox 1348 530 1491 606; x_wconf 89' lang='lat' dir='ltr'>pastore,</span> <span class='ocrx_word' id='word_1_24' title='bbox 1510 529 1567 606; x_wconf 87' lang='lat' dir='ltr'>qui</span> <span class='ocrx_word' id='word_1_25' title='bbox 1580 529 1674 590; x_wconf 92' lang='lat' dir='ltr'>tanto</span> <span class='ocrx_word' id='word_1_26' title='bbox 1689 532 1855 604; x_wconf 88' lang='lat' dir='ltr'>congruat</span> <span class='ocrx_word' id='word_1_27' title='bbox 1872 531 1979 590; x_wconf 89' lang='lat' dir='ltr'>oneri</span> <span class='ocrx_word' id='word_1_28' title='bbox 1994 535 2026 593; x_wconf 89' lang='lat' dir='ltr'>et</span> 
     </span>
     <span class='ocr_line' id='line_1_4' title="bbox 361 625 2024 703; baseline 0.001 -17"><span class='ocrx_word' id='word_1_29' title='bbox 361 625 550 703; x_wconf 84' lang='lat' dir='ltr'>phaniaead</span> <span class='ocrx_word' id='word_1_30' title='bbox 574 633 721 686; x_wconf 86' lang='lat' dir='ltr'>nostram</span> <span class='ocrx_word' id='word_1_31' title='bbox 744 625 954 702; x_wconf 87' lang='lat' dir='ltr'>praesentiam</span> <span class='ocrx_word' id='word_1_32' title='bbox 978 626 1154 686; x_wconf 89' lang='lat' dir='ltr'>transmit·</span> <span class='ocrx_word' id='word_1_33' title='bbox 1212 626 1342 686; x_wconf 90' lang='lat' dir='ltr'>honori.</span> <span class='ocrx_word' id='word_1_34' title='bbox 1371 629 1494 687; x_wconf 87' lang='lat' dir='ltr'>Verum</span> <span class='ocrx_word' id='word_1_35' title='bbox 1519 641 1561 687; x_wconf 86' lang='lat' dir='ltr'>ne</span> <span class='ocrx_word' id='word_1_36' title='bbox 1593 627 1774 703; x_wconf 86' lang='lat' dir='ltr'>obrependi</span> <span class='ocrx_word' id='word_1_37' title='bbox 1801 627 1943 688; x_wconf 86' lang='lat' dir='ltr'>dolosis</span> <span class='ocrx_word' id='word_1_38' title='bbox 1972 630 2024 688; x_wconf 80' lang='lat' dir='ltr'>vel</span> 
     </span>
     <span class='ocr_line' id='line_1_5' title="bbox 359 721 2023 800; baseline 0.002 -17"><span class='ocrx_word' id='word_1_39' title='bbox 359 723 448 795; x_wconf 83' lang='lat' dir='ltr'>tatis,</span> <span class='ocrx_word' id='word_1_40' title='bbox 462 721 753 799; x_wconf 89' lang='lat' dir='ltr'>quorumconsilio</span> <span class='ocrx_word' id='word_1_41' title='bbox 768 722 809 782; x_wconf 91' lang='lat' dir='ltr'>de</span> <span class='ocrx_word' id='word_1_42' title='bbox 821 737 963 798; x_wconf 90' lang='lat' dir='ltr'>persona</span> <span class='ocrx_word' id='word_1_43' title='bbox 978 721 1156 798; x_wconf 78' lang='lat' dir='ltr'>providoa-</span> <span class='ocrx_word' id='word_1_44' title='bbox 1212 721 1367 783; x_wconf 82' lang='lat' dir='ltr'>violentis</span> <span class='ocrx_word' id='word_1_45' title='bbox 1387 722 1480 782; x_wconf 88' lang='lat' dir='ltr'>locus</span> <span class='ocrx_word' id='word_1_46' title='bbox 1504 723 1616 798; x_wconf 85' lang='lat' dir='ltr'>pateat</span> <span class='ocrx_word' id='word_1_47' title='bbox 1635 723 1855 800; x_wconf 90' lang='lat' dir='ltr'>irrumpendi,</span> <span class='ocrx_word' id='word_1_48' title='bbox 1887 722 2023 786; x_wconf 88' lang='lat' dir='ltr'>dilectis</span> 
     </span>
     <span class='ocr_line' id='line_1_6' title="bbox 360 819 2024 895; baseline 0.001 -15"><span class='ocrx_word' id='word_1_49' title='bbox 360 837 434 880; x_wconf 91' lang='lat' dir='ltr'>mus</span> <span class='ocrx_word' id='word_1_50' title='bbox 459 821 576 880; x_wconf 87' lang='lat' dir='ltr'>idonea</span> <span class='ocrx_word' id='word_1_51' title='bbox 602 819 751 880; x_wconf 87' lang='lat' dir='ltr'>ecclesiae</span> <span class='ocrx_word' id='word_1_52' title='bbox 773 821 974 880; x_wconf 78' lang='lat' dir='ltr'>memoratae.</span> <span class='ocrx_word' id='word_1_53' title='bbox 998 819 1155 895; x_wconf 85' lang='lat' dir='ltr'>Alioquin</span> <span class='ocrx_word' id='word_1_54' title='bbox 1216 819 1294 880; x_wconf 85' lang='lat' dir='ltr'>tiliis</span> <span class='ocrx_word' id='word_1_55' title='bbox 1309 819 1350 880; x_wconf 90' lang='lat' dir='ltr'>de</span> <span class='ocrx_word' id='word_1_56' title='bbox 1365 819 1629 892; x_wconf 87' lang='lat' dir='ltr'>Hesetbebusen,</span> <span class='ocrx_word' id='word_1_57' title='bbox 1646 821 1679 880; x_wconf 92' lang='lat' dir='ltr'>et</span> <span class='ocrx_word' id='word_1_58' title='bbox 1697 821 1737 880; x_wconf 89' lang='lat' dir='ltr'>de</span> <span class='ocrx_word' id='word_1_59' title='bbox 1755 820 1950 880; x_wconf 85' lang='lat' dir='ltr'>Bredelara</span> <span class='ocrx_word' id='word_1_60' title='bbox 1966 821 2024 881; x_wconf 87' lang='lat' dir='ltr'>ab·</span> 
     </span>
     <span class='ocr_line' id='line_1_7' title="bbox 361 914 2023 993; baseline -0.001 -15"><span class='ocrx_word' id='word_1_61' title='bbox 361 917 533 986; x_wconf 90' lang='lat' dir='ltr'>noveritis,</span> <span class='ocrx_word' id='word_1_62' title='bbox 561 916 660 993; x_wconf 86' lang='lat' dir='ltr'>quod,</span> <span class='ocrx_word' id='word_1_63' title='bbox 688 931 763 976; x_wconf 92' lang='lat' dir='ltr'>cum</span> <span class='ocrx_word' id='word_1_64' title='bbox 787 931 880 976; x_wconf 92' lang='lat' dir='ltr'>mora</span> <span class='ocrx_word' id='word_1_65' title='bbox 906 917 942 974; x_wconf 92' lang='lat' dir='ltr'>in</span> <span class='ocrx_word' id='word_1_66' title='bbox 968 914 1092 976; x_wconf 91' lang='lat' dir='ltr'>talibus</span> <span class='ocrx_word' id='word_1_67' title='bbox 1113 917 1156 978; x_wconf 94' lang='lat' dir='ltr'>sit</span> <span class='ocrx_word' id='word_1_68' title='bbox 1213 914 1356 988; x_wconf 76' lang='lat' dir='ltr'>batibuS,</span> <span class='ocrx_word' id='word_1_69' title='bbox 1383 915 1667 978; x_wconf 88' lang='lat' dir='ltr'>Paderbornensis</span> <span class='ocrx_word' id='word_1_70' title='bbox 1696 917 1867 988; x_wconf 87' lang='lat' dir='ltr'>dioecesis,</span> <span class='ocrx_word' id='word_1_71' title='bbox 1894 918 2023 978; x_wconf 86' lang='lat' dir='ltr'>nostris</span> 
     </span>
     <span class='ocr_line' id='line_1_8' title="bbox 362 1011 2022 1088; baseline 0.001 -14"><span class='ocrx_word' id='word_1_72' title='bbox 362 1015 532 1084; x_wconf 88' lang='lat' dir='ltr'>damnosa,</span> <span class='ocrx_word' id='word_1_73' title='bbox 547 1029 590 1073; x_wconf 81' lang='lat' dir='ltr'>ex</span> <span class='ocrx_word' id='word_1_74' title='bbox 602 1014 681 1074; x_wconf 89' lang='lat' dir='ltr'>tunc</span> <span class='ocrx_word' id='word_1_75' title='bbox 704 1013 811 1074; x_wconf 89' lang='lat' dir='ltr'>eidem</span> <span class='ocrx_word' id='word_1_76' title='bbox 835 1011 1081 1088; x_wconf 87' lang='lat' dir='ltr'>providebimus</span> <span class='ocrx_word' id='word_1_77' title='bbox 1094 1028 1154 1073; x_wconf 91' lang='lat' dir='ltr'>eo·</span> <span class='ocrx_word' id='word_1_78' title='bbox 1211 1012 1361 1074; x_wconf 87' lang='lat' dir='ltr'>dedimus</span> <span class='ocrx_word' id='word_1_79' title='bbox 1389 1013 1510 1075; x_wconf 83' lang='lat' dir='ltr'>litteris</span> <span class='ocrx_word' id='word_1_80' title='bbox 1544 1014 1579 1074; x_wconf 91' lang='lat' dir='ltr'>in</span> <span class='ocrx_word' id='word_1_81' title='bbox 1603 1013 1780 1082; x_wconf 87' lang='lat' dir='ltr'>mandatis,</span> <span class='ocrx_word' id='word_1_82' title='bbox 1819 1016 1859 1076; x_wconf 87' lang='lat' dir='ltr'>ut</span> <span class='ocrx_word' id='word_1_83' title='bbox 1888 1031 1955 1076; x_wconf 90' lang='lat' dir='ltr'>vos</span> <span class='ocrx_word' id='word_1_84' title='bbox 1982 1017 2022 1075; x_wconf 92' lang='lat' dir='ltr'>ad</span> 
     </span>
     <span class='ocr_line' id='line_1_9' title="bbox 362 1109 2022 1187; baseline 0 -15"><span class='ocrx_word' id='word_1_85' title='bbox 362 1112 472 1172; x_wconf 86' lang='lat' dir='ltr'>elesiae</span> <span class='ocrx_word' id='word_1_86' title='bbox 488 1126 547 1187; x_wconf 91' lang='lat' dir='ltr'>per</span> <span class='ocrx_word' id='word_1_87' title='bbox 572 1126 632 1170; x_wconf 90' lang='lat' dir='ltr'>nos</span> <span class='ocrx_word' id='word_1_88' title='bbox 650 1111 751 1186; x_wconf 89' lang='lat' dir='ltr'>ipsos.</span> <span class='ocrx_word' id='word_1_89' title='bbox 768 1111 886 1171; x_wconf 86' lang='lat' dir='ltr'>Datum</span> <span class='ocrx_word' id='word_1_90' title='bbox 902 1111 1015 1180; x_wconf 87' lang='lat' dir='ltr'>Reate,</span> <span class='ocrx_word' id='word_1_91' title='bbox 1034 1109 1156 1170; x_wconf 80' lang='lat' dir='ltr'>Vlla·</span> <span class='ocrx_word' id='word_1_92' title='bbox 1210 1109 1406 1172; x_wconf 87' lang='lat' dir='ltr'>electionem</span> <span class='ocrx_word' id='word_1_93' title='bbox 1435 1111 1630 1172; x_wconf 87' lang='lat' dir='ltr'>oanonioam</span> <span class='ocrx_word' id='word_1_94' title='bbox 1664 1110 1909 1173; x_wconf 82' lang='lat' dir='ltr'>celebrandam</span> <span class='ocrx_word' id='word_1_95' title='bbox 1949 1128 2022 1172; x_wconf 91' lang='lat' dir='ltr'>mo-</span> 
     </span>
     <span class='ocr_line' id='line_1_10' title="bbox 361 1206 2020 1284; baseline 0.001 -16"><span class='ocrx_word' id='word_1_96' title='bbox 361 1206 477 1268; x_wconf 90' lang='lat' dir='ltr'>lendas</span> <span class='ocrx_word' id='word_1_97' title='bbox 505 1207 660 1279; x_wconf 87' lang='lat' dir='ltr'>octobris,</span> <span class='ocrx_word' id='word_1_98' title='bbox 689 1207 900 1284; x_wconf 85' lang='lat' dir='ltr'>pontificatus</span> <span class='ocrx_word' id='word_1_99' title='bbox 934 1207 1039 1268; x_wconf 86' lang='lat' dir='ltr'>nostri</span> <span class='ocrx_word' id='word_1_100' title='bbox 1067 1223 1156 1270; x_wconf 90' lang='lat' dir='ltr'>anno</span> <span class='ocrx_word' id='word_1_101' title='bbox 1211 1207 1312 1268; x_wconf 90' lang='lat' dir='ltr'>neant</span> <span class='ocrx_word' id='word_1_102' title='bbox 1326 1207 1524 1284; x_wconf 88' lang='lat' dir='ltr'>propensius</span> <span class='ocrx_word' id='word_1_103' title='bbox 1538 1209 1571 1268; x_wconf 87' lang='lat' dir='ltr'>et</span> <span class='ocrx_word' id='word_1_104' title='bbox 1584 1207 1755 1269; x_wconf 89' lang='lat' dir='ltr'>inducant.</span> <span class='ocrx_word' id='word_1_105' title='bbox 1783 1211 1902 1280; x_wconf 85' lang='lat' dir='ltr'>Quare</span> <span class='ocrx_word' id='word_1_106' title='bbox 1925 1209 2020 1270; x_wconf 75' lang='lat' dir='ltr'>vobis</span> 
     </span>
     <span class='ocr_line' id='line_1_11' title="bbox 363 1304 2020 1382; baseline 0.001 -18"><span class='ocrx_word' id='word_1_107' title='bbox 363 1304 502 1368; x_wconf 87' lang='lat' dir='ltr'>decimo.</span> <span class='ocrx_word' id='word_1_108' title='bbox 1211 1304 1426 1380; x_wconf 76' lang='lat' dir='ltr'>injungimus,</span> <span class='ocrx_word' id='word_1_109' title='bbox 1446 1307 1482 1366; x_wconf 93' lang='lat' dir='ltr'>ut</span> <span class='ocrx_word' id='word_1_110' title='bbox 1504 1305 1538 1364; x_wconf 93' lang='lat' dir='ltr'>in</span> <span class='ocrx_word' id='word_1_111' title='bbox 1565 1305 1728 1366; x_wconf 85' lang='lat' dir='ltr'>electione</span> <span class='ocrx_word' id='word_1_112' title='bbox 1754 1306 1871 1366; x_wconf 89' lang='lat' dir='ltr'>taliter</span> <span class='ocrx_word' id='word_1_113' title='bbox 1898 1321 2020 1382; x_wconf 89' lang='lat' dir='ltr'>proce-</span> 
     </span>
     <span class='ocr_line' id='line_1_12' title="bbox 1212 1400 2020 1477; baseline 0.005 -17"><span class='ocrx_word' id='word_1_114' title='bbox 1212 1400 1309 1470; x_wconf 74' lang='lat' dir='ltr'>datis</span> <span class='ocrx_word' id='word_1_115' title='bbox 1328 1401 1413 1477; x_wconf 84' lang='lat' dir='ltr'>quod</span> <span class='ocrx_word' id='word_1_116' title='bbox 1429 1401 1571 1462; x_wconf 86' lang='lat' dir='ltr'>ecclesia</span> <span class='ocrx_word' id='word_1_117' title='bbox 1596 1402 1689 1463; x_wconf 95' lang='lat' dir='ltr'>nullo</span> <span class='ocrx_word' id='word_1_118' title='bbox 1712 1403 1858 1463; x_wconf 89' lang='lat' dir='ltr'>dissidio</span> <span class='ocrx_word' id='word_1_119' title='bbox 1887 1403 2020 1464; x_wconf 87' lang='lat' dir='ltr'>lacere-</span> 
     </span>
    </p>

    <p class='ocr_par' dir='ltr' id='par_1_3' title="bbox 713 1494 2017 1595">
     <span class='ocr_line' id='line_1_13' title="bbox 713 1494 2017 1595; baseline 0.004 -40"><span class='ocrx_word' id='word_1_120' title='bbox 713 1510 800 1595; x_wconf 66' lang='grc' dir='ltr'>ΧΗ</span> <span class='ocrx_word' id='word_1_121' title='bbox 1211 1494 1276 1568; x_wconf 91' lang='lat' dir='ltr'>tur,</span> <span class='ocrx_word' id='word_1_122' title='bbox 1289 1513 1350 1558; x_wconf 89' lang='lat' dir='ltr'>nec</span> <span class='ocrx_word' id='word_1_123' title='bbox 1371 1514 1430 1560; x_wconf 89' lang='lat' dir='ltr'>vos</span> <span class='ocrx_word' id='word_1_124' title='bbox 1446 1499 1567 1560; x_wconf 81' lang='lat' dir='ltr'>exinde</span> <span class='ocrx_word' id='word_1_125' title='bbox 1590 1501 1712 1576; x_wconf 88' lang='lat' dir='ltr'>praeter</span> <span class='ocrx_word' id='word_1_126' title='bbox 1734 1498 1899 1560; x_wconf 90' lang='lat' dir='ltr'>damnum</span> <span class='ocrx_word' id='word_1_127' title='bbox 1917 1516 2017 1560; x_wconf 87' lang='lat' dir='ltr'>cons-</span> 
     </span>
    </p>

    <p class='ocr_par' dir='ltr' id='par_1_4' title="bbox 608 1594 2014 1862">
     <span class='ocr_line' id='line_1_14' title="bbox 1211 1594 2013 1671; baseline 0.002 -17"><span class='ocrx_word' id='word_1_128' title='bbox 1211 1594 1341 1655; x_wconf 87' lang='lat' dir='ltr'>cientiae</span> <span class='ocrx_word' id='word_1_129' title='bbox 1350 1611 1481 1671; x_wconf 89' lang='lat' dir='ltr'>poenam</span> <span class='ocrx_word' id='word_1_130' title='bbox 1495 1596 1598 1656; x_wconf 88' lang='lat' dir='ltr'>olilcii</span> <span class='ocrx_word' id='word_1_131' title='bbox 1608 1596 1669 1658; x_wconf 87' lang='lat' dir='ltr'>veb</span> <span class='ocrx_word' id='word_1_132' title='bbox 1677 1596 1831 1658; x_wconf 87' lang='lat' dir='ltr'>beneficii</span> <span class='ocrx_word' id='word_1_133' title='bbox 1841 1598 2013 1667; x_wconf 70' lang='lat' dir='ltr'>sentiatis</span> 
     </span>
     <span class='ocr_line' id='line_1_15' title="bbox 1211 1691 2014 1770; baseline 0.004 -19"><span class='ocrx_word' id='word_1_134' title='bbox 1211 1691 1268 1751; x_wconf 91' lang='lat' dir='ltr'>sed</span> <span class='ocrx_word' id='word_1_135' title='bbox 1281 1692 1392 1767; x_wconf 88' lang='lat' dir='ltr'>potius</span> <span class='ocrx_word' id='word_1_136' title='bbox 1405 1693 1601 1754; x_wconf 88' lang='lat' dir='ltr'>mereamini</span> <span class='ocrx_word' id='word_1_137' title='bbox 1612 1695 1697 1770; x_wconf 92' lang='lat' dir='ltr'>apud</span> <span class='ocrx_word' id='word_1_138' title='bbox 1712 1694 1895 1754; x_wconf 89' lang='lat' dir='ltr'>Dominum</span> <span class='ocrx_word' id='word_1_139' title='bbox 1912 1697 1946 1756; x_wconf 88' lang='lat' dir='ltr'>el</span> <span class='ocrx_word' id='word_1_140' title='bbox 1962 1695 2014 1755; x_wconf 90' lang='lat' dir='ltr'>bo·</span> 
     </span>
     <span class='ocr_line' id='line_1_16' title="bbox 608 1788 2014 1862; baseline 0.001 -14"><span class='ocrx_word' id='word_1_141' title='bbox 608 1791 642 1848; x_wconf 79' lang='lat' dir='ltr'>at</span> <span class='ocrx_word' id='word_1_142' title='bbox 662 1789 801 1862; x_wconf 79' lang='lat' dir='ltr'>septemb.</span> <span class='ocrx_word' id='word_1_143' title='bbox 825 1789 903 1847; x_wconf 75' lang='lat' dir='ltr'>tato.</span> <span class='ocrx_word' id='word_1_144' title='bbox 1212 1788 1318 1848; x_wconf 87' lang='lat' dir='ltr'>mines</span> <span class='ocrx_word' id='word_1_145' title='bbox 1333 1789 1373 1849; x_wconf 90' lang='lat' dir='ltr'>de</span> <span class='ocrx_word' id='word_1_146' title='bbox 1388 1789 1470 1862; x_wconf 90' lang='lat' dir='ltr'>zelo,</span> <span class='ocrx_word' id='word_1_147' title='bbox 1487 1792 1521 1852; x_wconf 86' lang='lat' dir='ltr'>et</span> <span class='ocrx_word' id='word_1_148' title='bbox 1533 1790 1672 1852; x_wconf 90' lang='lat' dir='ltr'>scientia</span> <span class='ocrx_word' id='word_1_149' title='bbox 1687 1791 1933 1852; x_wconf 89' lang='lat' dir='ltr'>commendari.</span> <span class='ocrx_word' id='word_1_150' title='bbox 1951 1794 2014 1852; x_wconf 87' lang='lat' dir='ltr'>Da-</span> 
     </span>
    </p>
   </div>
   <div class='ocr_carea' id='block_1_3' title="bbox 509 1886 2010 2044">
    <p class='ocr_par' dir='ltr' id='par_1_5' title="bbox 509 1886 2010 2044">
     <span class='ocr_line' id='line_1_17' title="bbox 509 1886 2010 1978; baseline -0.005 -24"><span class='ocrx_word' id='word_1_151' title='bbox 509 1913 636 1978; x_wconf 56' lang='lat' dir='ltr'>mam,</span> <span class='ocrx_word' id='word_1_152' title='bbox 647 1913 740 1964; x_wconf 67' lang='lat' dir='ltr'>Annii.</span> <span class='ocrx_word' id='word_1_153' title='bbox 752 1912 870 1968; x_wconf 51' lang='lat' dir='ltr'>pappa„</span> <span class='ocrx_word' id='word_1_154' title='bbox 885 1913 904 1971; x_wconf 91' lang='lat'>1,</span> <span class='ocrx_word' id='word_1_155' title='bbox 919 1912 1000 1976; x_wconf 66' lang='lat' dir='ltr'>ppppp</span> <span class='ocrx_word' id='word_1_156' title='bbox 1211 1886 1280 1946; x_wconf 88' lang='lat' dir='ltr'>tum</span> <span class='ocrx_word' id='word_1_157' title='bbox 1295 1887 1409 1959; x_wconf 86' lang='lat' dir='ltr'>Reate,</span> <span class='ocrx_word' id='word_1_158' title='bbox 1426 1889 1454 1948; x_wconf 89' lang='lat' dir='ltr'>V</span> <span class='ocrx_word' id='word_1_159' title='bbox 1475 1887 1637 1950; x_wconf 88' lang='lat' dir='ltr'>kalendas</span> <span class='ocrx_word' id='word_1_160' title='bbox 1655 1887 1812 1959; x_wconf 82' lang='lat' dir='ltr'>octobris,</span> <span class='ocrx_word' id='word_1_161' title='bbox 1829 1905 1927 1950; x_wconf 89' lang='lat' dir='ltr'>anno</span> <span class='ocrx_word' id='word_1_162' title='bbox 1952 1888 2010 1948; x_wconf 87' lang='lat' dir='ltr'>de-</span> 
     </span>
     <span class='ocr_line' id='line_1_18' title="bbox 1212 1999 1308 2044; baseline -0.01 0"><span class='ocrx_word' id='word_1_163' title='bbox 1212 1999 1308 2044; x_wconf 84' lang='lat' dir='ltr'>ormo.</span> 
     </span>
    </p>
   </div>
   <div class='ocr_carea' id='block_1_4' title="bbox 380 1627 1133 1735">
    <p class='ocr_par' dir='ltr' id='par_1_6' title="bbox 380 1627 1133 1735">
     <span class='ocr_line' id='line_1_19' title="bbox 380 1627 1133 1735; baseline -0.005 -13"><span class='ocrx_word' id='word_1_164' title='bbox 380 1663 432 1722; x_wconf 81' lang='lat' dir='ltr'>Ad</span> <span class='ocrx_word' id='word_1_165' title='bbox 445 1661 633 1735; x_wconf 74' lang='lat' dir='ltr'>capitatam</span> <span class='ocrx_word' id='word_1_166' title='bbox 656 1661 804 1722; x_wconf 73' lang='lat' dir='ltr'>ecclesiae</span> <span class='ocrx_word' id='word_1_167' title='bbox 827 1627 1133 1720; x_wconf 73' lang='lat' dir='ltr'>Podcrborneosts.</span> 
     </span>
    </p>
   </div>
   <div class='ocr_carea' id='block_1_5' title="bbox 422 2036 1095 2198">
    <p class='ocr_par' dir='ltr' id='par_1_7' title="bbox 422 2036 1095 2198">
     <span class='ocr_line' id='line_1_20' title="bbox 422 2036 1095 2110; baseline 0 -16"><span class='ocrx_word' id='word_1_168' title='bbox 422 2036 538 2096; x_wconf 81' lang='lat' dir='ltr'>Mandat</span> <span class='ocrx_word' id='word_1_169' title='bbox 550 2045 581 2096; x_wconf 92' lang='lat' dir='ltr'>ut</span> <span class='ocrx_word' id='word_1_170' title='bbox 593 2039 731 2096; x_wconf 88' lang='lat' dir='ltr'>canonice</span> <span class='ocrx_word' id='word_1_171' title='bbox 746 2037 800 2096; x_wconf 85' lang='lat' dir='ltr'>sibi</span> <span class='ocrx_word' id='word_1_172' title='bbox 815 2038 924 2110; x_wconf 87' lang='lat' dir='ltr'>eligant</span> <span class='ocrx_word' id='word_1_173' title='bbox 942 2051 1095 2110; x_wconf 86' lang='lat' dir='ltr'>personam</span> 
     </span>
     <span class='ocr_line' id='line_1_21' title="bbox 588 2125 930 2198; baseline 0.003 -16"><span class='ocrx_word' id='word_1_174' title='bbox 588 2125 721 2183; x_wconf 87' lang='lat' dir='ltr'>idoneam</span> <span class='ocrx_word' id='word_1_175' title='bbox 736 2126 764 2183; x_wconf 90' lang='lat' dir='ltr'>ln</span> <span class='ocrx_word' id='word_1_176' title='bbox 778 2133 930 2198; x_wconf 82' lang='lat' dir='ltr'>pastorem.</span> 
     </span>
    </p>
   </div>
   <div class='ocr_carea' id='block_1_6' title="bbox 361 2173 2002 2813">
    <p class='ocr_par' dir='ltr' id='par_1_8' title="bbox 361 2173 2002 2813">
     <span class='ocr_line' id='line_1_22' title="bbox 402 2173 1661 2328; baseline 0 -17"><span class='ocrx_word' id='word_1_177' title='bbox 402 2253 482 2311; x_wconf 85' lang='lat' dir='ltr'>Gum</span> <span class='ocrx_word' id='word_1_178' title='bbox 501 2249 690 2328; x_wconf 71' lang='lat' dir='ltr'>apostolica</span> <span class='ocrx_word' id='word_1_179' title='bbox 707 2251 819 2322; x_wconf 84' lang='lat' dir='ltr'>Sedes,</span> <span class='ocrx_word' id='word_1_180' title='bbox 846 2249 1063 2311; x_wconf 86' lang='lat' dir='ltr'>ecclesiarum</span> <span class='ocrx_word' id='word_1_181' title='bbox 1079 2265 1155 2312; x_wconf 90' lang='lat' dir='ltr'>om·</span> <span class='ocrx_word' id='word_1_182' title='bbox 1553 2173 1661 2260; x_wconf 73' lang='lat' dir='ltr'>XLII</span> 
     </span>
     <span class='ocr_line' id='line_1_23' title="bbox 361 2331 1951 2424; baseline 0.001 -33"><span class='ocrx_word' id='word_1_183' title='bbox 361 2348 454 2409; x_wconf 74' lang='lat' dir='ltr'>nium</span> <span class='ocrx_word' id='word_1_184' title='bbox 499 2363 620 2424; x_wconf 66' lang='lat' dir='ltr'>gerens</span> <span class='ocrx_word' id='word_1_185' title='bbox 661 2347 918 2409; x_wconf 68' lang='lat' dir='ltr'>sollicitudinem</span> <span class='ocrx_word' id='word_1_186' title='bbox 953 2348 1155 2423; x_wconf 60' lang='lat' dir='ltr'>generalem,</span> <span class='ocrx_word' id='word_1_187' title='bbox 1271 2333 1322 2392; x_wconf 69' lang='lat' dir='ltr'>Ad</span> <span class='ocrx_word' id='word_1_188' title='bbox 1333 2331 1487 2394; x_wconf 66' lang='lat' dir='ltr'>abbatem</span> <span class='ocrx_word' id='word_1_189' title='bbox 1501 2335 1706 2394; x_wconf 59' lang='lat' dir='ltr'>mOMSlet&#39;t&#39;t&#39;</span> <span class='ocrx_word' id='word_1_190' title='bbox 1724 2337 1951 2396; x_wconf 61' lang='lat' dir='ltr'>ClattSissltStS.</span> 
     </span>
     <span class='ocr_line' id='line_1_24' title="bbox 363 2444 1718 2530; baseline 0.002 -24"><span class='ocrx_word' id='word_1_191' title='bbox 363 2445 571 2520; x_wconf 85' lang='lat' dir='ltr'>singularum</span> <span class='ocrx_word' id='word_1_192' title='bbox 584 2444 782 2508; x_wconf 85' lang='lat' dir='ltr'>utilitatibus</span> <span class='ocrx_word' id='word_1_193' title='bbox 798 2461 857 2522; x_wconf 90' lang='lat' dir='ltr'>pro</span> <span class='ocrx_word' id='word_1_194' title='bbox 869 2445 943 2507; x_wconf 87' lang='lat' dir='ltr'>loco</span> <span class='ocrx_word' id='word_1_195' title='bbox 956 2461 995 2507; x_wconf 90' lang='lat' dir='ltr'>ac</span> <span class='ocrx_word' id='word_1_196' title='bbox 1010 2447 1157 2522; x_wconf 89' lang='lat' dir='ltr'>tempore</span> <span class='ocrx_word' id='word_1_197' title='bbox 1500 2473 1513 2528; x_wconf 78' lang='lat' dir='ltr'>p</span> <span class='ocrx_word' id='word_1_198' title='bbox 1528 2471 1621 2529; x_wconf 88' lang='lat' dir='ltr'>octob.</span> <span class='ocrx_word' id='word_1_199' title='bbox 1639 2472 1718 2530; x_wconf 73' lang='lat'><strong>1225.</strong></span> 
     </span>
     <span class='ocr_line' id='line_1_25' title="bbox 362 2542 1157 2620; baseline 0.003 -18"><span class='ocrx_word' id='word_1_200' title='bbox 362 2542 509 2604; x_wconf 87' lang='lat' dir='ltr'>studiose</span> <span class='ocrx_word' id='word_1_201' title='bbox 524 2543 699 2620; x_wconf 73' lang='lat' dir='ltr'>providere</span> <span class='ocrx_word' id='word_1_202' title='bbox 714 2543 889 2614; x_wconf 88' lang='lat' dir='ltr'>desideret,</span> <span class='ocrx_word' id='word_1_203' title='bbox 904 2544 1002 2618; x_wconf 91' lang='lat' dir='ltr'>prout</span> <span class='ocrx_word' id='word_1_204' title='bbox 1017 2543 1080 2603; x_wconf 91' lang='lat' dir='ltr'>sibi</span> <span class='ocrx_word' id='word_1_205' title='bbox 1091 2545 1157 2604; x_wconf 91' lang='lat' dir='ltr'>Do-</span> 
     </span>
     <span class='ocr_line' id='line_1_26' title="bbox 361 2639 1158 2715; baseline 0 -15"><span class='ocrx_word' id='word_1_206' title='bbox 361 2639 472 2701; x_wconf 88' lang='lat' dir='ltr'>minus</span> <span class='ocrx_word' id='word_1_207' title='bbox 487 2639 708 2708; x_wconf 86' lang='lat' dir='ltr'>administrat,</span> <span class='ocrx_word' id='word_1_208' title='bbox 724 2655 766 2700; x_wconf 90' lang='lat' dir='ltr'>ne</span> <span class='ocrx_word' id='word_1_209' title='bbox 780 2639 810 2700; x_wconf 90' lang='lat' dir='ltr'>si</span> <span class='ocrx_word' id='word_1_210' title='bbox 832 2654 891 2715; x_wconf 93' lang='lat' dir='ltr'>pro</span> <span class='ocrx_word' id='word_1_211' title='bbox 907 2639 985 2700; x_wconf 89' lang='lat' dir='ltr'>aliis</span> <span class='ocrx_word' id='word_1_212' title='bbox 1008 2639 1090 2700; x_wconf 91' lang='lat' dir='ltr'>adeo</span> <span class='ocrx_word' id='word_1_213' title='bbox 1103 2639 1158 2700; x_wconf 92' lang='lat' dir='ltr'>in-</span> 
     </span>
     <span class='ocr_line' id='line_1_27' title="bbox 361 2725 2002 2813; baseline 0.002 -30"><span class='ocrx_word' id='word_1_214' title='bbox 361 2737 452 2800; x_wconf 65' lang='lat' dir='ltr'>tenta</span> <span class='ocrx_word' id='word_1_215' title='bbox 486 2736 709 2798; x_wconf 65' lang='lat' dir='ltr'>5011101tud1110</span> <span class='ocrx_word' id='word_1_216' title='bbox 744 2737 945 2808; x_wconf 68' lang='lat' dir='ltr'>versaretur,</span> <span class='ocrx_word' id='word_1_217' title='bbox 983 2737 1069 2813; x_wconf 77' lang='lat' dir='ltr'>quod</span> <span class='ocrx_word' id='word_1_218' title='bbox 1105 2737 1157 2798; x_wconf 75' lang='lat' dir='ltr'>sui</span> <span class='ocrx_word' id='word_1_219' title='bbox 1212 2726 1312 2785; x_wconf 79' lang='lat' dir='ltr'>Abbati</span> <span class='ocrx_word' id='word_1_220' title='bbox 1331 2725 1367 2784; x_wconf 91' lang='lat' dir='ltr'>de</span> <span class='ocrx_word' id='word_1_221' title='bbox 1380 2728 1467 2787; x_wconf 84' lang='lat' dir='ltr'>Koios</span> <span class='ocrx_word' id='word_1_222' title='bbox 1481 2738 1648 2788; x_wconf 86' lang='lat' dir='ltr'>ornamenta</span> <span class='ocrx_word' id='word_1_223' title='bbox 1658 2729 1819 2802; x_wconf 88' lang='lat' dir='ltr'>abbatialia,</span> <span class='ocrx_word' id='word_1_224' title='bbox 1835 2731 2002 2790; x_wconf 87' lang='lat' dir='ltr'>salutaribus</span> 
     </span>
    </p>
   </div>
   <div class='ocr_carea' id='block_1_7' title="bbox 281 2819 1772 2918">
    <p class='ocr_par' dir='ltr' id='par_1_9' title="bbox 281 2819 1772 2918">
     <span class='ocr_line' id='line_1_28' title="bbox 281 2819 1772 2918; baseline -0.004 -24"><span class='ocrx_word' id='word_1_225' title='bbox 281 2891 294 2918; x_wconf 43' lang='grc' dir='ltr'><em>Ι</em></span> <span class='ocrx_word' id='word_1_226' title='bbox 362 2835 458 2912; x_wconf 88' lang='lat' dir='ltr'>quasi</span> <span class='ocrx_word' id='word_1_227' title='bbox 485 2833 693 2909; x_wconf 82' lang='lat' dir='ltr'>negligenter</span> <span class='ocrx_word' id='word_1_228' title='bbox 721 2833 822 2896; x_wconf 92' lang='lat' dir='ltr'>oblita</span> <span class='ocrx_word' id='word_1_229' title='bbox 860 2833 1054 2895; x_wconf 89' lang='lat' dir='ltr'>necessitati</span> <span class='ocrx_word' id='word_1_230' title='bbox 1088 2849 1156 2894; x_wconf 86' lang='lat' dir='ltr'>suae</span> <span class='ocrx_word' id='word_1_231' title='bbox 1347 2829 1350 2839; x_wconf 83' lang='grc'><em>“</em></span> <span class='ocrx_word' id='word_1_232' title='bbox 1440 2832 1504 2874; x_wconf 69' lang='grc' dir='ltr'>ῦῦῑΰ</span> <span class='ocrx_word' id='word_1_233' title='bbox 1516 2819 1772 2888; x_wconf 64' lang='grc' dir='ltr'>θὶῡῦῑῑὶθιῡῡῦΐθῐῐ·</span> 
     </span>
    </p>
   </div>
   <div class='ocr_carea' id='block_1_8' title="bbox 361 2931 2075 4476">
    <p class='ocr_par' dir='ltr' id='par_1_10' title="bbox 362 2931 1999 3119">
     <span class='ocr_line' id='line_1_29' title="bbox 362 2931 1999 3015; baseline -0.004 -21"><span class='ocrx_word' id='word_1_234' title='bbox 362 2932 536 2994; x_wconf 87' lang='lat' dir='ltr'>consulere</span> <span class='ocrx_word' id='word_1_235' title='bbox 552 2931 827 3006; x_wconf 77' lang='lat' dir='ltr'>praetermitteret,</span> <span class='ocrx_word' id='word_1_236' title='bbox 845 2932 963 2992; x_wconf 89' lang='lat' dir='ltr'>merito</span> <span class='ocrx_word' id='word_1_237' title='bbox 987 2931 1098 3008; x_wconf 87' lang='lat' dir='ltr'>posset</span> <span class='ocrx_word' id='word_1_238' title='bbox 1117 2932 1156 2990; x_wconf 93' lang='lat' dir='ltr'>de</span> <span class='ocrx_word' id='word_1_239' title='bbox 1251 2943 1429 3014; x_wconf 84' lang='lat' dir='ltr'>Honorius,</span> <span class='ocrx_word' id='word_1_240' title='bbox 1449 2943 1525 3015; x_wconf 82' lang='lat' dir='ltr'>eto,</span> <span class='ocrx_word' id='word_1_241' title='bbox 1542 2943 1653 3006; x_wconf 86' lang='lat' dir='ltr'>abbati</span> <span class='ocrx_word' id='word_1_242' title='bbox 1681 2948 1880 3008; x_wconf 63' lang='lat' dir='ltr'>monasterii</span> <span class='ocrx_word' id='word_1_243' title='bbox 1905 2947 1999 3006; x_wconf 63' lang='lat' dir='ltr'>Clau.</span> 
     </span>
     <span class='ocr_line' id='line_1_30' title="bbox 362 3026 1907 3119; baseline 0.001 -31"><span class='ocrx_word' id='word_1_244' title='bbox 362 3029 472 3089; x_wconf 88' lang='lat' dir='ltr'>miuus</span> <span class='ocrx_word' id='word_1_245' title='bbox 487 3028 639 3089; x_wconf 90' lang='lat' dir='ltr'>ordinata</span> <span class='ocrx_word' id='word_1_246' title='bbox 651 3028 807 3103; x_wconf 80' lang='lat' dir='ltr'>redargui</span> <span class='ocrx_word' id='word_1_247' title='bbox 821 3029 971 3100; x_wconf 90' lang='lat' dir='ltr'>caritate,</span> <span class='ocrx_word' id='word_1_248' title='bbox 989 3027 1079 3089; x_wconf 88' lang='lat' dir='ltr'>viros</span> <span class='ocrx_word' id='word_1_249' title='bbox 1092 3026 1158 3089; x_wconf 90' lang='lat' dir='ltr'>cla·</span> <span class='ocrx_word' id='word_1_250' title='bbox 1212 3039 1332 3100; x_wconf 68' lang='lat' dir='ltr'>sponsis</span> <span class='ocrx_word' id='word_1_251' title='bbox 1347 3039 1387 3099; x_wconf 73' lang='lat' dir='ltr'>dp</span> <span class='ocrx_word' id='word_1_252' title='bbox 1404 3039 1649 3116; x_wconf 71' lang='lat' dir='ltr'>Ultpasylpanis</span> <span class='ocrx_word' id='word_1_253' title='bbox 1662 3043 1823 3119; x_wconf 67' lang='lat' dir='ltr'>partibus,</span> <span class='ocrx_word' id='word_1_254' title='bbox 1841 3047 1907 3106; x_wconf 67' lang='lat' dir='ltr'>etc,</span> 
     </span>
    </p>

    <p class='ocr_par' dir='ltr' id='par_1_11' title="bbox 361 3124 2075 3990">
     <span class='ocr_line' id='line_1_31' title="bbox 361 3124 2075 3214; baseline -0.001 -16"><span class='ocrx_word' id='word_1_255' title='bbox 361 3142 428 3198; x_wconf 80' lang='lat' dir='ltr'>sos,</span> <span class='ocrx_word' id='word_1_256' title='bbox 451 3141 534 3204; x_wconf 79' lang='lat' dir='ltr'>quos</span> <span class='ocrx_word' id='word_1_257' title='bbox 558 3125 598 3186; x_wconf 81' lang='lat' dir='ltr'>ad</span> <span class='ocrx_word' id='word_1_258' title='bbox 628 3125 871 3201; x_wconf 78' lang='lat' dir='ltr'>cooperandum</span> <span class='ocrx_word' id='word_1_259' title='bbox 897 3124 961 3185; x_wconf 81' lang='lat' dir='ltr'>sibi</span> <span class='ocrx_word' id='word_1_260' title='bbox 987 3126 1158 3200; x_wconf 73' lang='lat' dir='ltr'>cognoscit</span> <span class='ocrx_word' id='word_1_261' title='bbox 1251 3136 1343 3196; x_wconf 78' lang='lat' dir='ltr'>nicet</span> <span class='ocrx_word' id='word_1_262' title='bbox 1364 3136 1465 3197; x_wconf 82' lang='lat' dir='ltr'>seces</span> <span class='ocrx_word' id='word_1_263' title='bbox 1493 3138 1682 3214; x_wconf 74' lang='lat' dir='ltr'>apostolica</span> <span class='ocrx_word' id='word_1_264' title='bbox 1709 3141 1923 3201; x_wconf 76' lang='lat' dir='ltr'>consueverit</span> <span class='ocrx_word' id='word_1_265' title='bbox 1947 3139 1999 3198; x_wconf 78' lang='lat' dir='ltr'>ue·</span> <span class='ocrx_word' id='word_1_266' title='bbox 2074 3175 2075 3179; x_wconf 19' lang='grc' dir='ltr'>ι</span> 
     </span>
     <span class='ocr_line' id='line_1_32' title="bbox 362 3221 1998 3314; baseline -0.001 -20"><span class='ocrx_word' id='word_1_267' title='bbox 362 3223 510 3294; x_wconf 72' lang='lat' dir='ltr'>idoneos,</span> <span class='ocrx_word' id='word_1_268' title='bbox 528 3221 718 3300; x_wconf 72' lang='lat' dir='ltr'>frequenter</span> <span class='ocrx_word' id='word_1_269' title='bbox 733 3222 774 3283; x_wconf 72' lang='lat' dir='ltr'>ad</span> <span class='ocrx_word' id='word_1_270' title='bbox 791 3239 827 3282; x_wconf 64' lang='grc' dir='ltr'>ΞΘ</span> <span class='ocrx_word' id='word_1_271' title='bbox 848 3223 988 3284; x_wconf 69' lang='lat' dir='ltr'>advocat</span> <span class='ocrx_word' id='word_1_272' title='bbox 1013 3224 1046 3283; x_wconf 73' lang='lat' dir='ltr'>et</span> <span class='ocrx_word' id='word_1_273' title='bbox 1060 3239 1157 3282; x_wconf 75' lang='lat' dir='ltr'>assu·</span> <span class='ocrx_word' id='word_1_274' title='bbox 1211 3235 1304 3293; x_wconf 89' lang='lat' dir='ltr'>votos</span> <span class='ocrx_word' id='word_1_275' title='bbox 1318 3233 1404 3294; x_wconf 86' lang='lat' dir='ltr'>lilios</span> <span class='ocrx_word' id='word_1_276' title='bbox 1417 3233 1538 3295; x_wconf 78' lang='lat' dir='ltr'>aflectu</span> <span class='ocrx_word' id='word_1_277' title='bbox 1553 3237 1708 3312; x_wconf 86' lang='lat' dir='ltr'>prosequi</span> <span class='ocrx_word' id='word_1_278' title='bbox 1720 3237 1873 3314; x_wconf 88' lang='lat' dir='ltr'>speciali,</span> <span class='ocrx_word' id='word_1_279' title='bbox 1890 3237 1930 3298; x_wconf 87' lang='lat' dir='ltr'>de</span> <span class='ocrx_word' id='word_1_280' title='bbox 1941 3235 1998 3295; x_wconf 90' lang='lat' dir='ltr'>sin-</span> 
     </span>
     <span class='ocr_line' id='line_1_33' title="bbox 363 3319 2074 3410; baseline 0.008 -28"><span class='ocrx_word' id='word_1_281' title='bbox 363 3321 433 3392; x_wconf 91' lang='lat' dir='ltr'>mit,</span> <span class='ocrx_word' id='word_1_282' title='bbox 452 3321 499 3381; x_wconf 88' lang='lat' dir='ltr'>sie</span> <span class='ocrx_word' id='word_1_283' title='bbox 515 3320 590 3380; x_wconf 90' lang='lat' dir='ltr'>illos</span> <span class='ocrx_word' id='word_1_284' title='bbox 606 3319 787 3390; x_wconf 88' lang='lat' dir='ltr'>honorans,</span> <span class='ocrx_word' id='word_1_285' title='bbox 805 3320 841 3380; x_wconf 93' lang='lat' dir='ltr'>ut</span> <span class='ocrx_word' id='word_1_286' title='bbox 856 3319 1074 3380; x_wconf 88' lang='lat' dir='ltr'>nihilominus</span> <span class='ocrx_word' id='word_1_287' title='bbox 1090 3320 1157 3381; x_wconf 89' lang='lat' dir='ltr'>uti·</span> <span class='ocrx_word' id='word_1_288' title='bbox 1210 3329 1321 3405; x_wconf 79' lang='lat' dir='ltr'>gulari</span> <span class='ocrx_word' id='word_1_289' title='bbox 1337 3333 1445 3392; x_wconf 77' lang='lat' dir='ltr'>tamen</span> <span class='ocrx_word' id='word_1_290' title='bbox 1461 3336 1532 3408; x_wconf 82' lang='lat' dir='ltr'>ejus</span> <span class='ocrx_word' id='word_1_291' title='bbox 1542 3333 1650 3408; x_wconf 86' lang='lat' dir='ltr'>gratia</span> <span class='ocrx_word' id='word_1_292' title='bbox 1662 3335 1694 3394; x_wconf 89' lang='lat' dir='ltr'>et</span> <span class='ocrx_word' id='word_1_293' title='bbox 1705 3332 1913 3410; x_wconf 82' lang='lat' dir='ltr'>benignitate</span> <span class='ocrx_word' id='word_1_294' title='bbox 1928 3348 1996 3410; x_wconf 87' lang='lat' dir='ltr'>pro·</span> <span class='ocrx_word' id='word_1_295' title='bbox 2073 3321 2074 3359; x_wconf 61' lang='lat'>¹</span> 
     </span>
     <span class='ocr_line' id='line_1_34' title="bbox 363 3416 2073 3506; baseline 0.004 -29"><span class='ocrx_word' id='word_1_296' title='bbox 363 3416 791 3494; x_wconf 77' lang='lat' dir='ltr'>literprovideatEccleSiae</span> <span class='ocrx_word' id='word_1_297' title='bbox 802 3416 961 3490; x_wconf 77' lang='lat' dir='ltr'>generali.</span> <span class='ocrx_word' id='word_1_298' title='bbox 980 3419 1156 3478; x_wconf 78' lang='lat' dir='ltr'>Santicum</span> <span class='ocrx_word' id='word_1_299' title='bbox 1211 3427 1308 3499; x_wconf 79' lang='lat' dir='ltr'>cedit,</span> <span class='ocrx_word' id='word_1_300' title='bbox 1326 3443 1400 3488; x_wconf 82' lang='lat' dir='ltr'>cum</span> <span class='ocrx_word' id='word_1_301' title='bbox 1416 3429 1577 3505; x_wconf 77' lang='lat' dir='ltr'>speciales</span> <span class='ocrx_word' id='word_1_302' title='bbox 1600 3446 1761 3506; x_wconf 79' lang='lat' dir='ltr'>personas</span> <span class='ocrx_word' id='word_1_303' title='bbox 1784 3432 1928 3494; x_wconf 80' lang='lat' dir='ltr'>adornat</span> <span class='ocrx_word' id='word_1_304' title='bbox 1951 3429 1995 3488; x_wconf 84' lang='lat' dir='ltr'>di·</span> <span class='ocrx_word' id='word_1_305' title='bbox 2072 3477 2073 3484; x_wconf 73' lang='grc'>,</span> 
     </span>
     <span class='ocr_line' id='line_1_35' title="bbox 364 3495 2073 3606; baseline 0.005 -31"><span class='ocrx_word' id='word_1_306' title='bbox 364 3517 408 3575; x_wconf 92' lang='grc' dir='ltr'>Μ.</span> <span class='ocrx_word' id='word_1_307' title='bbox 425 3513 589 3574; x_wconf 85' lang='lat' dir='ltr'>oliverius</span> <span class='ocrx_word' id='word_1_308' title='bbox 611 3517 689 3574; x_wconf 89' lang='lat' dir='ltr'>tunc</span> <span class='ocrx_word' id='word_1_309' title='bbox 717 3513 840 3574; x_wconf 87' lang='lat' dir='ltr'>electus</span> <span class='ocrx_word' id='word_1_310' title='bbox 865 3517 978 3574; x_wconf 89' lang='lat' dir='ltr'>vester</span> <span class='ocrx_word' id='word_1_311' title='bbox 1006 3513 1047 3573; x_wconf 92' lang='lat' dir='ltr'>ad</span> <span class='ocrx_word' id='word_1_312' title='bbox 1073 3530 1155 3575; x_wconf 88' lang='lat' dir='ltr'>nos·</span> <span class='ocrx_word' id='word_1_313' title='bbox 1210 3525 1372 3600; x_wconf 79' lang='lat' dir='ltr'>gnitatum</span> <span class='ocrx_word' id='word_1_314' title='bbox 1384 3525 1549 3602; x_wconf 88' lang='lat' dir='ltr'>insigniis,</span> <span class='ocrx_word' id='word_1_315' title='bbox 1564 3543 1637 3604; x_wconf 87' lang='lat' dir='ltr'>quae</span> <span class='ocrx_word' id='word_1_316' title='bbox 1652 3528 1694 3588; x_wconf 93' lang='lat' dir='ltr'>ad</span> <span class='ocrx_word' id='word_1_317' title='bbox 1714 3532 1876 3606; x_wconf 88' lang='lat' dir='ltr'>majorem</span> <span class='ocrx_word' id='word_1_318' title='bbox 1891 3529 1993 3589; x_wconf 90' lang='lat' dir='ltr'>domus</span> <span class='ocrx_word' id='word_1_319' title='bbox 2072 3495 2073 3537; x_wconf 54' lang='lat'>¹</span> 
     </span>
     <span class='ocr_line' id='line_1_36' title="bbox 364 3609 1990 3700; baseline 0.005 -18"><span class='ocrx_word' id='word_1_320' title='bbox 364 3614 451 3675; x_wconf 71' lang='lat' dir='ltr'>tram</span> <span class='ocrx_word' id='word_1_321' title='bbox 469 3609 682 3688; x_wconf 70' lang='lat' dir='ltr'>ilraesenfiam</span> <span class='ocrx_word' id='word_1_322' title='bbox 708 3609 915 3682; x_wconf 67' lang='lat' dir='ltr'>accessisset,</span> <span class='ocrx_word' id='word_1_323' title='bbox 946 3625 1006 3671; x_wconf 72' lang='lat'>¹10³</span> <span class='ocrx_word' id='word_1_324' title='bbox 1034 3611 1154 3687; x_wconf 68' lang='lat' dir='ltr'>ipsum,</span> <span class='ocrx_word' id='word_1_325' title='bbox 1211 3621 1433 3684; x_wconf 87' lang='lat' dir='ltr'>Deidecorem</span> <span class='ocrx_word' id='word_1_326' title='bbox 1455 3625 1613 3686; x_wconf 87' lang='lat' dir='ltr'>accedere</span> <span class='ocrx_word' id='word_1_327' title='bbox 1628 3625 1880 3700; x_wconf 87' lang='lat' dir='ltr'>dignoscuntur.</span> <span class='ocrx_word' id='word_1_328' title='bbox 1899 3624 1990 3690; x_wconf 77' lang='lat' dir='ltr'>Unde,</span> 
     </span>
     <span class='ocr_line' id='line_1_37' title="bbox 366 3704 1992 3800; baseline 0.001 -32"><span class='ocrx_word' id='word_1_329' title='bbox 366 3724 462 3786; x_wconf 82' lang='lat' dir='ltr'>quem</span> <span class='ocrx_word' id='word_1_330' title='bbox 489 3707 576 3768; x_wconf 78' lang='lat' dir='ltr'>falna</span> <span class='ocrx_word' id='word_1_331' title='bbox 605 3704 782 3767; x_wconf 77' lang='lat' dir='ltr'>laudabilis</span> <span class='ocrx_word' id='word_1_332' title='bbox 804 3705 898 3767; x_wconf 86' lang='lat' dir='ltr'>nobis</span> <span class='ocrx_word' id='word_1_333' title='bbox 930 3707 1157 3784; x_wconf 80' lang='lat' dir='ltr'>multipliciter</span> <span class='ocrx_word' id='word_1_334' title='bbox 1211 3719 1267 3795; x_wconf 87' lang='lat' dir='ltr'>qui</span> <span class='ocrx_word' id='word_1_335' title='bbox 1284 3719 1363 3780; x_wconf 78' lang='lat' dir='ltr'>talia</span> <span class='ocrx_word' id='word_1_336' title='bbox 1383 3721 1553 3781; x_wconf 76' lang='lat' dir='ltr'>merentur</span> <span class='ocrx_word' id='word_1_337' title='bbox 1576 3723 1736 3799; x_wconf 68' lang='lat' dir='ltr'>recipere,</span> <span class='ocrx_word' id='word_1_338' title='bbox 1754 3739 1887 3800; x_wconf 69' lang='lat' dir='ltr'>semper</span> <span class='ocrx_word' id='word_1_339' title='bbox 1906 3723 1992 3796; x_wconf 83' lang='lat' dir='ltr'>hujus</span> 
     </span>
     <span class='ocr_line' id='line_1_38' title="bbox 365 3803 1990 3892; baseline -0.001 -26"><span class='ocrx_word' id='word_1_340' title='bbox 365 3805 622 3875; x_wconf 86' lang='lat' dir='ltr'>commendarat,</span> <span class='ocrx_word' id='word_1_341' title='bbox 647 3803 845 3879; x_wconf 90' lang='lat' dir='ltr'>recipientes</span> <span class='ocrx_word' id='word_1_342' title='bbox 868 3803 1020 3865; x_wconf 84' lang='lat' dir='ltr'>hilariter</span> <span class='ocrx_word' id='word_1_343' title='bbox 1034 3820 1073 3865; x_wconf 91' lang='lat' dir='ltr'>ac</span> <span class='ocrx_word' id='word_1_344' title='bbox 1099 3805 1158 3866; x_wconf 91' lang='lat' dir='ltr'>be·</span> <span class='ocrx_word' id='word_1_345' title='bbox 1211 3815 1328 3889; x_wconf 73' lang='lat' dir='ltr'>gratiae</span> <span class='ocrx_word' id='word_1_346' title='bbox 1343 3831 1507 3877; x_wconf 65' lang='lat' dir='ltr'>memores</span> <span class='ocrx_word' id='word_1_347' title='bbox 1523 3833 1595 3878; x_wconf 69' lang='lat' dir='ltr'><strong>esse</strong></span> <span class='ocrx_word' id='word_1_348' title='bbox 1611 3819 1741 3892; x_wconf 66' lang='lat' dir='ltr'>debent,</span> <span class='ocrx_word' id='word_1_349' title='bbox 1758 3821 1795 3882; x_wconf 67' lang='lat' dir='ltr'>ut</span> <span class='ocrx_word' id='word_1_350' title='bbox 1818 3819 1921 3882; x_wconf 63' lang='lat' dir='ltr'>cultui</span> <span class='ocrx_word' id='word_1_351' title='bbox 1935 3819 1990 3878; x_wconf 94' lang='lat' dir='ltr'>bo-</span> 
     </span>
     <span class='ocr_line' id='line_1_39' title="bbox 365 3899 1990 3990; baseline -0.001 -26"><span class='ocrx_word' id='word_1_352' title='bbox 365 3903 476 3980; x_wconf 90' lang='lat' dir='ltr'>nigne,</span> <span class='ocrx_word' id='word_1_353' title='bbox 492 3916 630 3962; x_wconf 87' lang='lat' dir='ltr'>munere</span> <span class='ocrx_word' id='word_1_354' title='bbox 652 3899 716 3962; x_wconf 87' lang='lat' dir='ltr'>sibi</span> <span class='ocrx_word' id='word_1_355' title='bbox 740 3901 1002 3962; x_wconf 87' lang='lat' dir='ltr'>consecrationis</span> <span class='ocrx_word' id='word_1_356' title='bbox 1015 3903 1156 3978; x_wconf 91' lang='lat' dir='ltr'>gratan-</span> <span class='ocrx_word' id='word_1_357' title='bbox 1211 3912 1314 3982; x_wconf 76' lang='lat' dir='ltr'>pppis,</span> <span class='ocrx_word' id='word_1_358' title='bbox 1331 3929 1428 3990; x_wconf 77' lang='lat' dir='ltr'>quem</span> <span class='ocrx_word' id='word_1_359' title='bbox 1450 3914 1617 3988; x_wconf 64' lang='lat' dir='ltr'>exhibent,</span> <span class='ocrx_word' id='word_1_360' title='bbox 1643 3916 1738 3978; x_wconf 73' lang='lat' dir='ltr'>popae</span> <span class='ocrx_word' id='word_1_361' title='bbox 1763 3919 1905 3979; x_wconf 64' lang='lat' dir='ltr'>actionis</span> <span class='ocrx_word' id='word_1_362' title='bbox 1926 3929 1990 3976; x_wconf 71' lang='lat' dir='ltr'>pes-</span> 
     </span>
    </p>

    <p class='ocr_par' dir='ltr' id='par_1_12' title="bbox 364 3997 1989 4376">
     <span class='ocr_line' id='line_1_40' title="bbox 364 3997 1989 4089; baseline -0.001 -20"><span class='ocrx_word' id='word_1_363' title='bbox 364 4001 415 4062; x_wconf 66' lang='grc' dir='ltr'>ἴθι</span> <span class='ocrx_word' id='word_1_364' title='bbox 432 4000 592 4074; x_wconf 54' lang='lat' dir='ltr'>impensu</span> <span class='ocrx_word' id='word_1_365' title='bbox 618 3998 726 4074; x_wconf 74' lang='lat' dir='ltr'>ipsum</span> <span class='ocrx_word' id='word_1_366' title='bbox 752 3999 826 4074; x_wconf 74' lang='lat' dir='ltr'>post</span> <span class='ocrx_word' id='word_1_367' title='bbox 850 3997 1044 4074; x_wconf 70' lang='lat' dir='ltr'>aliquandiu</span> <span class='ocrx_word' id='word_1_368' title='bbox 1070 4000 1155 4076; x_wconf 74' lang='lat' dir='ltr'>apud</span> <span class='ocrx_word' id='word_1_369' title='bbox 1212 4009 1377 4085; x_wconf 88' lang='lat' dir='ltr'>pendeant</span> <span class='ocrx_word' id='word_1_370' title='bbox 1389 4016 1593 4084; x_wconf 85' lang='lat' dir='ltr'>ornamenta,</span> <span class='ocrx_word' id='word_1_371' title='bbox 1616 4015 1648 4074; x_wconf 92' lang='lat' dir='ltr'>et</span> <span class='ocrx_word' id='word_1_372' title='bbox 1663 4013 1736 4089; x_wconf 91' lang='lat' dir='ltr'>plus</span> <span class='ocrx_word' id='word_1_373' title='bbox 1749 4029 1887 4076; x_wconf 89' lang='lat' dir='ltr'>suorum</span> <span class='ocrx_word' id='word_1_374' title='bbox 1902 4009 1989 4074; x_wconf 88' lang='lat' dir='ltr'>meri-</span> 
     </span>
     <span class='ocr_line' id='line_1_41' title="bbox 366 4095 1989 4188; baseline -0.001 -30"><span class='ocrx_word' id='word_1_375' title='bbox 366 4097 484 4158; x_wconf 87' lang='lat' dir='ltr'>Sedem</span> <span class='ocrx_word' id='word_1_376' title='bbox 498 4095 721 4172; x_wconf 84' lang='lat' dir='ltr'>Apostolicam</span> <span class='ocrx_word' id='word_1_377' title='bbox 744 4097 1012 4165; x_wconf 89' lang='lat' dir='ltr'>commorantem,</span> <span class='ocrx_word' id='word_1_378' title='bbox 1039 4097 1157 4158; x_wconf 90' lang='lat' dir='ltr'>merita</span> <span class='ocrx_word' id='word_1_379' title='bbox 1211 4109 1330 4179; x_wconf 78' lang='lat' dir='ltr'>torum,</span> <span class='ocrx_word' id='word_1_380' title='bbox 1346 4123 1444 4188; x_wconf 79' lang='lat' dir='ltr'>quam</span> <span class='ocrx_word' id='word_1_381' title='bbox 1459 4108 1680 4185; x_wconf 70' lang='lat' dir='ltr'>insigniorum</span> <span class='ocrx_word' id='word_1_382' title='bbox 1691 4114 1810 4173; x_wconf 65' lang='lat' dir='ltr'><strong>ornatu</strong></span> <span class='ocrx_word' id='word_1_383' title='bbox 1821 4110 1989 4175; x_wconf 59' lang='lat' dir='ltr'>commissa</span> 
     </span>
     <span class='ocr_line' id='line_1_42' title="bbox 364 4191 1987 4282; baseline 0.002 -26"><span class='ocrx_word' id='word_1_384' title='bbox 364 4193 523 4256; x_wconf 79' lang='lat' dir='ltr'>virtutum</span> <span class='ocrx_word' id='word_1_385' title='bbox 551 4195 634 4268; x_wconf 84' lang='lat' dir='ltr'>ejus,</span> <span class='ocrx_word' id='word_1_386' title='bbox 663 4207 736 4268; x_wconf 81' lang='lat' dir='ltr'>qrrae</span> <span class='ocrx_word' id='word_1_387' title='bbox 765 4191 858 4266; x_wconf 88' lang='lat' dir='ltr'>prius</span> <span class='ocrx_word' id='word_1_388' title='bbox 886 4191 1157 4254; x_wconf 82' lang='lat' dir='ltr'>intellexeramus</span> <span class='ocrx_word' id='word_1_389' title='bbox 1212 4201 1276 4262; x_wconf 84' lang='lat' dir='ltr'>sihi</span> <span class='ocrx_word' id='word_1_390' title='bbox 1302 4203 1451 4264; x_wconf 79' lang='lat' dir='ltr'>ecclesiae</span> <span class='ocrx_word' id='word_1_391' title='bbox 1477 4207 1706 4267; x_wconf 77' lang='lat' dir='ltr'>venustentur.</span> <span class='ocrx_word' id='word_1_392' title='bbox 1733 4209 1817 4268; x_wconf 77' lang='lat' dir='ltr'>Hine</span> <span class='ocrx_word' id='word_1_393' title='bbox 1841 4210 1900 4279; x_wconf 74' lang='lat' dir='ltr'>est,</span> <span class='ocrx_word' id='word_1_394' title='bbox 1916 4200 1987 4282; x_wconf 82' lang='lat' dir='ltr'>quod</span> 
     </span>
     <span class='ocr_line' id='line_1_43' title="bbox 365 4287 1987 4376; baseline -0.004 -14"><span class='ocrx_word' id='word_1_395' title='bbox 365 4289 592 4367; x_wconf 70' lang='lat' dir='ltr'>lll0b³bilib¹18</span> <span class='ocrx_word' id='word_1_396' title='bbox 605 4287 820 4362; x_wconf 67' lang='lat' dir='ltr'>argumentis,</span> <span class='ocrx_word' id='word_1_397' title='bbox 831 4287 1004 4348; x_wconf 66' lang='lat' dir='ltr'>evidenter</span> <span class='ocrx_word' id='word_1_398' title='bbox 1015 4291 1156 4365; x_wconf 63' lang='lat' dir='ltr'>expelli,</span> <span class='ocrx_word' id='word_1_399' title='bbox 1216 4313 1276 4360; x_wconf 89' lang='lat' dir='ltr'>nos</span> <span class='ocrx_word' id='word_1_400' title='bbox 1292 4299 1396 4361; x_wconf 89' lang='lat' dir='ltr'>multa</span> <span class='ocrx_word' id='word_1_401' title='bbox 1425 4316 1560 4376; x_wconf 88' lang='lat' dir='ltr'>precum</span> <span class='ocrx_word' id='word_1_402' title='bbox 1586 4303 1748 4364; x_wconf 87' lang='lat' dir='ltr'>instantia</span> <span class='ocrx_word' id='word_1_403' title='bbox 1777 4302 1936 4366; x_wconf 88' lang='lat' dir='ltr'>carissimi</span> <span class='ocrx_word' id='word_1_404' title='bbox 1959 4298 1987 4356; x_wconf 90' lang='lat' dir='ltr'>in</span> 
     </span>
    </p>

    <p class='ocr_par' dir='ltr' id='par_1_13' title="bbox 366 4382 1985 4476">
     <span class='ocr_line' id='line_1_44' title="bbox 366 4382 1985 4476; baseline 0.002 -19"><span class='ocrx_word' id='word_1_405' title='bbox 366 4387 401 4446; x_wconf 86' lang='lat' dir='ltr'>in</span> <span class='ocrx_word' id='word_1_406' title='bbox 414 4386 616 4446; x_wconf 80' lang='lat' dir='ltr'>consortium</span> <span class='ocrx_word' id='word_1_407' title='bbox 625 4387 772 4446; x_wconf 78' lang='lat' dir='ltr'>nostrum</span> <span class='ocrx_word' id='word_1_408' title='bbox 785 4382 990 4457; x_wconf 77' lang='lat' dir='ltr'>admisimus,</span> <span class='ocrx_word' id='word_1_409' title='bbox 1008 4389 1041 4448; x_wconf 82' lang='lat' dir='ltr'>et</span> <span class='ocrx_word' id='word_1_410' title='bbox 1053 4389 1158 4448; x_wconf 82' lang='lat' dir='ltr'>trans·</span> <span class='ocrx_word' id='word_1_411' title='bbox 1213 4396 1343 4458; x_wconf 82' lang='lat' dir='ltr'>onristo</span> <span class='ocrx_word' id='word_1_412' title='bbox 1356 4397 1416 4456; x_wconf 81' lang='lat' dir='ltr'>oni</span> <span class='ocrx_word' id='word_1_413' title='bbox 1428 4399 1544 4469; x_wconf 82' lang='lat' dir='ltr'>nostri,</span> <span class='ocrx_word' id='word_1_414' title='bbox 1560 4399 1700 4461; x_wconf 80' lang='lat' dir='ltr'>illustris</span> <span class='ocrx_word' id='word_1_415' title='bbox 1710 4402 1799 4476; x_wconf 78' lang='lat' dir='ltr'>regis</span> <span class='ocrx_word' id='word_1_416' title='bbox 1811 4395 1985 4475; x_wconf 65' lang='lat' dir='ltr'>nongenta,</span> 
     </span>
    </p>
   </div>
   <div class='ocr_carea' id='block_1_9' title="bbox 365 4479 1986 4670">
    <p class='ocr_par' dir='ltr' id='par_1_14' title="bbox 365 4479 1986 4670">
     <span class='ocr_line' id='line_1_45' title="bbox 365 4479 1986 4576; baseline -0.009 -11"><span class='ocrx_word' id='word_1_417' title='bbox 365 4482 502 4547; x_wconf 89' lang='lat' dir='ltr'>tulimus</span> <span class='ocrx_word' id='word_1_418' title='bbox 518 4483 552 4542; x_wconf 91' lang='lat' dir='ltr'>in</span> <span class='ocrx_word' id='word_1_419' title='bbox 577 4481 766 4558; x_wconf 66' lang='lat' dir='ltr'>OPiSCOPUffl</span> <span class='ocrx_word' id='word_1_420' title='bbox 782 4479 1016 4557; x_wconf 58' lang='lat' dir='ltr'>sabinensem</span> <span class='ocrx_word' id='word_1_421' title='bbox 1038 4483 1106 4561; x_wconf 88' lang='lat' dir='ltr'>qui,</span> <span class='ocrx_word' id='word_1_422' title='bbox 1123 4486 1159 4546; x_wconf 78' lang='lat' dir='ltr'>ut</span> <span class='ocrx_word' id='word_1_423' title='bbox 1213 4495 1328 4555; x_wconf 80' lang='lat' dir='ltr'>actua</span> <span class='ocrx_word' id='word_1_424' title='bbox 1339 4493 1526 4556; x_wconf 83' lang='lat' dir='ltr'>devotionis</span> <span class='ocrx_word' id='word_1_425' title='bbox 1539 4495 1662 4558; x_wconf 90' lang='lat' dir='ltr'>intuitu</span> <span class='ocrx_word' id='word_1_426' title='bbox 1680 4497 1843 4569; x_wconf 88' lang='lat' dir='ltr'>inclinati,</span> <span class='ocrx_word' id='word_1_427' title='bbox 1857 4504 1986 4576; x_wconf 80' lang='lat' dir='ltr'>persona</span> 
     </span>
     <span class='ocr_line' id='line_1_46' title="bbox 367 4577 1985 4670; baseline -0.017 -26"><span class='ocrx_word' id='word_1_428' title='bbox 367 4596 539 4660; x_wconf 86' lang='lat' dir='ltr'>speramus</span> <span class='ocrx_word' id='word_1_429' title='bbox 565 4579 599 4638; x_wconf 94' lang='lat' dir='ltr'>in</span> <span class='ocrx_word' id='word_1_430' title='bbox 624 4577 775 4648; x_wconf 90' lang='lat' dir='ltr'>Domino,</span> <span class='ocrx_word' id='word_1_431' title='bbox 801 4578 847 4639; x_wconf 88' lang='lat' dir='ltr'>ita</span> <span class='ocrx_word' id='word_1_432' title='bbox 871 4579 994 4641; x_wconf 88' lang='lat' dir='ltr'>serviet</span> <span class='ocrx_word' id='word_1_433' title='bbox 1007 4581 1158 4642; x_wconf 88' lang='lat' dir='ltr'>ecclesiae</span> <span class='ocrx_word' id='word_1_434' title='bbox 1212 4592 1289 4661; x_wconf 67' lang='lat' dir='ltr'>tuae,</span> <span class='ocrx_word' id='word_1_435' title='bbox 1325 4591 1431 4652; x_wconf 69' lang='lat' dir='ltr'>mpppae</span> <span class='ocrx_word' id='word_1_436' title='bbox 1460 4607 1499 4653; x_wconf 66' lang='lat'>30</span> <span class='ocrx_word' id='word_1_437' title='bbox 1527 4594 1642 4654; x_wconf 64' lang='lat' dir='ltr'>annuli</span> <span class='ocrx_word' id='word_1_438' title='bbox 1673 4609 1770 4654; x_wconf 68' lang='lat' dir='ltr'>usum</span> <span class='ocrx_word' id='word_1_439' title='bbox 1799 4595 1840 4655; x_wconf 65' lang='lat' dir='ltr'>de</span> <span class='ocrx_word' id='word_1_440' title='bbox 1868 4584 1985 4670; x_wconf 58' lang='lat' dir='ltr'>speciali</span> 
     </span>
    </p>
   </div>
   <div class='ocr_carea' id='block_1_10' title="bbox 366 4675 2064 5248">
    <p class='ocr_par' dir='ltr' id='par_1_15' title="bbox 366 4675 2064 5248">
     <span class='ocr_line' id='line_1_47' title="bbox 366 4675 1984 4762; baseline 0.004 -21"><span class='ocrx_word' id='word_1_441' title='bbox 366 4679 526 4756; x_wconf 89' lang='lat' dir='ltr'>generali,</span> <span class='ocrx_word' id='word_1_442' title='bbox 544 4679 580 4738; x_wconf 91' lang='lat' dir='ltr'>ut</span> <span class='ocrx_word' id='word_1_443' title='bbox 594 4677 713 4738; x_wconf 76' lang='lat' dir='ltr'>vestrae</span> <span class='ocrx_word' id='word_1_444' title='bbox 738 4678 894 4752; x_wconf 87' lang='lat' dir='ltr'>tanquam</span> <span class='ocrx_word' id='word_1_445' title='bbox 910 4677 1013 4753; x_wconf 91' lang='lat' dir='ltr'>priori</span> <span class='ocrx_word' id='word_1_446' title='bbox 1029 4694 1158 4754; x_wconf 89' lang='lat' dir='ltr'>sponsae</span> <span class='ocrx_word' id='word_1_447' title='bbox 1212 4688 1320 4762; x_wconf 79' lang='lat' dir='ltr'>gratia</span> <span class='ocrx_word' id='word_1_448' title='bbox 1334 4687 1489 4748; x_wconf 84' lang='lat' dir='ltr'>duximus</span> <span class='ocrx_word' id='word_1_449' title='bbox 1511 4675 1769 4762; x_wconf 82' lang='lat' dir='ltr'>concedendum,</span> <span class='ocrx_word' id='word_1_450' title='bbox 1799 4688 1984 4753; x_wconf 79' lang='lat' dir='ltr'>affectantes,</span> 
     </span>
     <span class='ocr_line' id='line_1_48' title="bbox 367 4772 1985 4865; baseline -0.001 -26"><span class='ocrx_word' id='word_1_451' title='bbox 367 4777 555 4841; x_wconf 89' lang='lat' dir='ltr'>dilectionis</span> <span class='ocrx_word' id='word_1_452' title='bbox 570 4775 679 4836; x_wconf 89' lang='lat' dir='ltr'>servet</span> <span class='ocrx_word' id='word_1_453' title='bbox 691 4773 832 4849; x_wconf 82' lang='lat' dir='ltr'>gratiam</span> <span class='ocrx_word' id='word_1_454' title='bbox 844 4772 1033 4850; x_wconf 90' lang='lat' dir='ltr'>specialem.</span> <span class='ocrx_word' id='word_1_455' title='bbox 1049 4776 1157 4836; x_wconf 87' lang='lat' dir='ltr'>Caete—</span> <span class='ocrx_word' id='word_1_456' title='bbox 1214 4784 1250 4844; x_wconf 87' lang='lat' dir='ltr'>nt</span> <span class='ocrx_word' id='word_1_457' title='bbox 1263 4800 1338 4844; x_wconf 89' lang='lat' dir='ltr'>cum</span> <span class='ocrx_word' id='word_1_458' title='bbox 1354 4783 1490 4845; x_wconf 87' lang='lat' dir='ltr'>honoris</span> <span class='ocrx_word' id='word_1_459' title='bbox 1505 4789 1682 4861; x_wconf 90' lang='lat' dir='ltr'>augmento</span> <span class='ocrx_word' id='word_1_460' title='bbox 1708 4789 1816 4865; x_wconf 90' lang='lat' dir='ltr'>gratia</span> <span class='ocrx_word' id='word_1_461' title='bbox 1845 4783 1985 4850; x_wconf 88' lang='lat' dir='ltr'>sollicitu-</span> 
     </span>
     <span class='ocr_line' id='line_1_49' title="bbox 367 4870 1984 4957; baseline -0.003 -20"><span class='ocrx_word' id='word_1_462' title='bbox 367 4890 439 4937; x_wconf 89' lang='lat' dir='ltr'>rum</span> <span class='ocrx_word' id='word_1_463' title='bbox 456 4889 508 4944; x_wconf 91' lang='lat' dir='ltr'>ne,</span> <span class='ocrx_word' id='word_1_464' title='bbox 524 4872 609 4950; x_wconf 85' lang='lat' dir='ltr'>quod</span> <span class='ocrx_word' id='word_1_465' title='bbox 625 4871 722 4943; x_wconf 90' lang='lat' dir='ltr'>absit,</span> <span class='ocrx_word' id='word_1_466' title='bbox 736 4870 877 4932; x_wconf 86' lang='lat' dir='ltr'>ecclesia</span> <span class='ocrx_word' id='word_1_467' title='bbox 899 4873 1009 4932; x_wconf 85' lang='lat' dir='ltr'>vestra</span> <span class='ocrx_word' id='word_1_468' title='bbox 1025 4887 1086 4948; x_wconf 94' lang='lat' dir='ltr'>pro</span> <span class='ocrx_word' id='word_1_469' title='bbox 1101 4873 1160 4933; x_wconf 93' lang='lat' dir='ltr'>de-</span> <span class='ocrx_word' id='word_1_470' title='bbox 1214 4880 1300 4940; x_wconf 89' lang='lat' dir='ltr'>dinis</span> <span class='ocrx_word' id='word_1_471' title='bbox 1328 4888 1394 4942; x_wconf 88' lang='lat' dir='ltr'>tuae</span> <span class='ocrx_word' id='word_1_472' title='bbox 1416 4896 1566 4944; x_wconf 88' lang='lat' dir='ltr'>crescere</span> <span class='ocrx_word' id='word_1_473' title='bbox 1590 4883 1716 4957; x_wconf 88' lang='lat' dir='ltr'>debeat,</span> <span class='ocrx_word' id='word_1_474' title='bbox 1733 4889 1767 4948; x_wconf 87' lang='lat' dir='ltr'>et</span> <span class='ocrx_word' id='word_1_475' title='bbox 1790 4886 1875 4948; x_wconf 88' lang='lat' dir='ltr'>siout</span> <span class='ocrx_word' id='word_1_476' title='bbox 1896 4879 1984 4943; x_wconf 88' lang='lat' dir='ltr'>cultus</span> 
     </span>
     <span class='ocr_line' id='line_1_50' title="bbox 367 4967 1983 5053; baseline -0.002 -19"><span class='ocrx_word' id='word_1_477' title='bbox 367 4973 455 5034; x_wconf 85' lang='lat' dir='ltr'>lectu</span> <span class='ocrx_word' id='word_1_478' title='bbox 471 4969 624 5046; x_wconf 85' lang='lat' dir='ltr'>pastoris,</span> <span class='ocrx_word' id='word_1_479' title='bbox 638 4968 739 5029; x_wconf 88' lang='lat' dir='ltr'>alicui</span> <span class='ocrx_word' id='word_1_480' title='bbox 761 4967 932 5044; x_wconf 88' lang='lat' dir='ltr'>subjaceat</span> <span class='ocrx_word' id='word_1_481' title='bbox 950 4967 1157 5042; x_wconf 88' lang='lat' dir='ltr'>detrimento,</span> <span class='ocrx_word' id='word_1_482' title='bbox 1213 4977 1264 5038; x_wconf 87' lang='lat' dir='ltr'>est</span> <span class='ocrx_word' id='word_1_483' title='bbox 1289 4977 1484 5053; x_wconf 89' lang='lat' dir='ltr'>elegantior,</span> <span class='ocrx_word' id='word_1_484' title='bbox 1511 4979 1559 5041; x_wconf 89' lang='lat' dir='ltr'>sio</span> <span class='ocrx_word' id='word_1_485' title='bbox 1581 4982 1614 5042; x_wconf 90' lang='lat' dir='ltr'>et</span> <span class='ocrx_word' id='word_1_486' title='bbox 1639 4982 1788 5043; x_wconf 86' lang='lat' dir='ltr'>melioris</span> <span class='ocrx_word' id='word_1_487' title='bbox 1819 4984 1893 5045; x_wconf 80' lang='lat' dir='ltr'>vitae</span> <span class='ocrx_word' id='word_1_488' title='bbox 1914 4971 1983 5037; x_wconf 88' lang='lat' dir='ltr'>actio</span> 
     </span>
     <span class='ocr_line' id='line_1_51' title="bbox 369 5065 2064 5153; baseline -0.003 -22"><span class='ocrx_word' id='word_1_489' title='bbox 369 5068 620 5131; x_wconf 85' lang='lat' dir='ltr'>universitatem</span> <span class='ocrx_word' id='word_1_490' title='bbox 642 5067 787 5126; x_wconf 88' lang='lat' dir='ltr'>vestram</span> <span class='ocrx_word' id='word_1_491' title='bbox 812 5080 982 5126; x_wconf 90' lang='lat' dir='ltr'>monemus</span> <span class='ocrx_word' id='word_1_492' title='bbox 997 5065 1030 5125; x_wconf 83' lang='lat' dir='ltr'>et</span> <span class='ocrx_word' id='word_1_493' title='bbox 1045 5066 1161 5128; x_wconf 85' lang='lat' dir='ltr'>horta-</span> <span class='ocrx_word' id='word_1_494' title='bbox 1214 5073 1445 5151; x_wconf 86' lang='lat' dir='ltr'>subsequatur.</span> <span class='ocrx_word' id='word_1_495' title='bbox 1462 5077 1553 5138; x_wconf 93' lang='lat' dir='ltr'>Nulli</span> <span class='ocrx_word' id='word_1_496' title='bbox 1582 5093 1661 5153; x_wconf 89' lang='lat' dir='ltr'>ergo</span> <span class='ocrx_word' id='word_1_497' title='bbox 1686 5079 1918 5146; x_wconf 88' lang='lat' dir='ltr'>concessionis,</span> <span class='ocrx_word' id='word_1_498' title='bbox 1933 5071 1982 5131; x_wconf 89' lang='lat' dir='ltr'>etc.</span> <span class='ocrx_word' id='word_1_499' title='bbox 2063 5129 2064 5147; x_wconf 17' lang='lat' dir='ltr'>p</span> 
     </span>
     <span class='ocr_line' id='line_1_52' title="bbox 369 5160 1984 5248; baseline -0.002 -22"><span class='ocrx_word' id='word_1_500' title='bbox 369 5181 453 5232; x_wconf 90' lang='lat' dir='ltr'>mur,</span> <span class='ocrx_word' id='word_1_501' title='bbox 470 5180 531 5241; x_wconf 91' lang='lat' dir='ltr'>per</span> <span class='ocrx_word' id='word_1_502' title='bbox 544 5160 732 5240; x_wconf 73' lang='lat' dir='ltr'>apostolica</span> <span class='ocrx_word' id='word_1_503' title='bbox 747 5160 840 5222; x_wconf 84' lang='lat' dir='ltr'>vobis</span> <span class='ocrx_word' id='word_1_504' title='bbox 860 5161 983 5238; x_wconf 89' lang='lat' dir='ltr'>scripta</span> <span class='ocrx_word' id='word_1_505' title='bbox 998 5163 1161 5223; x_wconf 90' lang='lat' dir='ltr'>mandan-</span> <span class='ocrx_word' id='word_1_506' title='bbox 1215 5169 1250 5230; x_wconf 84' lang='lat' dir='ltr'>Si</span> <span class='ocrx_word' id='word_1_507' title='bbox 1265 5170 1338 5248; x_wconf 87' lang='lat' dir='ltr'>quis</span> <span class='ocrx_word' id='word_1_508' title='bbox 1351 5173 1471 5244; x_wconf 89' lang='lat' dir='ltr'>autem,</span> <span class='ocrx_word' id='word_1_509' title='bbox 1489 5171 1550 5234; x_wconf 86' lang='lat' dir='ltr'>eto.</span> <span class='ocrx_word' id='word_1_510' title='bbox 1568 5173 1685 5234; x_wconf 89' lang='lat' dir='ltr'>Datum</span> <span class='ocrx_word' id='word_1_511' title='bbox 1701 5177 1814 5246; x_wconf 88' lang='lat' dir='ltr'>Reate,</span> <span class='ocrx_word' id='word_1_512' title='bbox 1831 5177 1874 5236; x_wconf 81' lang='lat' dir='ltr'>Vl</span> <span class='ocrx_word' id='word_1_513' title='bbox 1887 5167 1984 5232; x_wconf 82' lang='lat' dir='ltr'>baleo·</span> 
     </span>
    </p>
   </div>
   <div class='ocr_carea' id='block_1_11' title="bbox 368 5257 2063 5434">
    <p class='ocr_par' dir='ltr' id='par_1_16' title="bbox 368 5257 2063 5434">
     <span class='ocr_line' id='line_1_53' title="bbox 368 5257 2063 5347; baseline -0.004 -23"><span class='ocrx_word' id='word_1_514' title='bbox 368 5259 430 5336; x_wconf 87' lang='lat' dir='ltr'>te&#39;s,</span> <span class='ocrx_word' id='word_1_515' title='bbox 445 5261 607 5340; x_wconf 88' lang='lat' dir='ltr'>quatenus</span> <span class='ocrx_word' id='word_1_516' title='bbox 622 5257 859 5320; x_wconf 84' lang='lat' dir='ltr'>convenientes</span> <span class='ocrx_word' id='word_1_517' title='bbox 873 5257 907 5318; x_wconf 93' lang='lat' dir='ltr'>in</span> <span class='ocrx_word' id='word_1_518' title='bbox 921 5274 1033 5330; x_wconf 92' lang='lat' dir='ltr'>unum,</span> <span class='ocrx_word' id='word_1_519' title='bbox 1052 5259 1160 5336; x_wconf 87' lang='lat' dir='ltr'>Spiri-</span> <span class='ocrx_word' id='word_1_520' title='bbox 1215 5266 1274 5326; x_wconf 91' lang='lat' dir='ltr'>das</span> <span class='ocrx_word' id='word_1_521' title='bbox 1289 5269 1444 5340; x_wconf 84' lang='lat' dir='ltr'>octobris,</span> <span class='ocrx_word' id='word_1_522' title='bbox 1470 5269 1681 5347; x_wconf 83' lang='lat' dir='ltr'>pontificatus</span> <span class='ocrx_word' id='word_1_523' title='bbox 1707 5273 1813 5334; x_wconf 79' lang='lat' dir='ltr'>nostri</span> <span class='ocrx_word' id='word_1_524' title='bbox 1838 5283 1918 5332; x_wconf 74' lang='lat' dir='ltr'>appo</span> <span class='ocrx_word' id='word_1_525' title='bbox 1939 5261 1984 5320; x_wconf 86' lang='lat' dir='ltr'>de·</span> <span class='ocrx_word' id='word_1_526' title='bbox 2062 5285 2063 5327; x_wconf 53' lang='lat' dir='ltr'>p</span> 
     </span>
     <span class='ocr_line' id='line_1_54' title="bbox 369 5354 1311 5434; baseline 0.002 -12"><span class='ocrx_word' id='word_1_527' title='bbox 369 5363 422 5422; x_wconf 88' lang='lat' dir='ltr'>tus</span> <span class='ocrx_word' id='word_1_528' title='bbox 434 5357 546 5422; x_wconf 87' lang='lat' dir='ltr'>Sancti</span> <span class='ocrx_word' id='word_1_529' title='bbox 558 5355 665 5434; x_wconf 90' lang='lat' dir='ltr'>gratia</span> <span class='ocrx_word' id='word_1_530' title='bbox 677 5356 841 5426; x_wconf 87' lang='lat' dir='ltr'>invocata,</span> <span class='ocrx_word' id='word_1_531' title='bbox 855 5354 1056 5432; x_wconf 85' lang='lat' dir='ltr'>provideatis</span> <span class='ocrx_word' id='word_1_532' title='bbox 1066 5357 1160 5418; x_wconf 84' lang='lat' dir='ltr'>vobis</span> <span class='ocrx_word' id='word_1_533' title='bbox 1215 5363 1311 5424; x_wconf 86' lang='lat' dir='ltr'>cimo.</span> 
     </span>
    </p>
   </div>
   <div class='ocr_carea' id='block_1_12' title="bbox 1336 2603 1886 2672">
    <p class='ocr_par' dir='ltr' id='par_1_17' title="bbox 1336 2603 1886 2672">
     <span class='ocr_line' id='line_1_55' title="bbox 1336 2603 1886 2672; baseline 0.009 -19"><span class='ocrx_word' id='word_1_534' title='bbox 1336 2603 1426 2667; x_wconf 64' lang='lat' dir='ltr'>[l&#39;ejeu</span> <span class='ocrx_word' id='word_1_535' title='bbox 1443 2603 1528 2656; x_wconf 86' lang='lat' dir='ltr'>Codex</span> <span class='ocrx_word' id='word_1_536' title='bbox 1542 2604 1606 2668; x_wconf 91' lang='lat' dir='ltr'>dipl.</span> <span class='ocrx_word' id='word_1_537' title='bbox 1620 2605 1711 2670; x_wconf 67' lang='lat' dir='ltr'>ilung„</span> <span class='ocrx_word' id='word_1_538' title='bbox 1725 2607 1769 2664; x_wconf 94' lang='lat' dir='ltr'>lll,</span> <span class='ocrx_word' id='word_1_539' title='bbox 1785 2621 1814 2664; x_wconf 91' lang='grc' dir='ltr'>ιι,</span> <span class='ocrx_word' id='word_1_540' title='bbox 1827 2607 1886 2672; x_wconf 67' lang='grc' dir='ltr'>ΒΜ</span> 
     </span>
    </p>
   </div>
   <div class='ocr_carea' id='block_1_13' title="bbox 0 0 2125 6372">
    <p class='ocr_par' dir='ltr' id='par_1_18' title="bbox 0 0 2125 6372">
     <span class='ocr_line' id='line_1_56' title="bbox 0 0 2125 6372; baseline 0 0"><span class='ocrx_word' id='word_1_541' title='bbox 0 0 2125 6372; x_wconf 95' lang='lat' dir='ltr'> </span> 
     </span>
    </p>
   </div>
  </div>
 </body>
</html>
