4244 6374
329 293 387 353 531

328 465 413 523 mus,
437 448 552 510 contra
577 447 645 508 tam
661 444 752 523 pium
771 443 894 506 factum
915 446 1040 507 temere
1061 463 1121 509 ve-

328 549 458 610 nientes
486 561 529 607 ex
557 561 596 606 eo
623 544 753 620 sumpta
771 544 946 606 occasione
959 546 1044 620 quod
1062 561 1121 621 per

326 661 451 708 anuum
461 643 591 714 debent,
604 643 640 703 ut
650 641 783 712 dicitur,
795 640 1005 717 praebendam
1019 640 1120 703 dece·

329 743 437 804 dentis
460 740 612 802 canonici
632 739 849 806 carnotenses
868 738 1001 810 habere,
1019 739 1120 799 dece-

328 840 425 901 dente
438 839 609 908 66161166,
623 838 675 899 161
689 837 816 898 vicario
827 835 883 912 qui
896 837 1029 897 tertiam
1039 851 1123 912 prae·

326 937 442 998 bendae
457 938 579 998 vestrae
590 935 836 1011 consequuntur
845 933 1041 1010 portionem,
1055 948 1121 994 non

326 1036 435 1096 solum
450 1033 598 1096 eamdem
610 1032 753 1103 tertiam,
767 1033 824 1092 sed
848 1033 950 1093 totam
964 1031 1027 1091 sibi
1037 1046 1120 1092 con-

328 1132 468 1194 tendunt
491 1129 681 1207 huJusmodi
702 1129 874 1190 vindicare
896 1127 1119 1205 praebendam,

326 1245 394 1291 non
403 1228 652 1291 considerantes
664 1227 795 1304 quantae
811 1227 854 1287 sit
866 1226 1018 1288 avaritiae
1029 1242 1123 1286 men-

327 1325 513 1388 dicantibus
531 1325 727 1386 subtrahere
745 1323 954 1384 necessitatis
975 1322 1123 1383 subsidia

327 1423 534 1495 mendicatas,
568 1437 631 1483 nec
664 1421 749 1499 quod
785 1421 950 1496 hospitale
976 1421 1122 1481 vestrum

328 1521 443 1582 mortis
467 1521 634 1598 jacturam
654 1535 721 1580 non
745 1519 881 1595 patitur,
902 1518 1120 1579 attendentes.

328 1619 484 1681 volentes
501 1617 614 1694 itaque
634 1616 729 1678 vobis
752 1616 787 1676 in
808 1616 922 1676 eadem
945 1615 1122 1692 praebenda

321 1719 379 1794 jus
394 1716 543 1777 vestrum
559 1714 689 1790 integre
704 1713 908 1785 conservari,
926 1713 1123 1774 auctoritate

325 1813 539 1890 praesentium
563 1810 746 1872 districtius
759 1810 962 1880 inhibemus,
979 1825 1123 1885 1161166-

325 1909 383 1970 1611
398 1909 499 1970 abbas
515 1911 548 1970 et
563 1910 743 1970 conventus
759 1923 860 1984 super
874 1906 1002 1967 duabus
1018 1907 1123 1982 parti-

325 2006 386 2067 bus
420 2005 606 2082 praebendae
644 2005 812 2081 praedictae
853 2005 917 2064 hac
948 2003 1122 2065 occasione

324 2104 472 2180 aliquam
487 2102 581 2164 vobis
601 2102 787 2163 molestiam
806 2101 980 2168 interrant,
1003 2101 1056 2161 vel
1072 2100 1124 2160 la-

326 2201 427 2261 oiaut.
439 2200 530 2260 Nulli
541 2199 880 2276 ergo,etc.,paginam
892 2200 1014 2259 nostrae
1032 2198 1123 2258 iuhi-

326 2296 462 2358 bitienis
480 2296 673 2372 intringere,
691 2299 753 2358 eto.
781 2296 903 2372 Siquis
918 2296 1041 2367 autem,
1058 2297 1119 2356 etc.

366 2393 484 2456 Datum
511 2394 677 2467 Laterani,
703 2394 801 2454 nouis
832 2392 1002 2466 1611116111,
1033 2407 1121 2454 6116

327 2493 456 2553 661616.

666 2714 785 2800 uxxl

327 2867 379 2925 Ad
400 2865 624 2926 Benedictum
645 2867 841 2938 episcopum
857 2864 1063 2924 Soorensem
1088 2863 1122 2922 et

340 3011 342 3016 .
444 2963 593 3023 Petram
614 2963 757 3023 electum
772 2963 1000 3022 beccensem.

589 3093 623 3148 1ο
638 3053 770 3149 februarii
784 3091 863 3149 1111.

408 3217 553 3280 [Liljegrem
569 3215 685 3265 Svenslrt
696 3213 814 3279 diplom,
829 3214 849 3271 l,
862 3213 918 3272 237,
930 3227 955 3263 n.
969 3214 1037 3278 225]

326 3345 361 3401 111
372 3342 473 3398 Oleum
496 3341 701 3410 strangensem
721 3339 886 3410 episcopum
899 3338 1052 3411 Upsaleusi
1071 3353 1119 3394 ec-

358 3431 453 3487 clesiae
471 3428 641 3501 praeficiant,
667 3426 812 3483 solventes
834 3427 926 3497 ipsum
947 3441 963 3483 6
993 3426 1119 3496 viuculo,

358 3533 415 3592 quo
430 3516 598 3590 Straugeusi
608 3515 737 3573 ecclesie
750 3523 889 3572 teneatur.

360 3646 538 3716 Honorius,
550 3645 624 3716 616,
637 3643 794 3720 episcopo
807 3642 962 3704 scarensi
972 3641 1004 3702 et
1014 3640 1121 3702 electo

325 3744 504 3805 Luniensi.

361 3841 589 3903 Intelleximus
603 3837 689 3915 quod
706 3837 881 3914 Upsalensi
893 3836 1034 3898 ecclesia
1059 3835 1121 3896 du-

304 3980 307 3988 .
325 3940 403 4000 dum
416 3939 554 4000 viduata
569 3937 714 4014 pastore,
727 3935 836 3997 clerus
853 3935 885 3995 et
895 3934 1036 4011 populus
1052 3935 1121 4010 Up-

321 4036 473 4108 salensis,
495 4035 654 4114 praedicta
681 4033 825 4094 ecclesia
847 4032 1028 4108 capitulum
1053 4047 1119 4092 non

320 4134 474 4205 habente,
484 4130 777 4193 sibivenerabilem
790 4129 1117 4191 tratremnostrum...

323 4233 556 4306 strangensem
570 4229 761 4305 episcopum
777 4227 810 4287 in
826 4227 1023 4288 executione
1041 4241 1120 4302 pon·

319 4328 453 4389 tiflcalis
464 4326 576 4396 officii,
590 4328 624 4386 ut
633 4325 763 4395 dicitur,
773 4324 1001 4400 approbatum,
1014 4325 1067 4384 cui
1079 4323 1120 4384 de

319 4421 1120 4498 vitaetmoribuslaudabiletestimoniumperhi-

319 4525 426 4594 betur,
438 4522 474 4582 iu
489 4519 776 4596 archiepiscopum
784 4519 986 4580 unanimiter
995 4520 1027 4580 et
1038 4535 1120 4581 con-

319 4621 463 4684 corditer
486 4617 706 4695 postularunt.
741 4615 1013 4691 supplicantibus
1038 4632 1118 4692 ergo

320 4713 1120 4782 nobiscarissimoinChristofilionostro...illus-

318 4819 363 4880 tri
373 4833 453 4893 rege
469 4814 609 4885 sueciae,
624 4813 658 4874 et
669 4811 838 4872 universis
852 4811 998 4889 ejusdem
1012 4812 1120 4872 eccle-

321 4908 1117 4990 siaesuffraganeis,accleroetiamUpsalensiut,

324 5005 1120 5092 quumUpsalensismetropolispropterindomi-

323 5114 365 5174 tae
381 5107 593 5172 consistentis
603 5106 639 5167 in
651 5121 690 5166 66
706 5105 813 5181 gentis
825 5103 1029 5175 induritiam,
1043 5103 1118 5164 talis

321 5207 545 5271 sollicitudine
556 5204 700 5281 pastoris
712 5203 870 5278 indigeat,
881 5202 938 5278 qui
947 5201 1061 5262 vinum
1073 5203 1121 5262 in-

319 5305 488 5369 fundendo
498 5298 534 5364 ‘et
544 5304 654 5363 oleum
662 5301 786 5362 mederi
800 5301 932 5361 noverit
946 5300 1117 5372 sauciatis,

320 5405 361 5466 ad
378 5403 464 5482 quod
485 5401 567 5462 satis
589 5400 745 5461 idoneum
772 5399 967 5475 praedictum
990 5398 1121 5474 episco-

320 5517 398 5578 pum
426 5497 641 5568 asseverant,
678 5496 895 5572 postulationi
930 5495 1120 5570 hujusmodi

320 5613 497 5658 assensum
512 5595 708 5658 benevolum
722 5611 765 5656 ex
788 5609 888 5656 causa
912 5595 979 5655 tam
999 5607 1119 5656 neces·

944 284 1120 348 HONORII
1144 289 1189 349 111
1210 291 1359 352 OPERA.

1881 293 1973 353 -532

1176 451 1265 511 saria
1291 450 1524 527 praeberemus.
1544 443 1619 511 'Nos
1645 449 1748 526 igitur
1766 451 1852 528 juris
1872 467 1973 528 super

1176 547 1239 608 hoo
1253 549 1399 623 rigorem
1419 547 1628 624 providentia
1651 547 1884 625 temperantes,
1900 550 1972 610 dis-

1176 645 1317 706 cretioni
1328 646 1448 707 vestrae
1460 661 1519 722 per
1532 646 1722 722 Apostolica
1732 647 1855 723 scripta
1870 663 1970 708 man-

1176 740 1303 814 damus,
1321 744 1483 819 quatenus
1499 743 1527 802 si
1537 743 1632 804 vobis
1646 745 1971 822 constiteritdeprae-

1176 839 1311 911 missis,
1356 839 1508 900 eumdem
1552 840 1742 917 episcopum
1779 841 1971 917 praeficiatis

1176 935 1374 998 auctoritate
1401 940 1516 999 nostra
1550 938 1728 1014 Upsalensi
1754 939 1906 1000 ecclesiae
1934 940 1970 1002 in

1177 1035 1356 1110 pastorem,
1369 1034 1576 1096 absolventes
1591 1036 1698 1112 ipsum
1713 1052 1733 1097 a
1750 1036 1895 1105 vinculo,
1906 1053 1970 1114 quo

1178 1131 1370 1207 strangensi
1391 1132 1566 1193 tenebatur
1589 1133 1751 1205 ecclesiae,
1773 1134 1971 1195 transeundi
2007 1151 2010 1156 ¹

1177 1228 1217 1288 ad
1234 1229 1424 1305 praedictam
1437 1230 1612 1291 ecclesiam
1625 1231 1972 1308 Upsaleusemtribua·

1176 1325 1219 1387 tis
1243 1324 1461 1406 [licentiaml.
1496 1330 1614 1389 Datum
1639 1329 1806 1400 Laterani,
1831 1331 1874 1391 IV
1895 1329 1970 1390 idus

1178 1423 1349 1497 februarii,
1366 1440 1453 1487 anuo
1471 1426 1598 1487 661616.

1504 1666 1645 1754 CXXII

1237 1810 1288 1869 Ad
1300 1811 1458 1884 priorem
1472 1810 1505 1870 61
1520 1811 1770 1872 concentores.
1785 1813 1912 1872 Marica

1365 1908 1402 1966 ta
1416 1907 1530 1967 Portu
1543 1908 1779 1968 Ravennatem.

1425 2038 1459 2095 11
1477 2036 1612 2095 februarii
1632 2039 1711 2096 1111.

1201 2150 1340 2210 [1111111111
1353 2153 1511 2202 Monumenti
1526 2154 1677 2213 Ravennati,
1692 2155 1722 2212 11,
1736 2167 1763 2217 p.
1777 2153 1831 2214 198,
1845 2169 1870 2204 n.
1882 2155 1949 2219 lon]

1228 2267 1471 2340 Compositionem
1486 2283 1574 2341 super
1593 2269 1769 2342 subjectione
1784 2271 1915 2328 ecclesiae

1371 2357 1483 2414 Sancte
1498 2357 1595 2414 bleriae
1613 2357 1773 2415 confirmat.

1216 2473 1383 2534 Honorius
1395 2475 1582 2551 episcopus,
1593 2490 1889 2536 servusservorum
1897 2478 1969 2550 Dei,

1177 2571 1296 2632 dilecto
1312 2571 1380 2632 filio
1393 2571 1498 2648 priori
1511 2575 1543 2632 et
1559 2573 1736 2634 conventui
1754 2574 1787 2633 S.
1804 2574 1920 2636 Mariae
1935 2575 1973 2635 in

1177 2670 1280 2730 Portu
1295 2669 1492 2740 Ravennati,
1509 2668 1661 2740 salutem,
1679 2671 1741 2732 etc.

1217 2769 1323 2838 Quum
1334 2767 1421 2828 inter
1434 2783 1494 2828 vos
1510 2781 1553 2828 ex
1563 2766 1656 2843 parte
1666 2783 1731 2830 una
1746 2767 1779 2830 et
1791 2769 1973 2830 venerabi-

1176 2863 1240 2925 lem
1255 2864 1391 2926 fratrem
1406 2866 1556 2926 nostrum
1568 2865 1856 2943 archiepiscopum
1871 2867 1904 2929 et
1919 2883 1974 2929 66-

1176 2961 1316 3037 pitulum
1332 2963 1577 3024 Ravennateex
1587 2964 1704 3036 altera,
1716 2965 1855 3042 quaestio
1870 2981 1974 3042 super

1177 3060 1380 3137 subjectione
1401 3061 1552 3122 ecclesiae
1568 3063 1689 3123 vestrae
1703 3061 1821 3125 luisset
1842 3062 1973 3125 diutius

1177 3159 1300 3236 agitata
1316 3159 1348 3219 et
1358 3157 1553 3234 quibusdam
1566 3159 1787 3236 processibus,
1803 3161 1860 3236 qui
1871 3177 1975 3238 super

1176 3256 1239 3316 hoc
1251 3255 1356 3317 habiti
1368 3255 1511 3327 luerunt,
1523 3256 1671 3331 legitime
1681 3259 1858 3331 revocatis,
1869 3275 1975 3320 causa

1175 3351 1338 3412 initianda
1364 3353 1459 3428 quasi
1483 3367 1526 3412 ex
1547 3353 1677 3428 integro
1692 3355 1873 3429 judicetur,
1892 3358 1974 3417 1611-

1176 3449 1249 3508 dem
1279 3463 1391 3508 coram
1419 3448 1540 3508 dilecto
1567 3449 1636 3508 tilio
1661 3451 1775 3512 nostro
1810 3454 1853 3524 1.,
1881 3453 1975 3514 tituli

1177 3547 1306 3606 Sanctae
1321 3543 1453 3604 Sabinae
1474 3545 1666 3621 presbytero
1680 3547 1854 3619 cardinali,
1872 3564 1976 3626 quem

1176 3641 1443 3718 dederamusipsi
1454 3641 1704 3718 archiepiscopo
1713 3645 1747 3704 et
1755 3644 1788 3703 d.
1800 3645 1882 3706 Rev.
1894 3659 1978 3706 ves-

1087 3778 1090 3786 ,
1178 3743 1235 3802 trae
1247 3740 1398 3800 ecclesiae
1410 3738 1555 3816 syndicis
1567 3740 1763 3810 auditorem,
1774 3741 1975 3818 talis,quu1n

1176 3838 1274 3898 iidem
1298 3837 1428 3914 syndici
1450 3837 1642 3898 mandatum
1661 3837 1728 3898 tam
1750 3837 1791 3898 ad
1808 3839 1974 3915 agendum

1175 3951 1273 4012 quem
1291 3935 1332 3996 ad
1346 3935 1608 4010 componendum
1623 3934 1795 4008 heberent,
1811 3938 1974 4013 composi·

1174 4033 1221 4093 tio
1242 4031 1460 4094 intervenerit
1476 4031 1563 4109 quod
1578 4031 1735 4095 videlicet
1748 4032 1841 4110 prior
1858 4036 1890 4096 et
1907 4033 1974 4096 116-

1174 4131 1241 4192 1166
1254 4130 1404 4192 ecclesiae
1420 4130 1615 4191 Portuensis
1627 4131 1807 4192 teneantur
1820 4131 1974 4209 recipere

1175 4227 1307 4288 ordines
1322 4242 1342 4286 a
1356 4226 1559 4290 Ravennatis
1573 4227 1837 4304 archiepiscopo,
1851 4229 1884 4290 et
1897 4245 1974 4290 con·

1174 4324 1394 4386 sacrationem
1407 4324 1636 4396 ecclesiarum,
1647 4326 1682 4385 et
1695 4325 1852 4386 altarium
1865 4326 1899 4386 in
1911 4329 1975 4388 Ra·

1174 4421 1974 4501 vennatensidloecesipositorum,oleumquoque

1174 4521 1324 4582 sanctum
1344 4520 1377 4581 et
1397 4519 1465 4580 alia
1489 4519 1717 4581 ecclesiastica
1741 4521 1970 4594 sacramenta,

1175 4635 1247 4695 quae
1264 4617 1307 4678 ab
1322 4617 1434 4694 aliquo
1450 4617 1561 4678 essent
1575 4616 1732 4692 episcopo
1744 4618 1922 4694 recepturi,
1940 4619 1971 4680 si

1173 4720 1285 4778 tamen
1295 4716 1366 4792 ipse
1380 4713 1651 4790 archiepiscopus
1661 4713 1844 4776 catholicus
1858 4714 1966 4788 tuerit,

1174 4814 1255 4875 6166
1270 4813 1374 4888 gratis
1390 4811 1422 4873 et
1437 4811 1562 4888 absque
1576 4811 1645 4871 ulla
1669 4813 1836 4888 pravitate
1853 4813 1970 4874 volue-

1173 4913 1219 4972 rit
1232 4910 1403 4980 exhibere,
1421 4908 1570 4986 alioquin
1591 4909 1776 4985 recipiendi
1791 4925 1831 4970 ea
1853 4926 1874 4971 a
1889 4926 1974 4987 quo·

1175 5024 1314 5085 cumque
1340 5007 1520 5068 maluerint
1546 5007 1709 5069 catholico
1739 5006 1893 5084 episcopo
1911 5006 1974 5069 ha·

1174 5107 1276 5168 heaut
1302 5105 1509 5182 potestatem.
1534 5104 1722 5165 Decedente
1748 5119 1828 5166 vero
1861 5105 1972 5181 priore

1176 5205 1280 5282 ipsius
1295 5203 1458 5274 ecclesiae,
1473 5203 1526 5264 vel
1546 5218 1646 5279 quum
1662 5201 1748 5264 alias
1760 5217 1835 5263 eam
1852 5218 1973 5264 vacare
1999 5283 2002 5288 Ι

1175 5289 1361 5378 contigerit,
1376 5299 1557 5377 capitulum
1581 5299 1644 5359 sibi
1663 5299 1808 5376 priorem
1832 5300 1970 5375 eligant,

1175 5413 1271 5473 quem
1288 5396 1469 5457 secundum
1483 5395 1598 5464 Deum,
1620 5393 1654 5454 61
1671 5393 1852 5454 canonicas
1864 5395 1897 5456 et
1911 5410 1971 5456 re·

1175 5494 1309 5570 31116166
1325 5491 1556 5554 observantias
1566 5491 1712 5552 viderint
1726 5491 1927 5568 eligendum,
1942 5493 1973 5553 et

1175 5591 1317 5654 electum
1335 5588 1836 5667 repraesententarchiepiscopo
1850 5589 1975 5651 confir-
