4222 6374
180 251 237 336 1⁴1
294 291 297 300 .

177 409 209 474 ei
221 407 360 472 reddere
370 409 611 473 contradicunt.
623 409 765 486 Ideoque
775 409 966 471 discretIoni

175 508 242 571 tuae
257 507 512 584 perdpostolica
528 505 651 585 scripta
669 507 875 580 mandamus,
890 522 968 585 qua-

175 604 273 666 tenns
293 603 442 681 partibus
464 604 654 665 convocatis
681 604 805 666 audias
820 620 965 671 eausam.

176 702 209 764 et
223 701 447 778 appellatione
460 703 598 772 remota,
613 700 723 764 debito
739 701 805 764 dne
821 701 965 775 decidas,

174 797 315 872 iaciens,
332 799 417 874 quod
440 798 628 861 decreveris
648 814 709 876 per
728 815 903 861 censuram
917 815 967 860 ec·

175 894 399 956 clesiasticam
412 895 553 956 tirmiter
577 895 760 958 observari.
777 898 890 958 Testes
905 911 967 957 33-

173 993 251 1064 133,
267 992 322 1070 qui
334 991 457 1054 suerint
472 992 645 1065 nominati,
661 993 689 1053 si
703 1010 738 1054 se
756 993 877 1070 gratia,
890 993 965 1054 odio

173 1089 228 1151 vel
255 1089 374 1150 timore
407 1087 643 1157 subtraxerint,
674 1105 814 1153 censura
845 1089 963 1162 simili,

175 1185 399 1266 appellatione
434 1186 595 1258 cessante,
625 1187 803 1264 compellas
831 1187 964 1248 veritati

173 1283 400 1344 testImonIum
429 1283 615 1360 perbibere.
632 1285 750 1345 Datum
774 1285 892 1354 Alatri,
921 1287 965 1348 VI

173 1395 280 1442 nonas
295 1380 386 1454 maii,
402 1380 614 1457 pontificatus
627 1381 733 1444 nostri
753 1397 841 1444 anuo
858 1371 962 1444 sexto.

794 247 1022 316 EPtsrotAE.
1047 251 1125 312 LIB.
1149 250 1203 310 vt.

1758 249 1816 313 esa

1331 416 1504 504 CLXVII

1023 569 1073 628 dd
1084 565 1325 644 praepositam,
1342 569 1518 630 custodem
1528 569 1561 630 et
1575 567 1813 630 scholasticam

1294 665 1538 742 Aapestcases.

1318 795 1339 854 θ
1354 796 1422 853 3311
1438 795 1517 856 tear.

1199 917 1376 983 [lineamenta
1390 918 1477 977 Boion,
1493 917 1546 976 VII,
1561 915 1628 984 CCC]

1021 1041 1137 1102 Mandat
1151 1048 1181 1100 ut
1199 1043 1354 1100 terminent
1366 1057 1483 1102 oausam
1499 1049 1657 1100 vertentem
1667 1043 1741 1102 inter
1760 1043 1809 1102 ab·

1054 1129 1150 1188 batem
1165 1139 1395 1204 conventumque
1410 1133 1439 1189 in
1456 1131 1658 1200 Wessenbrun
1674 1138 1702 1189 et
1717 1133 1748 1192 C.
1762 1133 1811 1188 31-

1055 1217 1134 1276 11133
1145 1227 1174 1276 et
1184 1219 1212 1278 S.
1225 1218 1340 1278 fratrem
1353 1221 1415 1293 ejus
1430 1221 1477 1292 qui
1490 1219 1589 1289 boves,
1599 1219 1813 1293 pecudesctres

1055 1309 1128 1365 elias
1139 1323 1190 1381 per
1202 1309 1366 1366 3131331133
1381 1311 1534 1367 conventui
1547 1309 1733 1367 abstulerant.
1840 1367 1844 1376 ,

1060 1434 1228 1496 Honorius
1269 1435 1445 1512 episcopus
1480 1448 1596 1498 servus
1639 1449 1811 1499 servorum

1021 1529 1090 1604 Ilei,
1108 1529 1238 1595 dilectis
1264 1531 1380 1592 filiis...
1399 1531 1613 1610 praeposito...
1642 1531 1808 1594 custodi...

916 1668 918 1674 -
1020 1628 1219 1690 scholastico
1229 1629 1504 1705 Augvrstensibus
1514 1629 1653 1691 salutem
1664 1631 1813 1708 3111333-

493 1754 646 1843 CLXVI

206 1908 258 1968 Ad
275 1905 471 1980 0311113333
484 1908 728 1982 3333133333·
742 1905 775 1968 ct
789 1907 931 1982 1133133-

273 2004 408 2066 bertam
423 2006 464 2064 de
479 2004 625 2064 Oersten
637 2003 786 2074 abbates,
803 2003 865 2064 cte.

470 2132 486 2189 3
500 2131 567 2188 maii
583 2131 664 2190 1121.

302 2253 385 2319 [113313
399 2253 615 2314 Urkuntlenhuch‚
632 2253 748 2313 XXXIII,
764 2251 831 2320 lea]

171 2378 465 2438 Mandatutoausam
488 2381 561 2438 inter
587 2377 719 2436 abbatem
743 2385 771 2438 et
791 2385 963 2437 conventum

208 2467 388 2541 Sytensteteu
402 2483 437 2524 en
452 2474 533 2540 parte
543 2481 611 2536 une,
620 2475 649 2524 et
663 2465 861 2525 bleinhardum
875 2469 966 2539 Rape

206 2563 360 2630 tonemque
374 2555 410 2614 de
424 2555 604 2628 Prunsperch
619 2570 654 2612 ex
667 2555 766 2625 altera,
780 2571 866 2627 super
882 2556 964 2612 terris

206 2645 293 2718 sylvis
308 2652 336 2702 et
355 2643 440 2702 rebus
461 2643 525 2702 aliis
539 2652 706 2716 vertentem,
725 2643 781 2702 tine
796 2644 891 2702 deblto
907 2649 963 2700 ter·

206 2731 326 2790 minent.

212 2857 381 2920 HonorIus
391 2859 576 2936 episcopus,
586 2875 701 2920 servus
711 2859 961 2930 servorumDei‚

172 2955 301 3018 dilectis
328 2955 457 3016 tiliis...
488 2956 528 3017 de
566 2952 763 3031 Agmundee',
789 2957 890 3018 eto...
923 2953 964 3016 de

172 3053 310 3114 Gersten
339 3051 513 3114 abbatibus
537 3057 619 3115 et...
648 3053 825 3130 praeposito
851 3051 963 3113 Sancti

171 3151 961 3228 Floriani,saltzburg.etPatavien.dioecesium‚

171 3249 311 3310 salutem
327 3251 359 3310 et
373 3249 597 3327 Apostolioam
621 3248 895 3311 benedictionem.

210 3345 343 3409 Dilectii
359 3346 457 3408 filii...
475 3345 577 3408 abbas
593 3347 626 3408 et
638 3347 820 3408 conventus
834 3347 873 3408 de
902 3348 964 3424 Sy-

170 3443 336 3508 tansteten
350 3460 445 3506 suam
460 3444 501 3505 ad
517 3459 577 3505 nos
593 3443 836 3521 querimoniam
861 3443 965 3505 desti-

171 3543 309 3614 narunt,
340 3542 425 3619 quod
452 3541 669 3602 Meiuhardus
700 3541 733 3603 et
763 3542 890 3617 Rapoto
923 3540 963 3602 de

170 3638 394 3716 Prunsperch,
412 3639 584 3702 Patavien.
602 3637 767 3710 dioecesis,
779 3653 881 3716 super
894 3637 964 3699 ter-

109 3809 111 3814 ,
169 3738 229 3811 313,
243 3736 345 3814 sylvis
360 3734 393 3799 et
405 3735 504 3798 rebus
520 3735 810 3812 aliisinjuriantur
825 3735 960 3797 eisdem.

169 3835 333 3910 Quocirca
347 3831 540 3896 discreti0ni
558 3835 679 3896 vestrae
699 3848 759 3910 per
772 3831 962 3910 Apostolica

169 3931 294 4011 scripta
308 3929 515 4003 mandamus,
533 3930 689 4008 quatinus
704 3929 855 4006 partibus
877 3944 961 3992 con-

169 4030 300 4094 vocatis·
326 4029 469 4092 audiatis
496 4028 711 4100 33333331,
738 4027 963 4105 appellatione

168 4128 307 4200 remota,
344 4127 410 4188 line
439 4125 548 4188 debito
574 4124 771 4198 terminetis,
802 4123 962 4186 iacientes

168 4223 485 4302 quoddecreverItis
500 4239 559 4300 per
587 4221 961 4284 censuramecclesias-

169 4323 273 4384 ticam
285 4322 425 4384 firmiter
440 4320 621 4382 observarI.
641 4322 756 4382 Testes
779 4329 889 4382 autem
905 4319 961 4398 qni

169 4418 293 4481 luerint
315 4417 497 4490 nominati,
507 4417 536 4478 si
560 4433 595 4478 se
610 4418 731 4493 gratia,
748 4417 825 4480 odio
846 4417 899 4479 vel
915 4417 961 4480 ti-

169 4533 262 4578 more
284 4515 521 4588 subtraxerint,
542 4530 601 4592 per
615 4530 790 4576 censuram
812 4511 961 4576 eamdem

169 4614 391 4704 appellatione
404 4615 555 4674 cessante
568 4612 696 4688 cogatis
716 4611 850 4674 verItati
865 4611 962 4673 testi-

169 4711 317 4772 monium
332 4709 519 4788 perhibere.
536 4710 628 4782 Quod
644 4709 672 4770 si
688 4723 755 4769 non
774 4724 888 4770 omnes
909 4709 972 4770 llis·

169 4809 390 4885 exsequendis
411 4807 586 4884 potueritis
606 4807 779 4880 interesse,
798 4806 863 4868 dno
880 4821 960 4867 ves-

169 4907 256 4966 trum
277 4921 317 4968 33
337 4905 567 4966 nihilomimus
586 4905 822 4983 exsequantur.
844 4905 961 4966 Datum

37 4997 42 5006 '
169 5004 288 5078 alatri,
310 5006 339 5065 V
362 5019 468 5065 nonas
495 5001 587 5073 maii,
616 5001 828 5080 pontificatus
856 5001 962 5062 nostri

169 5116 261 5163 anno
280 5099 386 5163 sexto.

1019 1725 1153 1794 tolicam
1167 1724 1443 1788 benedictionem.

1059 1822 1178 1883 Dilecti
1191 1823 1290 1884 dlii...
1307 1823 1408 1886 abbas
1422 1823 1646 1885 etconventus
1661 1823 1697 1884 in
1712 1825 1812 1884 Wes-

1020 1918 1166 1979 senbrun
1190 1919 1285 1984 nobis
1311 1919 1542 1998 conquerendo
1569 1920 1809 1995 monstrarunt,

1020 2015 1106 2091 quod
1122 2017 1156 2076 C.
1173 2016 1268 2078 miles
1287 2018 1321 2078 ot
1339 2017 1372 2078 S.
1390 2016 1495 2078 frater
1509 2019 1581 2094 ejus
1601 2018 1810 2079 (131333113-

1019 2113 1808 2188 ven,Augustensisetcoustantiensisdicecesis,

1020 2211 1185 2286 quondam
1213 2209 1496 2288 133333,3333333,
1520 2211 1553 2276 et
1575 2226 1629 2271 res
1652 2211 1736 2272 allas
1752 2211 1809 2288 ip-

1020 2322 1131 2368 sorum
1156 2308 1206 2368 eis
1232 2323 1292 2384 per
1316 2307 1517 2370 violentiam
1534 2308 1753 2380 abstulerunt,
1778 2309 1812 2370 et

1020 2404 1158 2465 reddere
1182 2405 1424 2466 contradicunt.
1450 2405 1594 2483 Ideoque
1616 2405 1810 2470 discretioni

1019 2502 1139 2562 vertrae
1168 2503 1431 2579 parapostoliea
1460 2502 1584 2580 scripta
1602 2502 1809 2576 mandamus,
1871 2501 1875 2508 ’

1019 2597 1181 2674 quatenus
1196 2599 1345 2676 partibus
1359 2600 1550 2662 convocatis
1565 2599 1709 2662 audiatis
1722 2613 1810 2661 cau·

1019 2711 1101 2768 sam,
1137 2697 1170 2758 et
1197 2696 1420 2773 appellatione
1447 2699 1576 2759 remota
1607 2696 1673 2758 fine
1700 2696 1810 2758 deblto

1021 2793 1217 2866 terminetis,
1230 2792 1390 2855 facientes
1411 2793 1496 2870 qnod
1516 2793 1730 2856 decreveritis
1750 2809 1810 2870 per

1020 2905 1195 2950 censuram
1231 2890 1493 2952 ecelesiasticam
1523 2890 1663 2951 firmiter
1694 2889 1811 2952 obser-

1019 2987 1102 3048 vari.
1129 2987 1242 3048 Testes
1262 2987 1374 3048 autem
1399 2987 1454 3063 qui
1476 2986 1600 3048 fuerint
1633 2987 1807 3062 nominati,

1020 3083 1050 3143 si
1065 3099 1101 3144 se
1115 3085 1235 3159 gratia,
1253 3083 1328 3144 odio
1352 3085 1406 3146 vel
1426 3085 1545 3146 timore
1567 3084 1807 3156 subtraxerint,

1020 3196 1078 3257 per
1089 3180 1328 3243 districtionem
1342 3181 1490 3243 eamdem
1502 3182 1724 3258 appellatione
1737 3199 1811 3244 ces·

1019 3280 1123 3350 sante,
1141 3279 1268 3354 cogatis
1290 3279 1425 3341 veritati
1441 3279 1668 3341 testimonium
1692 3281 1810 3356 perhi-

1018 3375 1107 3436 bere.
1126 3375 1218 3446 Quod
1240 3376 1269 3436 si
1293 3391 1360 3438 non
1387 3391 1501 3438 omnes
1521 3376 1574 3436 hle
1589 3376 1810 3453 exsequendis

1018 3472 1193 3550 [otcarius
1207 3471 1381 3544 interesse,
1395 3470 1460 3534 duc
1470 3471 1617 3534 vestrum
1630 3487 1669 3533 ea
1682 3473 1811 3534 nih-ilo-

1018 3569 1128 3630 minus
1156 3569 1394 3645 exsequantur.
1417 3571 1501 3631 Data
1528 3569 1646 3641 313131,
1662 3571 1811 3632 Vllidus

1019 3665 1110 3738 maii,
1126 3665 1340 3742 pontificatus
1354 3665 1461 3727 nostri
1476 3681 1565 3728 anno
1581 3665 1688 3728 sexto.

1314 3974 1508 4064 CLXVIII

1130 4127 1182 4190 Ad
1204 4129 1389 4197 areiocrsos
1411 4129 1513 4204 repat
1538 4129 1699 4190 13333133

1276 4225 1551 4290 communitates.

1308 4355 1343 4414 13
1359 4355 1426 4412 3311
1442 4355 1521 4418 tata.
1540 4425 1541 4430 γ

1032 4479 1168 4545 [bouquet
1179 4479 1237 4530 Rea.
1251 4477 1295 4528 (133
1304 4477 1409 4537 litator„
1419 4479 1486 4610 lg}
1497 4477 1558 4538 7193
1571 4479 1682 4542 Regnat,
1695 4477 1795 4538 tib.v1,

1335 4559 1410 4623 epist.
1475 4559 1494 4623 .]

1016 4666 1164 4724 ’13133313
1179 4665 1317 4724 adversus
1330 4665 1504 4724 Amalrieurn
1520 4663 1731 4723 (131133131οηί
1747 4677 1810 4722 ma·

1049 4757 1097 4828 gis
1114 4769 1148 4812 ac
1162 4755 1256 4828 magis
1270 4753 1546 4822 convalescentibus,
1568 4754 1710 4811 Honorius
1728 4753 1812 4825 regni

1052 4843 1179 4902 Francius
1190 4844 1411 4902 communitates
1422 4843 1526 4900 excitet
1538 4840 1575 4898 ad
1587 4840 1811 4900 succurrendum

1051 4931 1183 4990 fidelibus
1194 4939 1293 4990 contra
1307 4932 1371 4989 illes
1385 4928 1605 4988 decertantibus.

1055 5057 1222 5120 Honorius
1237 5057 1464 5134 epscopus...
1485 5053 1621 5116 dilectis.
1636 5053 1719 5116 tiliis
1736 5054 1818 5116 uni-

1016 5156 1123 5217 versis
1151 5153 1441 5216 communitatibus
1472 5151 1656 5224 civitatum,
1683 5151 1812 5229 burgo-

1017 5270 1101 5325 rum,
1132 5254 1317 5314 castrorum
1341 5250 1374 5313 et
1395 5248 1564 5322 villarum,
1591 5264 1651 5326 per
1672 5265 1815 5327 regnum

1018 5349 1167 5412 Franciae
1181 5347 1445 5420 consistentium,
1460 5348 1523 5409 etc.

1058 5451 1107 5509 Ex
1119 5446 1236 5522 grandi
1251 5445 1479 5521 indignatione
1490 5445 1550 5506 Dei
1563 5443 1817 5506 credimus-eve·

1018 5545 1091 5607 nire
1105 5543 1189 5622 quod
1210 5541 1442 5606 haeretIcorum
1457 5540 1557 5606 lectio
1577 5541 1614 5604 in
1628 5541 1815 5608 Provinciae
