4222 6374
176 325 216 384 73
584 361 589 370 -
792 323 1021 387 umsuouAE.
1044 321 1123 384 LIB.
1146 324 1201 384 Vi.
1622 321 1632 328 “
1776 323 1817 384 74

175 480 294 556 gentas
312 495 442 544 marcas
462 481 499 544 iu
517 481 755 544 relevationem
773 483 885 552 oneris
906 497 969 544 sua
1023 483 1172 559 ciperent
1190 483 1377 558 annuaiim3
1403 498 1506 561 quare
1529 482 1625 546 nouis
1645 481 1817 543 humiliter

175 577 329 655 predicti,
345 579 492 656 pensatis
514 579 720 656 singulorum
741 579 965 652 facultatibus,
1024 580 1236 656 supplicastis
1258 581 1295 642 ut
1315 581 1472 657 quoniam
1485 581 1613 642 tantum
1629 580 1739 657 posset
1756 593 1818 638 ex-

175 690 312 736 monere
326 674 504 752 prudenter
518 691 568 748 ac,
590 676 620 738 si
637 693 719 754 opus
734 679 833 749 esset,
850 692 969 751 cogere
1024 691 1173 740 crescere
1210 693 1367 740 numerus
1393 693 1621 755 personarum,
1651 675 1737 755 quod
1774 674 1816 735 ad

176 773 350 834 curaretis.
375 773 490 848 Nuper
512 774 622 834 autem
643 773 845 834 venerahilis
867 773 970 836 frater
1025 774 1246 838 exhibendam
1278 775 1502 852 provisionem
1535 773 1724 852 hujusmodi
1750 788 1818 834 non

175 871 326 930 noster...
354 869 520 932 Tullensis
554 870 730 946 episcopus
764 870 860 932 nobis
885 871 971 932 insi-
1025 872 1215 934 sufficerent
1229 873 1335 949 ipsius
1352 872 1502 933 ecclesia
1516 871 1700 942 facultates,
1716 884 1818 945 super

176 981 282 1028 nuare
301 965 441 1038 curavit,
462 967 549 1042 qnod
569 981 629 1029 uos
647 966 811 1030 statuistis
828 968 868 1028 de
889 981 971 1030 con·-
1024 968 1088 1030 hoc
1113 970 1250 1045 paterna
1264 969 1370 1032 nohis
1396 967 1570 1046 providere
1593 967 1816 1030 sollicitudine

176 1079 277 1124 sensu
298 1064 445 1124 omniurn
466 1063 535 1126 fere
556 1063 754 1126 clericorum
774 1065 918 1128 civitatis
937 1065 971 1126 et
1025 1066 1249 1141 dignaremur.
1273 1067 1341 1128 Nos
1362 1066 1467 1140 igitur
1487 1065 1609 1127 vestris
1626 1065 1726 1140 justis
1742 1077 1818 1142 pre-

177 1159 341 1233 dioecesis,
366 1159 600 1236 praedictorum
629 1161 777 1238 quintam
808 1162 969 1242 decimam
1026 1163 1118 1224 cibus
1144 1162 1307 1234 inclinati,
1322 1163 1520 1224 auctoritate
1544 1161 1639 1223 vobis
1665 1177 1817 1238 praesen-

177 1257 306 1334 partem
344 1255 645 1320 ecclesiasticorum
681 1258 900 1335 proventuum
934 1259 970 1320 in
1027 1259 1107 1321 tium
1122 1259 1331 1335 indulgemus
1345 1275 1387 1320 ne
1400 1259 1441 1320 ad
1456 1258 1682 1336 recipiendum
1693 1258 1819 1320 indicti

177 1353 479 1440 compensationem
507 1354 604 1416 diotae
633 1369 769 1418 summae
797 1370 902 1432 usque
928 1354 970 1416 ad
1025 1352 1137 1418 statuti
1155 1356 1384 1434 praejudicium
1399 1357 1511 1434 plures
1524 1372 1622 1434 quam
1637 1355 1744 1433 ipsius
1759 1370 1818 1418 ec·

176 1449 357 1514 triennium
368 1447 462 1510 reddi
476 1449 631 1528 episcopo
644 1449 835 1522 memorato.
847 1450 911 1514 Sed
923 1449 969 1524 id,
1025 1453 1137 1516 clasiae
1148 1452 1332 1525 facultates,
1344 1452 1532 1520 salvedicto
1541 1453 1674 1526 statuto,
1685 1453 1820 1514 valeant

177 1547 313 1624 propter
325 1547 580 1624 appellationem
593 1547 810 1633 quorumdam
822 1547 973 1624 priorum
1026 1551 1201 1624 sustinere,
1218 1549 1371 1626 compelli
1390 1549 1525 1626 possitis
1545 1549 1658 1617 invite,
1675 1549 1768 1611 salvo
1782 1549 1818 1608 in

178 1644 399 1720 capitulorum
423 1643 457 1705 et
478 1644 675 1708 elericorum
697 1644 850 1706 dioecesis
876 1645 972 1706 ante-
1026 1646 1180 1708 omnibus
1197 1645 1395 1724 apostoliea
1417 1645 1514 1707 Sedis
1537 1646 1704 1708 mandato.
1726 1645 1819 1708 Nulli

177 1737 285 1811 diotae,
301 1738 336 1800 in
352 1753 473 1814 magna
495 1739 589 1814 parte
603 1737 667 1800 fuit
686 1739 849 1801 hactenus
867 1737 972 1814 impe-
1027 1757 1117 1818 ergo,
1129 1743 1202 1814 etc,
1213 1743 1334 1803 nostrae
1351 1742 1611 1804 confirmationis
1624 1741 1818 1816 infringere.

176 1836 299 1912 ditum3
326 1837 466 1913 ideoque
494 1851 553 1914 per
580 1835 701 1898 iterata
730 1834 824 1897 vohis
848 1835 972 1912 scripta
1028 1839 1063 1899 Si
1078 1840 1152 1915 quis
1167 1840 1288 1912 autem,
1306 1838 1368 1900 etc.
1385 1838 1502 1899 Datum
1518 1837 1685 1910 Laterani,
1709 1837 1819 1898 idibus

175 1933 399 2010 praecipiendo
415 1933 611 1994 mandamus
631 1933 804 2010 quatenus,
820 1933 972 1993 cessante
1023 1935 1183 2012 januarii,
1201 1935 1412 2011 pontificatus
1424 1934 1531 1996 nostri
1545 1950 1633 1996 anno
1646 1935 1752 1996 sexto.

176 2029 357 2107 cujuslibet
391 2029 636 2107 appellationis,
671 2045 731 2090 seu
767 2029 971 2106 exceptionis

176 2126 360 2198 obstaculo
373 2127 427 2187 vel
455 2126 555 2187 etiam
581 2125 713 2197 litteris,
744 2123 773 2185 si
798 2141 871 2203 quea
896 2125 973 2187 sunt

177 2225 294 2285 contra
304 2223 529 2299 provisionem
543 2221 771 2285 subventionis
781 2221 972 2298 hujusmodi
1343 2237 1346 2246 ·

176 2319 318 2382 forsitan
344 2319 538 2396 impetrata,
565 2319 601 2380 in
625 2319 758 2395 negotio
782 2319 854 2396 ipso
874 2319 972 2395 juxta
1033 2333 1040 2340 ·
1371 2275 1478 2363 Xffil

177 2415 318 2480 formam
343 2417 439 2482 Vobis
464 2417 621 2480 traditam
643 2416 972 2496 procedenieS,prae·
1048 2417 1100 2487 Ad
1127 2427 1331 2501 episcopum,
1365 2430 1532 2488 &canum
1559 2427 1594 2490 et
1621 2427 1799 2488 cantorem

178 2515 300 2577 dicum
321 2515 470 2592 pecuniae
492 2513 711 2590 quantitatem
733 2513 819 2576 solvi
842 2513 972 2574 faciatis
1115 2523 1234 2585 sanctu
1245 2525 1443 2586 Framualat
1457 2523 1733 2586 Silvanectum.

178 2611 333 2689 episcopo
348 2611 536 2687 saepedicto.
560 2612 608 2673 Ita
627 2609 738 2671 tamen
753 2611 839 2688 qnod
862 2610 890 2705 si
912 2625 972 2671 ra·
1294 2655 1328 2715 ¹3
1340 2655 1464 2728 januarii
1474 2655 1554 2714 ,m

177 2707 271 2770 tione
302 2708 432 2784 praelati
457 2705 583 2779 statuti,
609 2706 720 2784 aliqua
740 2710 811 2783 jam
836 2707 970 2784 recepit,

178 2820 219 2868 ea
238 2805 405 2882 computet
423 2804 458 2865 in
477 2803 632 2865 solutum.
653 2803 744 2875 Quod
767 2804 795 2864 si
811 2817 877 2864 non
897 2817 972 2864 omb
1057 2777 1233 2844 ffifflm’ffl‘·
1245 2777 1378 2844 wrm·
1394 2777 1447 2830 Μ’
1465 2779 1524 2829 ¹¹⁵¹·
1537 2777 1706 2830 “hm
1717 2777 1813 2841 Μ]

178 2918 249 2974 nes,
271 2902 333 2964 etc.
355 2903 474 2963 Datum
495 2900 663 2973 Laterani,
685 2898 793 2962 idibus
810 2901 972 2978 januarii,
1028 2901 1145 2960 llandat
1167 2907 1199 2959 ut
1216 2901 1372 2958 informent
1388 2899 1425 2958 da
1440 2899 1580 2958 electione
1593 2903 1623 2960 F.
1641 2901 1669 2958 ln
1690 2899 1822 2958 abbatem

179 2999 390 3076 pontificatus
405 2998 510 3061 nostri
525 3013 614 3062 anno
630 2998 736 3058 sexto,
1064 2989 1231 3048 monasterii
1260 2989 1357 3048 Sancti
1385 2989 1522 3062 Dionysii,
1546 2995 1585 3058 et,
1612 2989 1637 3047 si
1662 2989 1827 3046 invenerint

1064 3093 1129 3136 eam
1155 3077 1243 3136 fuisse
1261 3077 1436 3136 monnicam·
1452 3084 1481 3135 et
1503 3077 1539 3134 de
1563 3076 1820 3150 persona-idoneas

1065 3168 1142 3226 ilem
1154 3166 1334 3244 confirment,
1350 3173 1380 3224 et
1389 3164 1496 3226 facum
1509 3166 1601 3224 electo
1613 3179 1718 3224 munus
1732 3163 1821 3224 bene·

1065 3255 1198 3314 dictionis
1213 3253 1332 3328 imponi.

531 3329 620 3416 XCI
1070 3383 1250 3454 Honorius,
1264 3382 1339 3453 etc,
1354 3380 1539 3443 venerabili
1553 3379 1649 3442 fratri
1653 3423 1713 3441 .....
1730 3379 1824 3458 epis-

180 3485 233 3546 Ac
253 3483 524 3554 thesaurarium,
546 3483 715 3542 Moenum
733 3478 767 3540 et
787 3479 974 3554 capitutum
1031 3494 1114 3557 copo
1148 3479 1182 3541 et
1213 3478 1344 3540 dilectis
1378 3478 1458 3540 liliis
1484 3477 1611 3540 decano
1637 3477 1670 3539 et
1695 3478 1826 3540 cantori

312 3579 580 3644 suscitaturus
598 3577 840 3638 Piciuctcnrts.
1032 3576 1146 3638 Sancti
1157 3574 1346 3638 Framhaldi
1361 3575 1597 3637 Silvanecten,

446 3707 615 3780 ro

852 3829 872 3880 T
893 3843 915 3878 θ’
928 3829 946 3892 .]
1030 3869 1125 3930 bonae
1134 3867 1303 3929 memoria
1314 3869 1379 3927 Η...
1392 3881 1506 3926 eorum
1515 3864 1633 3926 abbate
1646 3864 1734 3926 viam
1744 3864 1825 3925 uni-

183 3957 319 4032 lssdillssii
343 3958 486 4018 fl⁰⁰⁰¹¹i¹⁸
512 3963 542 4014 ⁰⁸
565 3969 622 4014 ¹1⁰¹]
648 3953 758 4030 l⁰⁸⁸i¹¹i
780 3953 912 4026 ⁰⁰ffll⁰¹¹¹
941 3951 977 4009 Μ
1031 3981 1137 4028 versae
1148 3965 1260 4025 carnis
1274 3963 1436 4039 ingresso,
1448 3962 1549 4022 iidem
1565 3960 1650 4024 sicut
1663 3961 1765 4023 moris
1776 3962 1827 4024 est

219 4047 314 4120 plures
332 4045 486 4104 canonicos
505 4041 702 4116 accipiendum
725 4055 812 4114 quam
828 4039 977 4098 facultates
1032 4061 1267 4125 convenientos
1295 4060 1331 4120 in
1354 4073 1476 4130 unum,
1502 4057 1655 4120 invocata
1682 4057 1825 4136 Spiritus

219 4149 282 4192 sna
304 4133 433 4191 ecclesia
458 4137 579 4232 possunt
607 4129 758 4202 sustinere,
781 4129 861 4188 selvo
880 4136 977 4186 tamen
1032 4159 1145 4221 Sami
1168 4157 1287 4234 grafia,
1304 4155 1513 4233 tractatuque
1529 4154 1642 4217 habito
1659 4155 1823 4231 diligenti,

218 4227 323 4281 mmm
339 4219 374 4278 ⁰¹³
389 4221 555 4278 ¹¹¹¹¹⁰⁰⁰⁰¹¹⁰
568 4219 609 4276 m
624 4217 699 4276 dm
1033 4255 1188 4317 dilectum
1201 4253 1305 4314 lilium
1324 4255 1361 4314 Ρ.
1378 4253 1576 4314 monachum
1592 4268 1687 4313 suum
1702 4253 1824 4328 virum,

222 4365 403 4434 Honorius,
417 4363 492 4436 etc,
512 4360 641 4424 dilectis
656 4359 745 4422 filiis·
754 4359 978 4432 thesaurario,
1033 4355 1069 4416 ut
1080 4354 1244 4424 asserunt,
1261 4351 1442 4413 litteratum
1460 4351 1494 4412 et
1507 4365 1636 4412 morum
1650 4349 1824 4414 honestate

183 4463 308 4526 decano
322 4461 355 4524 et
370 4459 515 4538 capitulo
532 4458 646 4522 Sancti
661 4456 781 4518 Hilarii
794 4456 975 4518 Pictavien.
1032 4451 1258 4528 conspicuum,
1272 4463 1332 4525 per
1344 4463 1441 4525 quem
1461 4447 1600 4513 credunt
1621 4449 1824 4512 monasterio

223 4557 582 4634 Cumanobispetitur,
600 4555 676 4626 etc,
693 4569 800 4626 usquc
811 4553 975 4616 eflectum.
1034 4563 1094 4610 suo
1108 4547 1176 4608 tam
1198 4547 1233 4608 in
1243 4545 1483 4622 spiritualibus,
1501 4561 1599 4622 quarn
1615 4545 1650 4606 in
1662 4546 1827 4623 tempora·

185 4661 272 4722 sane
285 4673 329 4722 ex
344 4657 438 4732 parte
451 4655 562 4718 uestra
575 4651 977 4728 fuitpropositumcoram
1033 4645 1121 4707 liuns
1134 4642 1222 4706 hona
1241 4643 1586 4720 plurima‘prcvenire,
1614 4642 1650 4703 in
1674 4642 1826 4710 abbaoem

184 4755 281 4818 nobis
296 4753 382 4831 quod
397 4752 505 4814 felicis
519 4749 689 4814 memoriae
705 4751 731 4810 l.
748 4751 840 4824 Papa
854 4747 979 4824 praede·
1033 4757 1129 4811 suum
1158 4741 1367 4804 concorditer
1393 4740 1578 4815 elegerunt.
1608 4739 1715 4802 Unde¹
1730 4739 1825 4801 nohis

185 4867 299 4916 casem
330 4851 453 4918 noster,
476 4863 537 4925 pro
569 4845 796 4922 inaequalitate
827 4843 979 4921 praeben·
1033 4839 1204 4904 humliter
1244 4837 1485 4914 supplicarunt,
1516 4836 1552 4898 ut
1575 4852 1683 4902 ,cnm-2
1711 4852 1833 4900 eurum,

184 4951 301 5012 darum
315 4947 468 5010 ecolesiae
482 4946 603 5010 uostrae
623 4943 664 5006 ad
684 4941 909 5019 aequalitatem
924 4957 979 5002 re·
1033 4938 1158 5000 electus
1168 4935 1339 4998 commode
1351 4933 1394 4996 ad
1407 4933 1630 5010 apostolicam
1644 4933 1828 5036 Sodomae·

184 5047 346 5117 ducenda,
361 5043 544 5114 constitnit,
572 5041 609 5104 ut
633 5039 801 5116 simplices
824 5038 979 5102 canonici
1033 5034 1151 5096 cedere
1160 5031 1828 5109 nequeatconfirmanduselectionemde

183 5139 526 5216 residentiaminipsa
536 5135 980 5212 ecclesiafacientespraeter
1033 5131 1092 5193 illc
1104 5130 1266 5194 canonice
1277 5129 1478 5192 celebratam
1491 5127 1691 5191 auctoritate
1703 5127 1839 5205 digna--

185 5254 403 5309 communem,
427 5239 462 5298 et
482 5234 711 5312 quotidianum
732 5247 867 5294 censum
890 5247 980 5308 prae-
1034 5244 1152 5290 nomur
1165 5227 1356 5305 apostolica
1371 5225 1580 5290 confirmare.
1595 5225 1679 5298 Quia
1691 5243 1771 5290 uero
1786 5228 1827 5289 de

184 5339 301 5404 hendae
327 5336 384 5414 qui
407 5337 550 5411 quatuor
574 5331 798 5402 denariorum,
824 5330 979 5390 etunius
1034 5325 1141 5388 forma
1169 5323 1361 5394 electionis,
1389 5324 1422 5385 et
1448 5321 1546 5386 electi
1574 5323 1702 5385 meritis
1731 5323 1828 5388 nohis

185 5437 315 5500 lacunae
335 5432 407 5494 vini
426 5431 460 5490 in
479 5429 544 5500 die,
565 5443 606 5488 ac
624 5426 723 5488 unius
742 5426 863 5488 eminae
883 5425 980 5500 grani
1035 5425 1188 5486 constare
1203 5437 1269 5484 non
1287 5421 1403 5498 potuit,
1425 5420 1620 5483 discretioni
1635 5425 1754 5484 vestrae
1769 5437 1831 5499 per

186 5549 245 5612 per
260 5525 498 5596 hebdomadem
513 5539 588 5586 esse
605 5523 702 5595 solet,
724 5537 784 5600 pro
804 5524 981 5586 consecuta
1035 5520 1226 5597 Apostolica
1256 5518 1380 5595 scripta
1416 5515 1629 5590 mandamus,
1666 5520 1838 5595 quaterem

187 5629 262 5692 octo
276 5625 438 5690 mensium
452 5621 633 5686 residentia
649 5620 762 5682 decern
782 5619 886 5682 libras
903 5635 983 5697 per·
1036 5615 1228 5680 examinata
1254 5615 1417 5680 electione
1444 5618 1571 5693 pariter
1597 5617 1631 5678 ot
1657 5616 1775 5692 electo,
1800 5619 1836 5682 si

209 3835 327 3898 [liegest;,
338 3831 383 3883 lib.
396 3832 439 3891 vl,
451 3831 525 3896 epist.
539 3829 591 3880 lus.
608 3831 665 3880 lies.
677 3829 712 3880 La
721 3829 797 3896 i’orle
808 3829 842 3879 du
