4226 6372
147 249 221 310 897'
456 249 509 308 DE
539 247 693 308 DECIMO
724 222 901 308 HONORII
929 249 974 308 ΙΙΙ
1005 246 1309 308 PONTIFICATUS
1339 247 1467 307 ANNO.
1693 209 1778 312 κ898

176 407 208 462 ln
224 403 371 476 Hispania,
387 419 420 462 ea
436 411 614 476 tempestate,
630 411 774 460 corruerat
793 411 929 476 potestas,
984 403 1037 462 bus
1055 403 1214 476 principum
1235 403 1423 474 quorumdam
1445 411 1473 460 et
1495 404 1582 460 armis
1606 412 1774 464 sustentata.

141 491 331 549 Almohadum
343 499 456 565 propter
469 493 563 550 civilia
576 491 702 548 dissidia.
720 491 775 550 Sed
787 493 815 548 in
829 493 930 550 Russla
986 492 1127 549 Honorius
1153 507 1224 562 ergo
1250 487 1423 548 cardinalem
1448 493 1475 548 S.
1495 492 1599 565 Angeli
1623 492 1775 550 diaconum

142 579 329 648 meridionali,
346 581 454 638 Tartari
466 595 483 637 e
497 581 642 652 llongolia
657 582 721 648 orti,
748 581 844 638 omnia
861 579 928 638 diri·
985 581 1110 652 legatum
1126 581 1213 647 misit,
1227 581 1301 636 intra
1318 593 1349 636 se
1364 585 1498 650 reputans
1510 595 1566 636 non
1586 580 1775 653 abjiciendam

142 667 258 740 piabant
285 669 454 736 vastatione,
483 668 543 739 jam
571 669 662 740 parati
691 667 727 724 ad
753 669 932 726 incursiones
985 683 1065 740 spem
1079 667 1113 724 de
1127 667 1347 740 redintegranda
1363 667 1392 724 in
1403 668 1457 723 illis
1470 667 1671 727 infelicissimis
1682 672 1775 744 regio·

142 755 330 814 Barbarorum
349 756 537 814 renovandae.
563 759 598 814 Et
618 763 680 814 arat
695 758 851 828 perieulum
867 772 928 814 ma·
986 755 1069 814 nibus
1088 771 1118 812 re
1144 755 1294 824 catholiea,
1320 769 1406 826 quum
1431 756 1568 825 Ecclesia,
1594 759 1777 828 quantumvis

142 857 241 915 gnum.
259 847 299 900 De
318 843 420 918 quibus
433 845 525 902 blansi
544 844 667 915 loquitur
683 845 720 900 ita
742 846 874 902 :Tartari
892 846 931 901 illi
986 850 1129 915 quassata,
1146 857 1290 915 uunquam
1308 850 1431 900 corruat.

142 946 200 988 non
212 938 278 989 anta
287 933 390 989 multos
403 933 653 1004 annosimperium
665 947 748 990 suum
762 930 930 990 formarunt.
1020 931 1103 1003 Apud
1117 932 1251 989 insubres
1261 939 1289 988 at
1301 932 1462 988 Brixiensas
1474 940 1656 989 surrexerunt
1665 949 1777 1007 quoque

142 1019 232 1091 liuius
246 1019 374 1076 eonditor
389 1020 546 1092 appellatur
559 1019 718 1093 Chungius,
740 1036 791 1078 scu
811 1022 932 1093 Gingius
987 1019 1121 1086 haeretici,
1132 1021 1180 1091 qui
1202 1035 1258 1076 non
1284 1021 1375 1076 solum
1397 1021 1533 1078 ecclesias
1548 1021 1687 1092 quasdam
1710 1022 1777 1080 das·

141 1109 211 1166 Gan.
236 1108 288 1166 llic
311 1107 442 1166 subditus
467 1109 601 1180 primum,
625 1123 659 1166 aa
681 1109 796 1166 taudem
817 1110 932 1168 invasor
986 1115 1133 1165 truxerunt
1154 1108 1293 1165 incendiis
1311 1116 1339 1166 et
1360 1109 1459 1176 ruinis,
1476 1109 1526 1166 sed
1545 1109 1779 1181 blasphemantes

142 1197 225 1268 regni
234 1197 378 1269 Ungllan,
389 1196 436 1268 qui
445 1197 631 1268 Turquestan,
639 1211 689 1253 seu
698 1198 833 1254 Tartariae
843 1198 932 1254 orien-
987 1195 1129 1252 latrabant
1148 1196 1223 1268 quod
1243 1197 1528 1254 excommunicabant
1544 1199 1700 1254 Ecclesiam
1722 1201 1776 1256 Ro·

144 1284 193 1340 tali
206 1283 372 1356 imperabat,
382 1298 526 1340 armorum
538 1299 654 1341 suorum
666 1291 802 1342 terrorem
816 1285 933 1357 indique
988 1298 1103 1341 manant
1119 1292 1147 1341 et
1162 1284 1290 1356 ejusdem
1303 1284 1460 1341 doctrinam
1480 1295 1642 1357 sequentes.
1659 1289 1692 1344 ln
1707 1302 1779 1358 quos

142 1386 294 1444 spargens,
317 1373 404 1443 longe
425 1372 538 1442 lateque
562 1373 713 1444 imperium
739 1371 878 1441 dilatavit,
905 1379 934 1429 et
986 1371 1171 1428 vehementer
1184 1373 1307 1443 loquitur
1322 1375 1485 1429 Honorius:
1503 1375 1680 1431 Volumusat
1695 1389 1777 1432 man·

144 1459 313 1532 ampliandae
336 1475 395 1516 rue
422 1458 537 1516 ditionis
554 1474 659 1527 causa,
683 1475 762 1518 arma
789 1462 876 1518 etiam
904 1461 933 1516 in
987 1459 1099 1526 damus,
1116 1460 1216 1530 inquit,
1232 1467 1375 1516 utturres
1394 1467 1519 1517 armatas
1544 1461 1580 1518 de
1595 1463 1697 1532 quibus
1712 1479 1777 1534 spr-

144 1549 323 1619 Georgianos
346 1547 416 1603 tulit.
439 1549 603 1617 Propterea,
627 1549 727 1620 ragina
752 1549 884 1620 Georgiae
898 1548 933 1605 ad
988 1547 1088 1604 cialius
1102 1554 1129 1604 et
1143 1546 1344 1604 vehementius
1359 1547 1394 1604 ad
1409 1550 1537 1606 insanias
1557 1548 1721 1622 hujusmodi
1737 1561 1780 1608 ast

145 1635 302 1692 Honorium
315 1635 422 1692 litteras
430 1635 516 1702 misit,
532 1633 677 1705 inquibus
692 1641 789 1696 narrat
802 1637 935 1692 Tartarea
988 1649 1165 1706 processum,
1177 1635 1324 1692 diruentur
1335 1637 1463 1702 omnino,
1475 1643 1503 1694 et
1517 1651 1608 1709 usque
1630 1638 1665 1695 ad
1679 1640 1777 1710 pulve-

145 1723 267 1794 primum
282 1723 376 1779 erucis
398 1723 512 1795 signum
537 1722 682 1793 accepisse
702 1723 737 1780 ad
759 1723 934 1780 illudendum
989 1737 1048 1780 rem
1070 1723 1263 1791 detrahantur,
1292 1721 1348 1780 non
1377 1724 1581 1781 reedificandae
1600 1725 1636 1782 da
1664 1735 1779 1796 cetero,
1863 1713 1866 1722 ’

143 1817 172 1867 et
185 1809 340 1867 exercitum
361 1808 478 1879 ludisse,
496 1809 547 1868 sed
562 1817 659 1883 postea
679 1811 836 1884 Georgiani
850 1825 934 1868 suum
988 1813 1034 1868 vel
1047 1811 1077 1868 io
1092 1825 1211 1869 acervos
1225 1812 1351 1884 lapidum
1365 1813 1394 1868 in
1414 1815 1582 1869 memoriam
1608 1821 1637 1870 et
1651 1817 1778 1872 testimo-

145 1912 270 1955 errorem
285 1905 476 1970 agnoscentes
493 1898 597 1956 multos
618 1897 792 1968 ceciderunt,
812 1905 842 1956 et
853 1901 934 1973 quasi
989 1901 1067 1957 nium
1084 1914 1177 1971 poenae
1188 1906 1273 1957 tantm
1288 1901 1421 1966 vesaniae,
1436 1901 1564 1973 tantique
1578 1902 1706 1960 oriminis
1721 1920 1783 1975 per·

145 1986 180 2043 ud
195 1986 298 2058 viginti
310 1987 407 2044 millia.
989 2001 1140 2044 mansurae.
1155 1991 1187 2045 ln
1208 1987 1310 2060 quibus
1325 1987 1442 2046 vocibus
1461 1987 1621 2046 audivimus
1636 1991 1713 2048 illum
1734 1992 1783 2064 qui

179 2076 212 2130 In
232 2088 308 2130 anno
327 2074 467 2145 sequenti,
488 2074 516 2131 id
539 2081 583 2130 est
604 2074 634 2130 in
651 2087 726 2130 anno
748 2088 824 2131 nono
843 2076 934 2146 ponti·
989 2075 1074 2132 verba
1090 2074 1196 2147 prolert
1208 2083 1345 2147 tanquam
1359 2083 1528 2147 potestatem
1541 2076 1661 2135 habens.

144 2161 255 2232 licatus,
275 2162 351 2218 misit
369 2162 511 2220 Honorius
523 2161 595 2218 duos
606 2160 765 2219 cardinales
779 2161 814 2218 ad
829 2162 932 2220 Freda·
1024 2166 1153 2221 isandus
1167 2170 1211 2220 est
1225 2165 1254 2220 in
1270 2178 1326 2234 quo
1336 2163 1461 2236 insignis
1476 2165 1621 2236 impostor,
1631 2167 1659 2222 in
1671 2168 1782 2239 Belgis,

144 2249 246 2318 rieum,
261 2250 310 2322 qui
323 2257 417 2308 certas
431 2251 513 2322 leges
528 2256 729 2322 proponerent.
747 2265 818 2322 quas
829 2250 854 2307 si
869 2254 934 2308 Fra·
989 2251 1067 2308 visus
1082 2258 1124 2308 ast
1139 2253 1186 2323 qui
1199 2267 1230 2308 se
1251 2249 1419 2308 halduinum
1438 2252 1783 2326 Constantinopolitanunr

143 2336 255 2394 dericus
270 2338 398 2406 violaret,
412 2337 594 2394 anathemata
609 2339 788 2408 plecteretur,
804 2339 911 2396 scilieet
927 2357 934 2396 :
990 2339 1191 2410 imperatorem
1205 2335 1366 2407 simulabat,
1384 2346 1413 2395 et
1434 2341 1574 2412 supplicio
1590 2340 1709 2400 allectus
1729 2351 1781 2401 ast.

144 2428 219 2483 intra
231 2426 351 2483 duorum
367 2440 505 2484 annorum
521 2427 644 2498 spatium
659 2427 756 2497 copias
771 2427 800 2483 in
820 2429 936 2484 Terram
991 2429 1027 2485 Ut
1040 2427 1150 2484 insidiae
1165 2427 1343 2495 bellatorum,
1360 2428 1401 2484 sic
1416 2426 1492 2484 iraus
1503 2429 1649 2500 cuiusdam
1662 2433 1781 2503 privati:

144 2515 278 2571 Sanctam
298 2514 422 2582 duceret,
441 2514 518 2570 milla
539 2514 650 2584 equites
670 2513 786 2570 biennio
809 2515 838 2571 in
858 2514 935 2584 ejus·
990 2516 1065 2571 nulla
1081 2530 1148 2586 spes
1162 2522 1209 2572 aut
1230 2513 1298 2572 huic
1316 2523 1364 2572 aut
1378 2517 1432 2574 illis
1451 2514 1505 2572 nisi
1520 2519 1735 2590 crucesignatos
1752 2535 1784 2578 se

144 2601 210 2658 dam
219 2601 377 2659 subsidium
389 2603 551 2671 sustineret,
563 2608 676 2658 centum
686 2603 801 2658 navium
814 2603 936 2660 classem
991 2603 1190 2661 ostendebant.
1206 2606 1240 2659 Et
1255 2603 1310 2660 hoc
1322 2619 1435 2674 quoque
1448 2605 1618 2663 notandum.

144 2688 294 2756 eonllaret,
309 2689 514 2760 quinquaginta
530 2689 661 2745 triremes
677 2690 797 2761 egregie
813 2691 933 2747 instruc·
1027 2691 1134 2748 Eodem
1144 2705 1229 2758 anno,
1247 2691 1285 2746 ait
1298 2691 1471 2763 Raynaldus,
1481 2693 1621 2750 Honorius
1631 2696 1784 2752 Laurentio

146 2785 189 2833 tas
211 2777 240 2832 iu
260 2775 322 2848 ejus
342 2777 477 2848 portubus
501 2783 622 2844 teneret,
638 2784 666 2832 et
689 2776 800 2833 duobus
815 2777 938 2834 millibus
992 2777 1206 2850 archiepiscopo
1222 2777 1388 2834 Dublinansi
1400 2779 1711 2838 sanctorumhonoram
1724 2784 1795 2839 cul··

144 2863 282 2936 equiturn,
298 2879 454 2935 eorumque
468 2865 626 2933 comitatui,
641 2863 794 2935 traiectum
809 2864 899 2922 daret.
991 2872 1107 2936 tumque
1122 2865 1258 2933 decrevit,
1279 2863 1346 2923 dato
1360 2865 1514 2938 diplomate
1533 2867 1615 2940 cujus
1636 2869 1782 2928 exordium

180 2953 322 3018 Creverat,
338 2953 367 3007 in
382 2952 482 3021 Gallia,
498 2951 697 3026 Albigansium
720 2951 851 3022 audacia,
864 2953 932 3008 uiri·
991 2961 1054 3012 est:
1071 2953 1227 3026 loaffabilis
1238 2953 1416 3024 procidentia
1426 2955 1488 3012 Dei.

867 3175 1067 3192 anau—¹·-

336 3472 402 3558 bii
438 3470 630 3559 badillo
669 3467 890 3556 HONORII
926 3469 987 3554 Ill
1026 3466 1394 3556 PONTIFICATUS
1431 3469 1585 3574 ANNO,

713 3675 869 3746 nunus
899 3673 1060 3733 iccius
1091 3673 1214 3732 exitu.

179 3860 335 3918 Honorium
355 3861 395 3916 ill
415 3859 489 3916 Petri
504 3857 669 3916 cathedram
686 3872 778 3914 annos
791 3856 892 3914 dacem
908 3862 937 3912 et
991 3853 1043 3912 sub
1057 3853 1102 3912 his
1116 3853 1211 3912 verbis
1226 3872 1233 3912 :
1247 3855 1413 3924 apostolice
1426 3855 1513 3923 Sedis,
1523 3856 1551 3912 in
1562 3871 1616 3928 qua
1624 3857 1783 3917 declaratur

144 3955 337 4004 mensesocto
354 3947 477 4004 tenuisse
500 3945 663 4020 Raynaldus
684 3945 761 4010 dicit,
789 3953 817 4002 et
832 3944 936 4002 obiisse
990 3944 1278 4000 excommunicationi
1304 3943 1453 4016 subjacere
1485 3944 1551 4000 late
1578 3948 1727 4005 sententiae
1754 3955 1783 4005 et
1885 3971 1898 3978 ·

144 4041 272 4106 tempore
287 4048 343 4105 quo
362 4035 486 4090 maxime
500 4033 668 4104 sperabatur
680 4047 725 4089 ras
740 4033 893 4090 orientales
907 4033 936 4088 in
990 4031 1106 4104 speciali
1119 4030 1204 4088 modo
1214 4030 1351 4088 Pontillce
1361 4033 1489 4088 Romano
1499 4041 1650 4090 reservatae
1662 4051 1669 4090 :
1681 4049 1783 4092 onmes

144 4123 249 4180 melius
261 4121 379 4189 restitui,
391 4119 419 4177 id
429 4127 472 4177 est
484 4135 571 4191 quum
581 4120 812 4176 florentissimam
826 4119 856 4176 in
868 4120 933 4176 sub·
990 4118 1201 4187 interficientes,
1218 4119 1390 4188 mutilantes,
1408 4120 1608 4191 percutientes,
1624 4123 1782 4194 capientes,

144 4210 247 4267 sidium
261 4211 355 4267 Terrae
370 4209 482 4266 Sanctae
494 4208 702 4280 expeditionem
718 4221 830 4264 summo
844 4207 936 4263 studio
990 4213 1180 4275 carcerantes,
1191 4207 1360 4275 detinentes,
1371 4209 1415 4264 vel
1425 4206 1564 4265 hostiliter
1574 4220 1783 4283 consequentes

144 4297 270 4371 pontifex
283 4304 409 4370 urgeret.
425 4297 503 4364 Quae,
519 4311 554 4352 eo
569 4295 629 4367 jam
651 4293 797 4363 defuncto,
823 4301 936 4367 propter
991 4296 1019 4353 S.
1029 4297 1062 4352 R.
1076 4297 1109 4351 E.
1125 4294 1293 4364 cardinales,
1306 4310 1417 4352 necnon
1427 4310 1461 4352 aa
1477 4299 1656 4368 mandantes,
1667 4301 1780 4358 velrata

145 4387 287 4444 Frederici
302 4388 328 4442 ll
343 4383 490 4458 perfidiam
505 4384 617 4456 penitus
631 4382 763 4440 concidit.
990 4383 1137 4450 habentes,
1154 4397 1206 4439 seu
1225 4391 1392 4455 praestantas
1412 4387 1440 4442 in
1462 4386 1504 4442 eis
1519 4386 1665 4457 auxilium,
1686 4390 1780 4447 consi·

179 4478 212 4533 In
226 4489 301 4532 anno
316 4473 438 4542 decimo,
449 4473 682 4530 constitutionem
693 4470 780 4527 edidit
795 4471 936 4527 Honorius
989 4471 1058 4529 lium
1071 4471 1114 4528 vel
1130 4469 1266 4528 laveram.
1284 4471 1376 4545 (1869,
1393 4477 1432 4533 1v
1446 4474 1510 4532 idua
1525 4475 1631 4546 octob.)

144 4571 242 4620 eontra
270 4578 320 4619 eos
342 4562 391 4633 qui
410 4563 438 4618 S.
460 4563 492 4618 Il.
518 4563 550 4616 E.
576 4557 738 4616 cardinales
758 4558 869 4632 iniuriis
888 4566 936 4615 aut
1025 4559 1118 4616 Etiam
1133 4560 1161 4616 in
1177 4561 1268 4617 malos
1289 4561 1421 4620 homines
1436 4569 1463 4619 at
1478 4562 1653 4619 facinorosos
1672 4565 1778 4635 episto·

143 4650 277 4707 violentia
293 4655 496 4706 converantur
511 4647 663 4704 lacessere.
680 4649 733 4715 Qui
749 4647 833 4704 luerit
845 4646 933 4703 hosti·
990 4647 1046 4704 lam
1061 4648 1172 4720 scripsit
1183 4649 1334 4707 Honorius.
1349 4651 1421 4708 Nam
1437 4650 1466 4705 hi
1481 4652 1543 4706 vias
1558 4650 1684 4721 publicas
1695 4651 1777 4708 obsc-

143 4739 206 4796 liter
222 4740 375 4804 insecutus,
389 4737 489 4808 iuquit,
500 4744 549 4792 aut
559 4737 742 4807 percusserit,
759 4742 807 4791 aut
817 4735 934 4806 caperit,
989 4735 1102 4805 dabant,
1120 4737 1214 4809 plures
1228 4752 1263 4792 ex
1281 4737 1388 4794 familia
1412 4737 1556 4795 Pontiheis
1576 4739 1778 4809 spoliaverant,

144 4827 189 4883 vel
210 4826 305 4883 socius
323 4825 406 4881 luarit
430 4823 579 4892 facientis,
603 4830 651 4879 aut
669 4823 729 4880 llari
747 4822 934 4890 mandaverit,
991 4823 1238 4880 autvenientesad
1252 4823 1353 4882 Sadem
1365 4825 1557 4897 apostolicam
1573 4832 1600 4882 at
1615 4824 1781 4884 recedentes

143 4916 190 4972 val
204 4914 310 4971 iactum
326 4919 418 4969 ratum
433 4910 575 4978 habuerit,
591 4917 640 4966 aut
658 4909 808 4968 consilium
828 4909 936 4968 dederit
990 4908 1170 4979 divexabant‚
1181 4918 1210 4966 et
1221 4913 1298 4967 varia
1313 4911 1459 4968 latrocinia
1474 4912 1651 4969 exercebant.
1662 4915 1703 4969 Da
1716 4915 1779 4985 qui·

144 5004 189 5060 vel
205 5002 341 5067 lavarem,
363 5003 436 5056 sicut
449 4999 525 5055 lesae
544 4999 672 5055 oriminis
692 4998 850 5071 majestatis
870 5013 933 5070 par·
989 4996 1042 5054 bus
1061 4999 1152 5054 blansi
1172 5004 1267 5055 narrat
1287 4999 1361 5056 hanc
1382 5006 1491 5070 pestem
1513 5000 1622 5057 initium
1646 5001 1781 5060 habuisse

144 5097 229 5161 petuo
244 5091 280 5146 sit
294 5089 419 5155 infamis,
434 5085 578 5145 diffidatus
592 5092 619 5142 et
638 5085 779 5155 banditus,
795 5087 832 5143 sit
847 5086 933 5142 intas·
990 5087 1133 5142 invesana
1145 5086 1331 5157 quorumdam
1343 5087 1505 5158 cupiditate,
1517 5089 1564 5159 qui
1575 5090 1781 5163 crucesignatis

145 5177 239 5234 tabilis
262 5191 315 5234 nec
339 5177 374 5232 ad
398 5175 516 5246 alicujus
541 5171 615 5230 bona
637 5181 768 5243 vocetur3
794 5175 886 5230 nullus
910 5174 935 5230 ei
990 5173 1265 5230 exitinarainsidias
1280 5174 1426 5245 parabant.
1439 5175 1589 5233 Nonenim
1603 5184 1668 5234 anta
1683 5193 1781 5235 sacras

145 5265 239 5321 debita
253 5264 371 5321 reddere
386 5270 530 5332 teneatur3
550 5259 686 5332 quidquid
702 5261 731 5317 in
751 5262 833 5320 honis
854 5263 934 5318 inva-
990 5259 1185 5332 expeditiones
1196 5262 1233 5317 ita
1242 5275 1397 5320 concursus
1406 5262 1490 5320 habat
1503 5265 1652 5322 viatorum.
1663 5268 1781 5338 Propter

146 5353 238 5408 nietur
252 5351 341 5422 ipsius
352 5349 412 5406 iisci
426 5349 552 5406 dominio
568 5349 734 5420 applicatur,
742 5355 936 5420 praetereaque
990 5349 1066 5420 quod
1080 5357 1122 5405 ter
1137 5349 1288 5420 quotannis
1309 5350 1459 5407 anathema
1476 5354 1710 5423 pronuntiabatur
1726 5355 1781 5411 ritu
1889 5383 1897 5392 =

146 5439 317 5496 sententiam
350 5437 654 5494 excommunicationis
691 5437 825 5493 incurrat.
865 5437 937 5494 lluic
991 5437 1110 5493 solemni
1125 5437 1154 5492 in
1173 5444 1350 5508 grassatores
1374 5439 1549 5510 publicaruin
1559 5443 1686 5510 ¹viarum,
1700 5441 1779 5498 vida·

45 5607 50 5618 Ι
147 5525 341 5582 constitutioni
366 5525 520 5594 respondet
545 5525 591 5580 illa
616 5538 702 5596 quam
725 5525 792 5581 Pius
814 5525 854 5580 lx
877 5525 937 5582 tulit
991 5524 1057 5581 licet
1077 5525 1105 5580 in
1125 5525 1210 5582 Coena
1233 5525 1360 5596 Ilomini,
1383 5528 1413 5584 in
1439 5525 1519 5584 lestis
1546 5530 1731 5587 ascensionis
1754 5537 1786 5588 et'

342 5661 457 5704 cirson.
475 5661 547 5703 rous
563 5648 610 5707 lV.
636 5691 639 5698 .
1538 5651 1572 5708 29
1610 5685 1612 5688 -
