4222 6374
160 312 220 374 12⁹
775 309 1004 374 seleucius.
1027 312 1106 372 ΜΒ.
1127 313 1183 372 vl.

159 470 271 534 Nullis
305 468 426 532 litteris
453 469 661 534 obstantibus
688 471 808 532 barum
836 471 952 535 tenme
1043 473 1094 532 lix
1119 471 1215 550 parte
1244 471 1473 536 universitatis
1504 472 1740 536 Ulixbonensls
1767 476 1803 538 at

156 568 293 632 iaciioa
322 567 406 628 Sede
419 566 611 643 Apostolica
633 569 832 644 impetratis.
859 567 951 640 Quod
1004 568 1153 642 ejusdem
1168 567 1322 630 dioecesis
1345 568 1441 630 nobis
1458 571 1510 632 esi
1522 569 1633 632 oblata
1651 571 1799 647 querela,

157 664 187 726 si
202 679 268 726 nou
282 678 409 733 omnes,
426 664 488 725 etc.
505 664 625 725 Datum
642 664 817 739 Anagniae,
832 663 950 741 quinto
1005 664 1303 742 quodrenerabllis
1315 666 1420 730 irater
1433 669 1547 730 noster
1560 670 1601 730 N.
1624 668 1801 746 episcopus

158 760 293 822 kalend.
310 760 438 837 aprilis,
454 775 542 822 anno
558 760 665 824 sexto.
1005 764 1038 825 et
1061 764 1192 840 praelati
1225 764 1293 824 tam
1329 763 1490 836 civitatis
1520 779 1619 842 quam
1646 765 1801 830 dioecesis

1006 859 1252 931 Ulixbouensis,
1277 875 1344 920 uon
1374 859 1500 936 absque
1526 860 1607 922 vitio
1631 862 1799 932 avaritiae,

1743 313 1802 375 13⁰

388 1139 405 1158 ,
474 1071 615 1178 lolli

156 1261 209 1321 Ad
227 1259 377 1333 fratrem
396 1263 624 1322 Franciscicm
650 1260 685 1320 ei
711 1262 797 1321 alios
819 1258 953 1333 iratres

380 1359 515 1419 ordinis
533 1359 723 1420 Minorem.

438 1487 473 1545 29
483 1487 577 1546 martii
588 1487 667 1545 1222.

294 1609 441 1676 [Ἦαιίᾱίης,
451 1611 564 1662 tondes
573 1611 709 1669 llinorum,
717 1610 750 1670 11,
759 1609 813 1674 bd]

155 1734 289 1794 Conoeffit
312 1733 445 1794 iratribus
458 1736 615 1795 Minoribus
628 1742 660 1792 ui
678 1736 707 1792 iu
729 1735 789 1792 sois
811 1733 952 1802 ecclesiis,

190 1839 255 1882 oum
277 1824 414 1898 generale
434 1831 518 1882 terre
543 1823 627 1882 inerit
652 1822 843 1892 interdictum,
868 1822 954 1880 liceat

189 1912 390 2059 {immisse
400 1927 470 1973 voca
482 1921 511 1972 et
522 1912 619 1986 januis
629 1911 847 1982 clausis,diviuo
858 1908 952 1970 oiilcia

194 2128 363 2190 Honorius
373 2127 560 2204 episcopus,
572 2142 690 2188 servus
698 2141 871 2190 servorum
879 2125 950 2198 Dei,

155 2225 288 2287 dilectis
326 2226 444 2287 liliis...
480 2225 576 2287 tratri
603 2223 782 2286 Francisco
815 2224 848 2285 et
876 2223 953 2284 aliis

156 2321 315 2384 iratribus
325 2322 454 2384 ordinis
464 2323 642 2394 Minorum,
655 2322 797 2383 salutem
809 2321 954 2396 etltpos·

155 2418 290 2482 tolioam
305 2419 580 2482 benedictionem.

195 2517 388 2580 Deuotionis
402 2519 522 2580 vestras
537 2515 691 2594 precibus
703 2514 867 2586 inclinati,
877 2529 953 2576 auo·

155 2613 292 2678 toritate
312 2613 408 2677 robis
432 2614 647 2691 praesentium
670 2612 894 2689 indulgemus,
917 2611 954 2672 ut

154 2711 191 2772 in
209 2712 372 2784 ecclesiis,
394 2712 423 2773 si
445 2728 528 2789 quas
542 2727 602 2774 vos
622 2710 745 2772 babere
764 2709 952 2784 contigerit,

154 2824 230 2870 cunr
262 2809 419 2886 generale
451 2811 551 2872 terrae
580 2808 681 2870 inerit
714 2807 951 2877 interdictum,

152 2905 254 2970 liceat
269 2907 361 2970 vobis
376 2907 491 2984 januis
509 2907 644 2979 clausis,
665 2907 700 2967 et
717 2904 951 2966 excommuni-

154 3004 238 3066 catis
252 3007 286 3066 et
301 3005 486 3067 interdictis
501 3003 659 3074 exclusis,
678 3001 843 3063 submissa
857 3017 951 3074 noce,

153 3101 267 3163 divina
281 3101 391 3164 officia
405 3101 587 3165 celebrare.
604 3099 696 3162 Nulli
721 3115 802 3176 ergo
817 3098 952 3161 omuino

153 3198 326 3262 bominum
341 3199 442 3261 liceat
464 3199 552 3260 banc
564 3197 721 3274 paginam
734 3197 858 3268 nostrae
871 3210 954 3258 oon-

81 3293 85 3302 '
154 3297 318 3359 cessionis
332 3295 530 3371 inungere,
546 3295 651 3357 antei
670 3310 755 3356 ausu
772 3293 952 3356 temerario

154 3394 339 3468 contraire;
351 3393 382 3455 si
395 3393 471 3470 quis
479 3393 591 3454 autem
604 3392 668 3455 hoc
683 3393 848 3454 attentare
863 3406 953 3468 prae·

154 3491 343 3568 sumpserit,
360 3490 623 3567 indignationem
639 3489 877 3567 omnipotentis
891 3489 952 3550 Dei

154 3603 194 3650 ac
234 3587 408 3651 beatorum
445 3587 535 3650 Petri
571 3589 606 3650 et
645 3587 743 3649 Pauli
778 3585 945 3664 apostolo·

153 3701 228 3747 rum
259 3689 332 3763 ejus
358 3702 396 3748 se
425 3685 557 3748 noverit
580 3685 804 3748 incursurum.
832 3686 951 3747 Datum

154 3783 557 3860 anagniae,1vkalendas
582 3783 710 3860 aprilis,
731 3797 819 3844 anno
843 3782 949 3844 sexto.

375 4089 379 4096 ’
505 4115 602 4205 onv

203 4267 255 4327 Ad
272 4269 414 4340 priores
434 4267 716 4328 Praedicoiorum
734 4267 903 4329 Fratrum

455 4365 645 4456 Minorem.

430 4493 466 4551 29
480 4493 575 4550 martii
591 4491 671 4550 1222.

279 4613 424 4680 [Waddinp
442 4614 555 4666 bundas
573 4616 708 4674 ldinomm‚
724 4615 756 4674 ll,
775 4614 828 4682 bn]

153 4739 269 4798 lisndai
298 4747 329 4800 ut
342 4741 450 4800 cessari
468 4740 574 4798 iaciant
599 4741 764 4798 exactiones
789 4740 819 4798 iu
835 4739 952 4798 dioecesi

190 4827 373 4896 Ulixbonensi
386 4827 530 4886 adbibiies
553 4828 655 4900 qubus
670 4826 851 4886 confessores
870 4842 949 4885 com·

188 4918 296 4990 pellunt
306 4918 404 4976 fideles
415 4918 451 4976 ad
463 4917 681 4990 relinquendam
695 4918 826 4974 ecclesiis
838 4917 951 4975 tertiam

189 5013 308 5078 pariam,
324 5007 370 5064 vel
384 5013 494 5064 certum
510 4999 577 5079 quid
589 5003 718 5064 debonis
732 5005 792 5064 suis
808 5006 837 5062 in
852 5005 951 5062 ultima

188 5093 315 5166 ipsorum
340 5095 502 5166 voluntaie;
525 5097 550 5153 si
576 5094 781 5167 injunctionem
813 5093 953 5166 repellunt

188 5180 297 5253 tideles,
309 5184 503 5242 ecclesiastica
517 5183 697 5256 denegantur
711 5188 901 5242 sacramenia.

192 5320 362 5382 Honorius
399 5320 591 5397 episcopus,
629 5333 746 5380 servus
779 5331 952 5379 servorum

154 5414 250 5476 Dei...
267 5416 436 5494 prioribus
449 5417 712 5478 Praedicatorum
721 5416 875 5477 Fratrum
887 5415 953 5474 Mi-

154 5526 285 5586 norum,
312 5513 510 5576 salutemet
537 5513 763 5592 Apostolioam
789 5510 950 5574 benedic·

154 5607 288 5673 tionem.

301 5765 413 5811 naraon.
433 5766 508 5812 roua
527 5754 575 5812 lv.

1006 956 1208 1032 compellunt
1234 956 1386 1017 homines
1413 957 1546 1018 tertiam
1571 960 1720 1033 partem,
1745 959 1802 1020 vel

1006 1053 1131 1114 certum
1142 1053 1221 1130 quid
1235 1053 1276 1114 de
1290 1053 1387 1114 bonis
1402 1053 1472 1114 suis
1485 1054 1634 1131 ipsorum
1648 1055 1802 1118 ecclesiis

1005 1149 1195 1226 relinquere
1235 1151 1271 1212 in
1303 1151 1421 1212 ultima
1456 1152 1644 1219 voluntate,
1680 1151 1801 1228 quibus

1006 1246 1158 1320 etiamsi
1174 1247 1348 1324 cupiditati
1360 1263 1550 1310 eorumnon
1565 1248 1801 1319 satisfecerint,

1005 1343 1235 1406 ecclesiastica
1264 1344 1431 1421 denegant
1461 1347 1686 1419 sacramenta;
1716 1346 1805 1408 unde

1005 1441 1211 1503 universitas
1219 1442 1292 1519 ipsa
1303 1442 1399 1504 nobis
1410 1443 1583 1506 humiliter
1591 1443 1807 1520 supplicarit,¹

1006 1538 1043 1600 ut
1059 1553 1135 1600 cum
1156 1538 1261 1600 libere
1288 1538 1440 1610 debeant,
1460 1540 1572 1616 pravis
1596 1541 1804 1606 cessantibus

1007 1635 1238 1698 exactionibus
1264 1639 1297 1698 et
1324 1636 1570 1698 extorsionibus
1591 1637 1803 1724 importunis,

1006 1732 1236 1796 ecclesiastica
1263 1733 1473 1795 sacramenia
1501 1733 1802 1811 conterri,'quam-

1006 1845 1105 1906 quam
1126 1829 1258 1890 alaicis
1282 1829 1512 1891 conservanda
1536 1831 1581 1892 sii
1601 1831 1805 1894 consuetudo

1006 1926 1185 1989 laudabilis
1223 1941 1303 2002 erpa
1338 1929 1487 1990 sanctam
1516 1928 1717 2002 Ecclesiam,
1749 1929 1807 2006 pia

1007 2023 1184 2086 devotione
1217 2023 1365 2085 fidelium
1393 2023 1592 2096 introducta,
1631 2027 1807 2101 providero
1916 2045 1923 2058 ι

1006 2137 1107 2198 super
1125 2121 1190 2182 boc
1206 2121 1433 2197 dignaremur.
1450 2121 1594 2198 Ideoque
1613 2121 1810 2204 discreiioni

1005 2221 1126 2280 vestrae
1150 2233 1210 2296 per
1230 2218 1421 2294 Apostolica
1445 2219 1570 2295 scripta
1597 2220 1806 2296 mandamus,

1006 2315 1319 2391 quatenusvocaus
1336 2315 1393 2392 qui
1405 2313 1530 2378 inerint
1540 2317 1712 2389 evocandi,
1726 2333 1809 2380 auo-

1006 2413 1142 2474 toritate
1170 2413 1285 2475 nostra
1315 2411 1399 2473 illud
1427 2411 1500 2474 fieri
1528 2413 1686 2491 jubeatis,
1720 2415 1808 2492 quod

1007 2509 1189 2572 secundum
1204 2512 1309 2572 Deum
1325 2510 1359 2574 et
1379 2509 1607 2572 institutiones
1625 2513 1805 2574 canonicas

1006 2606 1158 2671 videritis
1173 2607 1343 2684 expedire.
1360 2607 1453 2679 Quod
1469 2607 1498 2668 si
1513 2623 1580 2668 non
1593 2611 1806 2672 omuesinie-

1006 2720 1101 2766 resse
1120 2704 1306 2780 potueritis,
1323 2720 1410 2765 unus
1428 2707 1588 2777 vestrum,
1605 2709 1668 2770 etc.
1685 2709 1804 2768 uatum

1006 2801 1179 2878 Anagniae,
1197 2803 1240 2864 lv
1255 2801 1389 2864 kalend.
1401 2802 1530 2880 aprilis,
1544 2819 1634 2865 anno
1647 2805 1753 2866 sexto.

1288 3107 1290 3112 ’
1345 3101 1463 3191 CLVI

1006 3264 1058 3324 Ad
1069 3265 1322 3326 Edoroccnsem
1334 3265 1639 3340 archiepiscopum,
1655 3268 1804 3350 dorico-

1098 3365 1228 3422 lensem
1242 3361 1276 3422 ei
1288 3362 1507 3424 ocorwnsem
1522 3365 1708 3454 episcopos.

1287 3490 1323 3548 io
1333 3491 1426 3549 martii
1440 3489 1519 3548 1222.

1146 3613 1276 3679 [Theium.
1292 3613 1405 3664 tionum.
1419 3611 1555 3674 Hibernia,
1570 3613 1666 3692 pspoi

1015 3739 1052 3796 Ut
1067 3751 1185 3796 causam
1200 3737 1376 3796 matrimonii
1389 3738 1473 3796 Alani
1487 3739 1716 3798 conestabularii
1735 3755 1808 3816 regn

1289 3826 1391 3883 Scotiae
1406 3824 1532 3884 audiant.

1045 3952 1217 4014 Honorius
1230 3951 1417 4028 episcopus,
1427 3965 1543 4014 servus
1553 3967 1725 4014 servorum
1734 3954 1805 4027 Dei,

1005 4047 1254 4112 venerabilibus
1262 4046 1460 4110 iratribus...
1470 4047 1672 4110 liboracensi
1680 4051 1809 4114 arcbie·

1005 4147 1155 4224 piscopo,
1184 4145 1253 4207 et...
1292 4144 1506 4208 liarleoleusi
1535 4147 1606 4208 et...
1638 4147 1817 4228 Oxouensi

1005 4244 1185 4321 episcopis,
1208 4241 1349 4304 salutem
1365 4243 1399 4304 et
1409 4241 1634 4320 apostolicam
1648 4242 1808 4308 benedic-

958 4413 960 4419 ,
1006 4341 1140 4402 tionem.

1046 4437 1284 4500 Olimdilectus
1302 4437 1391 4498 iilius
1409 4437 1514 4500 irater
1526 4437 1671 4501 Jacobus
1693 4442 1808 4519 capel-

1005 4549 1107 4609 lanus
1122 4537 1154 4596 et
1175 4534 1443 4612 poenitentiarius
1459 4537 1582 4608 noster,
1598 4536 1678 4598 tunc
1697 4540 1806 4614 Apos-

1005 4631 1220 4694 tolicaeSedis
1230 4632 1370 4708 legatus,
1387 4632 1420 4694 et
1429 4631 1575 4710 episcopi
1591 4635 1804 4712 quamplures

1006 4729 1102 4806 regni
1116 4729 1236 4792 Scoiiae
1258 4731 1328 4791 suis
1344 4729 1439 4790 nobis
1453 4729 1574 4792 litteris
1595 4731 1803 4801 intimarunt,

1006 4827 1093 4904 quod
1126 4825 1248 4888 nobilis
1276 4829 1330 4889 vir
1353 4826 1478 4887 Alanus
1506 4827 1803 4890 comestabularius

1005 4925 1101 5001 regni
1129 4923 1288 5001 ejusdem,
1304 4939 1344 4985 eo
1369 4922 1476 4999 gradu
1501 4925 1802 4999 consanguinitatis

1006 5023 1040 5084 et
1062 5021 1232 5082 affinitatis
1246 5036 1315 5081 suae
1331 5021 1488 5082 attineret
1501 5019 1611 5090 uxori,
1627 5021 1714 5098 quod
1729 5023 1802 5086 sine

1006 5117 1137 5180 mortali
1162 5117 1298 5195 peccato
1320 5116 1371 5178 illi
1393 5131 1460 5178 non
1486 5117 1598 5192 posset
1619 5119 1802 5183 carnaliter

1006 5215 1226 5278 commisceri.
1237 5215 1326 5276 Idem
1334 5229 1464 5291 quoque
1473 5213 1613 5289 legatus,
1624 5216 1701 5293 quid
1713 5221 1802 5281 esset

1006 5315 1040 5374 in
1055 5312 1246 5390 huJusmodi
1265 5325 1367 5372 causa
1382 5310 1540 5383 tacturus,
1556 5328 1617 5389 per
1640 5329 1718 5375 suas
1738 5332 1799 5378 nos

1006 5411 1101 5472 duxit
1123 5410 1250 5472 litteras
1263 5405 1495 5470 consulendos.
1512 5411 1622 5480 Quare
1648 5413 1729 5474 moti
1754 5429 1798 5474 ex

1006 5508 1058 5568 his
1069 5507 1195 5584 pariter
1204 5506 1237 5568 et
1246 5505 1383 5578 inducti,
1393 5505 1502 5584 legato
1513 5507 1577 5585 ipsi
1589 5509 1797 5584 scripsimus,

1006 5608 1043 5665 ut
1055 5603 1205 5683 praedicti
1217 5603 1312 5680 regui
1320 5605 1510 5668 convocatis
1522 5605 1698 5683 episcopis,
1715 5623 1798 5684 quos

1622 5745 1641 5802 5
