4262 6382
145 305 205 366 809

143 462 276 524 clausu
288 463 466 526 tammario
479 465 657 526 contraire.
681 466 715 526 Si
733 466 808 543 quis
824 467 935 528 autem

141 558 206 620 boc
217 560 382 622 attentare
396 563 657 638 praesumpserit,
670 562 935 638 indignationem

142 656 377 732 omnipotentis
393 657 452 719 Dei
467 659 499 720 et
511 657 682 720 beatorum
694 659 825 721 Petriet
839 659 935 720 Pauli

141 753 375 828 Apostolorum
402 758 476 830 ejus
499 771 535 816 se
554 757 684 817 noverit
709 757 932 821 incursurum.
1051 779 1052 786 ι

142 849 259 910 Datum
278 851 445 923 Laterani,
462 866 568 913 nonas
584 853 705 924 martii,
723 853 935 929 pontificatus

142 945 248 1006 nostri
260 961 348 1008 anno
363 963 461 1009 nono.

504 1169 568 1256 ott

171 1322 223 1382 Ad
231 1320 468 1395 praepositum,
483 1323 664 1394 officiatem
679 1323 713 1384 ct
725 1323 900 1398 poeutteu·

327 1417 473 1478 ttarium
487 1419 742 1479 ambianenses.

423 1547 439 1603 7
458 1545 552 1603 martii
569 1545 647 1603 tart.

171 1669 291 1730 [Regest.,
301 1666 347 1717 lib.
361 1666 405 1724 Ill,
414 1667 487 1731 epist.
498 1667 554 1717 ato.
566 1669 625 1718 lise.
634 1669 752 1720 LaPorte
761 1669 796 1719 dn
807 1669 901 1734 thail]

140 1790 294 1850 Mandatus
307 1791 544 1850 consuetudinem
557 1807 612 1866 qua
624 1794 745 1851 usurarii
754 1796 932 1852 Peronanses

174 1877 259 1950 positi
278 1879 307 1934 in
330 1880 465 1936 extremis
488 1894 545 1936 non
574 1881 628 1937 nisi
647 1881 759 1939 tertiam
780 1896 931 1940 usurarum

175 1971 284 2038 partem
299 1966 494 2036 restituebant,
511 1967 659 2042 abrogent.

178 2090 847 2169 HonoriusepIscopusservasservorum
856 2096 928 2167 Dei,

138 2186 268 2248 dilectis
292 2188 406 2249 filiis...
441 2191 657 2268 praeposito...
684 2191 831 2262 officiali,
859 2195 928 2254 et...

137 2284 385 2360 poenitentiario
412 2285 701 2361 Ambianensibus,
729 2288 870 2350 salntem
898 2289 931 2352 et

137 2380 360 2455 Apostolicam
375 2381 649 2446 benedictionem.

176 2476 929 2544 Dilectusfllius...decanusPeronensisnobis

136 2571 309 2632 insinuare
322 2574 460 2646 curavit,
472 2575 559 2651 quod
568 2577 713 2638 usurarii
724 2581 928 2640 Peronenses

136 2669 237 2745 positi
251 2670 286 2730 in
302 2670 459 2732 extremis
474 2687 541 2733 non
556 2673 622 2733 nisi
645 2673 777 2734 tertiam
801 2677 928 2749 partem

137 2766 317 2827 restituunt
345 2783 532 2841 usurarum,
556 2772 754 2833 excusantes
778 2787 815 2832 se
841 2787 930 2848 prae·-

136 2861 231 2923 textu
245 2865 494 2926 consuetudinis
504 2883 585 2939 suae,
597 2883 670 2944 quae
682 2869 869 2946 corruptela
879 2870 929 2931 est

135 2959 257 3034 potius,
282 2976 380 3037 quam
398 2963 601 3024 consuetudo
616 2963 766 3025 dicenda.
788 2965 929 3041 Ideoque

135 3055 523 3132 mandamus,quatenus
545 3059 927 3135 hujusmodiconsuetu-

135 3150 247 3214 dinem
256 3155 415 3230 tanquam
428 3154 540 3216 divino
555 3157 587 3218 et
609 3157 754 3218 hnmano
763 3158 835 3234 juri
848 3174 929 3220 eon-

134 3247 284 3321 trariam,
312 3249 514 3312 denuntietis
536 3250 667 3328 pentius
692 3252 817 3314 nullam
842 3269 926 3316 esse.

135 3343 227 3416 Quod
243 3345 271 3405 si
297 3361 366 3408 non
380 3362 506 3419 omnes,
533 3352 596 3410 eto.
613 3350 731 3411 Datum
758 3351 926 3426 Laterani,

134 3442 232 3503 nonis
241 3443 363 3516 martii,
381 3459 469 3506 anno
482 3461 582 3507 nono.

196 3843 247 3904 Ad
270 3847 482 3935 magistrum
503 3847 537 3908 et
557 3848 690 3921 fratros
713 3851 846 3912 ordiatts

380 3945 670 4006 Praedicatoratm.

418 4073 434 4130 t
446 4071 541 4130 martii
557 4073 634 4131 1225.

239 4191 356 4256 fflipolli,
369 4193 466 4244 Bullar.
485 4195 627 4254 Pandione,
640 4197 658 4255 l,
673 4197 710 4255 to,
725 4213 749 4248 ιι.
764 4199 816 4265 32]

131 4315 264 4390 Indulget
282 4326 312 4376 ut
330 4320 578 4378 commissionesa
600 4319 673 4378 Sede
697 4323 860 4395 Apostolioa
879 4325 925 4382 vel

165 4403 305 4506 delegatis
328 4406 390 4480 ejus
412 4415 459 4466 aut
479 4407 650 4510 quibuslibet
669 4410 732 4466 aliis
747 4410 816 4483 ipsis
835 4409 924 4468 lactas

165 4507 283 4552 manime
297 4502 448 4554 teneantur
463 4511 602 4569 recipere.

169 4620 842 4698 Honoriusepiscopus,servusservorum
850 4625 920 4698 Dei,

129 4716 258 4778 dilectis
278 4717 356 4778 tiliis
378 4720 537 4795 magistro
561 4722 594 4783 et
612 4720 771 4788 fratribus
795 4721 922 4784 ordinis

128 4814 401 4887 Praedicatorum,
418 4817 569 4890 salutem,
591 4819 654 4880 eto.

167 4912 276 4983 Quieti
300 4913 420 4974 vestrae
446 4915 631 4990 providere
652 4916 813 4990 volentes,
838 4933 921 4980 auc-

127 5009 261 5071 toritate
285 5009 379 5071 vobis
403 5012 616 5087 presentium
640 5013 861 5090 indulgemus,
885 5017 922 5078 ut

128 5107 377 5169 commissiones
398 5123 417 5168 a
441 5108 525 5171 Sede
539 5111 739 5185 apostolica,
756 5113 809 5174 vel
825 5112 920 5174 dele-

127 5201 213 5276 gatis
228 5205 311 5279 ejus,
329 5220 389 5266 seu
401 5205 604 5282 quibuslibet
615 5207 692 5268 aliis
706 5207 801 5270 vobis
815 5208 921 5271 seems

128 5313 193 5359 non
208 5301 390 5362 teneamini
405 5305 519 5366 contra
534 5305 679 5366 vestram
692 5306 841 5383 recipere
855 5323 919 5368 vo-

128 5393 299 5462 luntatem.
313 5397 405 5458 Nulli
417 5415 496 5476 ergo
509 5402 644 5464 omnino
657 5402 840 5475 hominum,
855 5405 917 5466 etc.

127 5493 244 5554 Datum
260 5496 428 5569 Laterani,
449 5498 546 5562 nonis
569 5500 692 5573 martii,
708 5501 919 5578 pontificatus

127 5589 230 5651 nostri
247 5606 336 5660 anno
352 5607 449 5658 nono.

762 307 990 370 nmsrouan.
1014 307 1093 366 me.
1118 307 1172 366 ιιι.
1213 265 1220 278 ’

1338 471 1443 559 oxii

1103 584 1156 675 aid
1177 617 1372 690 episcopum
1395 617 1669 678 ambianensem.

1278 737 1293 793 7
1311 735 1405 792 martii
1421 736 1499 792 tato.

1021 849 1089 913 [bles.
1100 847 1186 907 latins,
1200 847 1297 900 collect.
1314 850 1424 906 Morcau,
1436 854 1455 898 t.
1469 849 1647 908 llCLXXlllll,
1661 865 1686 913 p.
1699 849 1754 908 lli,

1240 929 1363 980 Bibliotlt.
1378 927 1534 994 Nationale.]

988 1033 1150 1092 tonannen
1164 1033 1200 1090 de
1215 1036 1300 1104 Lens,
1316 1035 1450 1092 clericum
1465 1033 1571 1091 dictum
1587 1033 1690 1092 Audati
1705 1033 1784 1090 Atre·
1837 1079 1841 1086 ,

1023 1121 1151 1178 batensis
1165 1120 1297 1180 dioecesis
1312 1122 1366 1194 ipsi
1378 1120 1570 1190 commendat,
1583 1129 1614 1179 ut
1628 1137 1695 1178 eum
1708 1135 1780 1194 proe·

1022 1207 1137 1266 bendali
1152 1209 1293 1268 beneflmo
1308 1209 1336 1267 in
1350 1210 1472 1268 ecelesia
1488 1225 1538 1266 sua
1555 1209 1711 1282 provideat.

1029 1334 1207 1405 Honorius,
1229 1335 1305 1406 ete,
1331 1333 1514 1396 venerabili
1539 1333 1672 1395 tratri...
1693 1334 1785 1410 epis·

987 1443 1070 1507 copo
1092 1429 1319 1502 ambianensi,
1341 1429 1482 1492 salutem
1504 1430 1536 1490 et
1558 1430 1781 1506 Apostolicam

987 1525 1262 1588 benedictionem.

1026 1623 1095 1685 nui
1105 1623 1147 1684 ad
1160 1624 1385 1700 provisionem
1401 1624 1593 1686 cunctorum
1610 1623 1667 1700 qui
1682 1624 1783 1685 oleri-

986 1720 1052 1780 cali
1071 1721 1200 1783 militiae
1222 1721 1299 1782 sunt
1317 1721 1475 1798 adscripti
1491 1737 1533 1782 ex
1552 1721 1654 1782 officii
1673 1723 1781 1784 nostri

986 1817 1096 1878 debito
1110 1817 1284 1880 intendere
1301 1817 1490 1890 debeamus,
1508 1819 1574 1878 illis
1589 1813 1701 1879 tamen
1719 1835 1781 1879 cu-

984 1929 1142 1976 ramnes
1169 1915 1264 1977 decet
1287 1915 1479 1992 impendere
1508 1915 1698 1992 specialem,
1723 1917 1778 1993 qni

985 2011 1169 2087 potioribus
1180 2012 1308 2073 meritis
1316 2011 1527 2088 adjuvantur.
1541 2013 1625 2072 Hinc
1634 2011 1778 2089 estquod

984 2107 1225 2170 fraternitatem
1241 2109 1332 2170 tuam
1349 2110 1473 2171 attente
1487 2109 1669 2184 rogandam
1685 2109 1780 2170 duxi·

984 2205 1780 2282 musethortandam,parapostolicatibiscripta

984 2302 1208 2380 praecipIendo
1234 2303 1442 2374 mandantes,
1469 2305 1632 2380 quatenus
1659 2303 1780 2364 dilecto

985 2399 1053 2459 filio
1074 2399 1220 2461 Jobanni
1236 2399 1277 2461 de
1300 2402 1398 2468 Lens,
1413 2400 1535 2462 clerico
1557 2399 1645 2461 dioto
1660 2398 1781 2460 nudati

985 2493 1212 2556 atrebatensis
1234 2495 1399 2566 dioecesis,
1428 2497 1483 2556 oui
1507 2494 1548 2556 de
1569 2494 1718 2556 moribus
1747 2497 1782 2557 et

983 2589 1124 2656 scientia
1139 2591 1370 2654 testimonium
1383 2590 1550 2652 laudabile
1573 2591 1780 2666 perhibetur,

984 2701 1058 2748 cum
1074 2687 1161 2748 siout
1174 2687 1295 2748 asserit
1310 2687 1438 2748 nullum
1455 2688 1500 2748 sit
1517 2687 1781 2749 ecclesiasticum

982 2782 1180 2844 beneficium
1200 2784 1383 2854 assecutus,
1400 2783 1435 2847 in
1456 2785 1513 2846 tua
1534 2784 1676 2844 ecclesia
1698 2801 1780 2860 pro-

983 2879 1098 2940 videas
1126 2879 1161 2939 in
1188 2879 1350 2941 beneflcio
1379 2879 1599 2957 praebendali,
1626 2881 1653 2940 si
1682 2883 1781 2942 vacat

984 2975 1106 3036 ibidem
1122 2977 1163 3036 ad
1182 2991 1334 3053 praesens
1351 2993 1359 3036 ε
1374 2976 1523 3054 alioquin
1536 2993 1610 3044 eum
1624 2978 1781 3043 obtulerit

984 3088 1020 3133 se
1043 3071 1195 3145 facultas,
1213 3073 1460 3147 nonobstante,
1478 3075 1506 3135 si
1523 3074 1608 3137 sorte
1624 3075 1665 3136 ad
1683 3091 1788 3137 man-

983 3169 1096 3231 datum
1112 3175 1263 3232 nostrum
1278 3172 1339 3234 alii
1352 3171 1538 3248 providisti,
1555 3189 1630 3234 oum
1648 3173 1695 3233 nil
1714 3173 1778 3234 de·

982 3271 1097 3344 pereat
1119 3269 1226 3345 ipsius
1255 3269 1417 3342 ecclesie,
1441 3269 1470 3330 si
1493 3270 1546 3331 vir
1576 3270 1715 3331 idoneus
1741 3271 1777 3331 in

983 3365 1098 3426 eadem
1114 3365 1216 3429 luerit
1231 3367 1412 3429 institutus.
1432 3367 1557 3429 Taliter
1574 3369 1683 3429 autem
1698 3383 1779 3428 nos-

982 3464 1201 3525 trum-cures
1237 3465 1418 3541 adimplere
1447 3465 1655 3537 mandatum,
1690 3464 1780 3542 quod

982 3561 1070 3622 idem
1085 3561 1239 3630 clericus,
1256 3563 1311 3639 qui
1328 3564 1474 3624 nostram
1492 3564 1635 3638 gratiam
1655 3579 1779 3639 expec-

981 3658 1082 3719 tando
1102 3659 1222 3720 multos
1244 3658 1388 3731 labores,
1410 3663 1446 3720 ut
1468 3660 1632 3731 novimus
1649 3659 1777 3720 substi-

982 3755 1055 3816 nuit
1076 3755 1110 3816 et
1131 3770 1308 3832 expensas,
1339 3755 1472 3817 tandem
1498 3757 1630 3831 gratum
1652 3771 1695 3816 ex
1716 3771 1776 3818 suo

982 3851 1097 3917 labore
1112 3850 1254 3914 fructum
1277 3867 1314 3913 ss
1327 3851 1495 3928 recepisse
1510 3852 1643 3913 laetetur
1661 3853 1695 3914 et
1714 3868 1780 3914 nos

982 3947 1157 4010 caritatem
1172 3949 1266 4010 tuam
1284 3949 1462 4010 debeamus
1478 3949 1512 4010 in
1528 3949 1667 4010 Domino
1682 3963 1777 4010 com·

982 4044 1151 4106 mandare.
1181 4046 1299 4106 Datum
1331 4045 1499 4116 Laterani,
1525 4046 1623 4108 nonis
1650 4044 1776 4118 martii,

980 4142 1194 4230 pontificatus
1208 4143 1316 4206 nostri
1328 4157 1415 4204 anno
1430 4157 1530 4206 nono.

1312 4357 1437 4446 CXIII

1044 4509 1096 4570 Aa
1115 4511 1283 4570 &cattum
1301 4509 1337 4570 ct
1357 4510 1546 4583 capitutum
1562 4513 1711 4572 certesiae

1142 4609 1178 4668 S·
1196 4609 1369 4669 thtcbadt
1389 4610 1603 4668 Bremensts.

1260 4736 1386 4794 imartii
1408 4736 1485 4793 liii.

1085 4849 1185 4914 [umen
1203 4850 1342 4902 BremIseb.
1360 4849 1432 4908 Uala,
1450 4851 1470 4908 l,
1488 4849 1542 4908 tttt,
1556 4863 1582 4900 n.
1599 4849 1666 4915 tau]

1002 4977 1060 5034 Eos
1072 4976 1125 5033 sub
1137 4972 1212 5033 beati
1227 4975 1303 5034 Petri
1315 4981 1344 5032 et
1358 4989 1409 5034 sua
1423 4975 1600 5048 protectione
1614 4975 1742 5048 susctpit.

1015 5111 1184 5172 Honorius
1197 5111 1383 5187 episcopus,
1394 5124 1691 5172 servasset-vorum
1699 5112 1774 5183 Dei,

975 5207 1106 5269 dilectis
1137 5207 1214 5268 liliis
1246 5208 1371 5268 decano
1394 5208 1428 5269 et
1446 5207 1591 5284 capitulo
1618 5208 1771 5268 ecelesiae

977 5306 1090 5367 Sancti
1113 5305 1305 5378 willehadi,
1323 5304 1464 5366 salutem
1487 5306 1520 5367 et
1544 5305 1777 5382 apostoticam·

974 5402 1250 5465 benedictionem.

1013 5500 1118 5564 Justis
1141 5500 1323 5577 petentium
1345 5499 1521 5564 desideriis
1543 5501 1679 5577 dignum
1705 5501 1767 5568 est,

976 5614 1038 5660 nos
1065 5597 1196 5660 facilem
1232 5598 1381 5674 praebere
1407 5613 1605 5660 consensum
1634 5597 1776 5668 etanta,
