4222 6374
300 262 341 324 59
919 257 1095 323 HONORII
1116 259 1162 322 111
1183 257 1331 324 oraha.
1904 259 1946 320 60
2093 67 2098 320 Ἴ

298 417 476 498 dignitates
508 413 698 478 Bremensis
722 413 873 478 ecclesiae
902 415 1088 492 ignorabat,
1146 416 1406 494 contegentium
1421 416 1608 478 animarum
1623 415 1757 491 tributa,
1773 417 1942 495 restituis3

298 517 412 594 utpote
439 529 536 593 quaem
563 528 672 590 nuper
702 512 860 576 deterre
887 515 1091 576 vocaverunt
1146 513 1203 576 sed
1218 515 1377 590 hequem
1389 513 1632 576 benedictionis
1647 513 1727 586 illia,
1738 529 1818 576 ovas
1829 529 1945 576 erran-

297 615 421 686 ebena,
446 628 467 674 a
492 609 668 689 praeposite
688 610 721 671 et
745 609 915 672 canonicis
928 613 1090 672 Hamma—
1145 611 1195 672 tes
1209 609 1250 671 ed
1265 610 1397 672 Domini
1416 611 1531 672 'caulas
1550 609 1662 672 studes
1684 609 1860 672 adducere.
1877 613 1945 674 De-

188 724 193 734 *
297 708 517 790 burgensibus
526 699 781 778 circumventus,
794 707 888 784 ipsis,
900 706 1092 784 irrequisito
1145 707 1311 770 sotionem
1325 707 1417 768 tuam
1440 707 1475 768 in
1500 707 1639 768 Domino
1656 707 1942 783 commendamus,

298 805 489 872 eorumdem
503 819 655 872 assensu,
670 803 706 864 in
730 802 960 880 praejudicium
982 804 1016 866 at
1035 803 1092 863 in·
1147 818 1221 864 cum
1242 803 1276 864 in
1303 819 1386 865 sexu
1412 803 1524 879 fragili
1539 804 1636 866 virile
1661 804 1764 867 robur
1777 805 1897 866 induas
1910 807 1945 869 et

295 892 422 982 juriani
444 901 594 964 ecclesiae
622 901 769 978 praehtae
794 899 976 972 concessit,
1006 899 1092 976 quod
1147 915 1304 972 amorem,
1320 915 1420 977 quem
1433 916 1514 978 erga
1528 905 1631 962 Deum
1653 903 1743 977 geris
1763 903 1799 964 in
1818 903 1942 976 animo,

300 999 388 1062 ultra
411 1000 534 1061 humen
564 997 651 1076 quod
674 997 771 1059 Albia
795 996 918 1058 ilciiur
936 999 1094 1058 Hamma—
1147 995 1444 1073 devotisoperibus
1458 999 1678 1075 repraesentes
1693 997 1944 1076 :propterquod

299 1095 486 1173 burgensis,
502 1095 587 1157 citra
606 1109 686 1156 vero
701 1093 891 1156 Bremansis
906 1093 1094 1170 archiepis·
1145 1093 1225 1166 tuis,
1242 1094 1276 1156 et
1299 1093 1533 1170 praedictorum
1553 1095 1765 1172 praelatorum
1789 1095 1945 1173 precibus

301 1209 402 1271 copus
439 1208 475 1254 se
516 1192 667 1256 vocabat.
704 1193 866 1264 Quocirca
900 1189 1093 1254 discretioni
1148 1189 1311 1260 inclinati,
1333 1191 1605 1269 compositionem
1624 1191 1731 1269 ipsam
1746 1192 1944 1256 auctoritate

299 1290 420 1352 vestrae
443 1305 503 1366 per
530 1289 719 1367 apostolica
745 1289 868 1364 scripta
887 1287 1092 1356 mandamus,
1147 1287 1336 1364 apostolice
1349 1289 1505 1350 duximus
1520 1289 1794 1363 confirmandam,
1811 1291 1946 1367 magni·

301 1390 465 1466 quatenus
488 1387 625 1460 vocatis,
642 1386 700 1464 qui
720 1385 844 1449 luerint
866 1385 1038 1458 evocandi,
1062 1384 1096 1448 et
1149 1384 1315 1448 dcenham
1333 1387 1424 1448 tuam
1439 1387 1621 1460 monentes,
1638 1387 1671 1448 et
1686 1389 1945 1464 parapostolrca

300 1484 424 1548 auditIs
448 1483 618 1546 hincinde
638 1483 828 1560 propositis,
850 1483 937 1560 quod
954 1481 1095 1570 canoni·
1148 1481 1210 1544 tibi
1223 1483 1347 1560 scripta
1369 1483 1577 1556 mandantes,
1598 1485 1762 1562 quatenus
1776 1486 1944 1562 composi·-

299 1597 377 1643 cum
397 1581 516 1654 luerit,
543 1580 765 1658 appellatione
779 1581 917 1652 remota,
943 1581 1090 1642 statuere
1148 1579 1273 1642 tionem
1288 1579 1438 1642 eamdem
1450 1579 1606 1642 observes
1619 1581 1654 1641 in
1670 1581 1835 1654 omnibus,
1849 1583 1882 1643 et
1900 1581 1942 1644 ab

300 1678 497 1756 procuratio,
520 1676 681 1739 facientes
709 1677 795 1754 quod
825 1676 1009 1738 statueritis
1036 1690 1096 1752 per
1149 1675 1225 1736 aliis
1240 1676 1344 1738 iactas
1369 1678 1578 1754 quantumin
1597 1676 1941 1749 teineritobserseri,

300 1790 478 1836 censuram
491 1773 752 1836 ecclesIasticam
763 1773 902 1836 firmiter
910 1772 1093 1835 observari.
1150 1771 1197 1836 iia
1209 1772 1295 1850 quod
1309 1773 1431 1835 bonum
1439 1775 1542 1852 pacis,
1553 1775 1587 1836 ct
1598 1774 1785 1838 concordia
1795 1776 1882 1838 inter
1896 1777 1940 1849 te,

299 1873 415 1934 Testes
440 1872 551 1934 autem
574 1871 632 1947 qui
654 1870 780 1932 fuerint
801 1870 974 1942 nominati,
1001 1870 1029 1931 si
1059 1883 1095 1930 se
1150 1885 1189 1930 ac
1203 1870 1377 1948 praedictos
1397 1872 1693 1949 praeletesilrmius
1716 1872 1894 1947 radicetur,
1910 1875 1944 1936 ei

299 1967 423 2045 gratia,
453 1967 528 2028 otilo
552 1968 605 2028 vel
619 1969 738 2030 timore
765 1966 1003 2039 subtraxerint,
1031 1981 1091 2042 per
1150 1966 1334 2029 devotionis
1348 1967 1499 2040 affectus,
1522 1984 1618 2046 quem
1632 1971 1675 2031 ad
1688 1973 1792 2032 Deum
1805 1971 1894 2047 geris
1908 1973 1944 2032 et

301 2079 476 2129 censuram
508 2063 669 2133 eamdem,
704 2063 853 2141 ipsorum
873 2063 1095 2140 appellatione
1150 2063 1319 2136 ecclesias,
1336 2064 1460 2127 clarius
1475 2070 1686 2142 agnoscatur.
1703 2069 1810 2140 Quum
1830 2067 1941 2130 autem

302 2163 467 2234 cessante,
488 2161 614 2238 cogatis
628 2160 1002 2224 veritatitasiimonium
1016 2176 1095 2237 per-
1151 2160 1361 2236 preelatorum
1399 2163 1592 2225 Latinorum
1626 2163 1824 2225 dioecesibus
1847 2163 1943 2240 regni

301 2257 427 2320 hibere.
443 2257 534 2330 Quod
551 2257 580 2318 si
593 2273 659 2319 non
671 2271 786 2318 omnes
806 2255 859 2317 his
870 2255 1095 2334 exsequendis
1149 2256 1198 2317 tui
1209 2257 1342 2333 quidam
1353 2259 1461 2320 Graeci
1471 2261 1629 2320 Romanae
1642 2259 1869 2322 inobedientes
1883 2275 1944 2320 eo-

302 2353 475 2432 potueritis
496 2355 671 2426 interesse,
687 2355 753 2416 duo
766 2355 914 2416 uestrum
929 2367 969 2414 ea
987 2353 1094 2414 nihil·
1150 2352 1272 2424 clasiae,
1284 2353 1318 2415 et
1334 2349 1392 2434 lin]
1409 2353 1560 2416 ecclesiis
1575 2349 1770 2416 Latinorum
1784 2357 1943 2433 tanquam

301 2453 433 2513 ominus
448 2453 683 2529 exsequantur.
699 2452 817 2513 Datum
832 2449 1001 2519 Laterani,
1017 2451 1095 2511 Vlll
1151 2446 1323 2522 pontifices
1345 2449 1600 2521 commorentur,
1632 2463 1692 2526 pro
1713 2449 1832 2528 quibus
1846 2449 1942 2510 uobis

304 2547 465 2610 kalendas
484 2548 644 2626 januarii,
664 2547 874 2626 pontificatus
889 2547 994 2612 nostri
1007 2561 1095 2609 anno
1150 2542 1321 2606 humiliter
1343 2545 1549 2622 supplicasti,
1572 2548 1609 2608 ui
1625 2547 1660 2608 in
1675 2545 1771 2608 dIctis
1788 2545 1943 2608 dioecesi-

301 2645 409 2711 eexto.
1149 2639 1221 2712 bus,
1252 2642 1350 2717 prout
1368 2642 1456 2714 sunt,
1484 2657 1658 2704 remanere
1677 2643 1943 2720 permitteremus

1151 2736 1301 2812 eosdem
1317 2753 1379 2802 uos
1395 2737 1473 2800 lieet
1487 2739 1558 2811 tibi,
1573 2739 1607 2802 et
1623 2755 1726 2816 regno
1740 2739 1942 2802 tuederamo

1151 2835 1310 2912 quantum
1325 2851 1399 2898 cum
1417 2835 1591 2898 honestate
1602 2839 1717 2899 nostra
1728 2837 1889 2910 ualemus,
1910 2837 1944 2900 et

615 2909 780 2998 LXXIII
1151 2935 1282 2994 eraecos
1302 2932 1344 2994 aa
1374 2932 1596 2996 obedientiam
1622 2933 1942 3012 sedisapostolicae

442 3065 495 3124 ll
512 3063 637 3123 ltin
657 3063 818 3136 aa„
841 3059 956 3134 lll-
1150 3029 1764 3204 titillatamillitati
1782 3030 1943 3205 lilla

550 3189 585 3248 ³⁰
600 3187 852 3246 mmmm·
1152 3238 1263 3285 coram
1295 3227 1362 3286 Dec
1391 3239 1566 3301 possumus
1594 3171 1806 3300 sustinend’o3
1831 3225 1866 3285 iu
1888 3223 1942 3286 his

452 3311 605 3378 [semelem
614 3313 768 3370 somnum,
781 3311 825 3369 111,
839 3324 859 3370 ¹·
872 3309 940 3377 ²¹¹·]
1151 3319 1273 3392 tamem
1290 3336 1363 3397 quaa
1374 3320 1557 3397 periculum
1568 3323 1730 3396 generant
1741 3320 1940 3388 animarum,

303 3438 487 3500 fflnpmpo
511 3435 671 3494 mooun„
699 3436 772 3492 rme,
795 3435 879 3509 cypri
902 3435 1044 3508 mam,
1069 3441 1099 3493 ρο
1152 3417 1185 3478 et
1204 3416 1437 3478 ecclesiasticas
1456 3416 1617 3493 derogant
1640 3417 1827 3489 honestati,
1854 3417 1942 3494 apud

342 3526 474 3600 praelatos
488 3524 617 3598 ejusdem
636 3524 735 3597 regem
754 3522 854 3591 idest,
879 3522 970 3581 Greci
984 3523 1013 3579 in
1027 3522 1098 3580 locis
1152 3527 1212 3574 nos
1237 3529 1310 3576 esse
1336 3529 1403 3577 non
1426 3513 1524 3576 debat
1546 3514 1694 3590 acceptio
1710 3527 1939 3592 personarum.

341 3616 412 3672 ritus
423 3615 503 3672 latini
518 3612 658 3686 degentes
675 3627 744 3670 suos
756 3611 907 3684 episcopos
919 3609 1024 3668 hebere
1039 3612 1092 3667 mi·
1152 3611 1260 3681 Quare
1273 3610 1355 3673 talia
1378 3611 1419 3672 de
1435 3611 1556 3674 caetero
1578 3611 1746 3673 sustinere
1772 3611 1921 3673 nolentes
1930 3653 1940 3684 ‚

340 3701 418 3758 nime
436 3699 557 3772 limini,
579 3699 675 3756 ¹⁸thss
702 3704 799 3754 mmee
813 3696 931 3754 Subest&
949 3702 1098 3754 nocentur
1152 3723 1226 3769 cum
1241 3709 1484 3770 monstruosum
1502 3709 1600 3781 esset,
1622 3709 1708 3770 sicut
1721 3708 1757 3769 in
1775 3707 1942 3770 constitu-

341 3789 493 3863 elitffllifl·
1151 3803 1296 3866 tionibus
1317 3803 1438 3866 dicitur
1461 3804 1600 3866 concilii
1624 3804 1810 3881 generalis,
1828 3819 1939 3878 unam,

343 3913 510 3978 Honorius
520 3913 703 3990 episcopus,
715 3925 830 3974 servus
843 3923 1015 3972 servorum
1023 3909 1094 3983 Dei,
1151 3901 1184 3962 et
1193 3901 1342 3963 eamdam
1352 3900 1521 3963 dioecesim
1537 3901 1686 3963 diversos
1700 3901 1824 3962 habere
1838 3901 1943 3978 ponti·

303 4013 488 4076 carissimae
512 4011 548 4071 in
579 4009 708 4071 Christo
733 4007 811 4070 filiae
837 4004 951 4087 illici]
974 4006 1098 4070 illustri
1152 3998 1230 4060 ficos
1244 4019 1252 4059 e
1267 4000 1425 4076 tanquam
1436 3997 1690 4076 diversacapita
1704 4015 1806 4060 uuum
1820 4013 1942 4076 corpus

301 4109 430 4186 regium
445 4105 556 4184 cypri,
584 4107 725 4166 salutem
745 4105 779 4166 et
801 4103 1017 4180 apostolicam
1035 4103 1098 4164 he.
1151 4094 1298 4168 baberet,
1313 4095 1559 4158 venerabllibus
1571 4095 1729 4158 iratribus
1741 4095 1941 4173 uostrispa-

305 4204 540 4267 nedictIonem.
1151 4193 1306 4256 triarchas
1327 4192 1630 4270 Hierosolymitano
1644 4195 1678 4256 et
1691 4195 1811 4271 Tyren.
1825 4193 1859 4256 ei
1869 4194 1944 4254 Gaa-

345 4302 438 4364 Licet
449 4298 664 4376 diligentiam,
679 4313 777 4375 quam
792 4295 943 4360 adhibuit
955 4311 1098 4360 venera·
1151 4291 1273 4352 serien.
1300 4290 1560 4368 archiepiscopis
1582 4291 1706 4354 nostris
1721 4291 1838 4352 damus
1850 4290 1942 4352 litte-

304 4397 382 4460 bilis
394 4397 497 4458 irater
511 4395 624 4456 noster
641 4393 904 4456 Amachostanus
921 4393 1097 4471 episcopus
1151 4389 1199 4450 ris
1213 4388 1249 4448 in
1263 4387 1440 4458 mandatis,
1461 4387 1497 4450 ut
1521 4402 1579 4450 ecs
1598 4387 1723 4450 morari
1741 4388 1783 4449 de
1808 4387 1939 4460 caetero,

305 4495 418 4558 intuis
433 4491 574 4569 negotiis
589 4490 832 4569 promovendis,
849 4505 916 4552 non
930 4492 1020 4553 esset
1036 4506 1098 4552 ne-
1150 4486 1242 4548 relut
1255 4485 1413 4562 praesules
1424 4484 1459 4546 in
1475 4483 1572 4547 dictis
1586 4483 1784 4546 dioeceeibus
1797 4484 1943 4546 nullate-

305 4591 488 4653 caesarium
503 4587 746 4660 commendare,
771 4588 860 4673 quia,
884 4587 969 4649 sicui
984 4587 1096 4648 credi·
1151 4599 1213 4644 nus
1233 4583 1415 4660 patiantur,
1437 4581 1675 4654 sacerdotibus,
1692 4582 1725 4643 at
1746 4581 1942 4644 diaconibus

305 4703 390 4760 mus,
426 4685 597 4763 expertam
628 4683 730 4744 habes
769 4683 1097 4760 circumspectionem
1151 4681 1275 4742 Grecis
1290 4679 1439 4756 praedicti
1456 4679 1550 4755 regni
1566 4678 1783 4741 nihilominus
1803 4678 1943 4742 tirmiter

305 4786 422 4864 ipsius,
435 4781 641 4846 commodum
652 4783 685 4842 at
693 4779 851 4842 honorem
864 4780 957 4842 tuum
966 4780 1095 4855 devote,
1150 4775 1372 4854 injungentes,
1399 4775 1437 4837 ut
1459 4773 1606 4851 prelatis
1628 4776 1889 4854 archiepiscopo,
1909 4775 1943 4837 ei

306 4899 346 4946 ac
369 4881 512 4944 fideliter
533 4877 753 4956 procurantis,
770 4879 807 4938 ut
831 4877 942 4938 teman
965 4877 1096 4955 planius
1151 4875 1314 4952 episcopis
1324 4873 1529 4946 Leucorum,
1546 4888 1606 4950 pro
1622 4875 1659 4936 ut
1670 4874 1758 4945 sunt,
1773 4874 1806 4936 et
1817 4872 1943 4935 luerint

305 4980 346 5043 da
361 4995 422 5042 sue
430 4975 650 5056 prouidentia,
664 4975 697 5036 ot
704 4974 895 5038 sinceritate
901 4989 1094 5053 presumas,
1150 4972 1185 5032 in
1200 4986 1314 5033 acrum
1329 4967 1527 5030 dioecesibus
1537 4969 1724 5048 constituti,
1746 4970 1942 5032 canonicam

306 5091 382 5138 aum
401 5075 463 5138 tibi
489 5087 589 5151 super
613 5071 676 5136 hoc
696 5071 866 5133 reddimus
885 5073 1098 5134 commenda·
1150 5067 1370 5131 obedientiam
1386 5066 1486 5144 juxta
1523 5067 1797 5144 compositionem
1817 5065 1943 5130 faciant

305 5177 385 5235 tum.
412 5171 496 5244 Quia
517 5181 597 5232 vero
619 5169 857 5246 compositione
881 5183 988 5246 nuper
1011 5183 1032 5230 a
1064 5171 1097 5230 te
1150 5165 1392 5242 supradictam
1420 5178 1458 5224 se
1481 5164 1641 5241 anquam
1664 5163 1861 5226 obedientia
1880 5163 1942 5224 illli

306 5287 381 5332 cum
391 5269 486 5344 regni
500 5268 551 5330 tei
560 5265 708 5344 prelatis
719 5265 920 5340 iuita,ncbis
931 5281 991 5343 per
1003 5280 1098 5327 eum-
1151 5261 1394 5326 conformantes
1414 5263 1635 5324 sacrosanctae
1650 5263 1811 5326 Romana
1827 5259 1944 5322 Eccle-

306 5368 379 5429 dem
394 5367 584 5443 episcopum
595 5365 805 5442 presentata,
820 5366 854 5425 et
866 5364 971 5440 ipsius
981 5363 1097 5425 tauers
1151 5361 1210 5422 siae
1224 5359 1322 5421 matri
1337 5358 1463 5431 suaset
1476 5357 1520 5420 sit
1532 5357 1573 5420 da
1587 5357 1708 5420 cetero
1721 5371 1824 5418 unum
1841 5357 1940 5428 ovile,

305 5463 483 5540 diligenter
494 5462 644 5539 iuspecto
665 5461 911 5539 perpendimus,
924 5459 1011 5538 quod
1030 5475 1097 5522 non
1151 5473 1191 5521 ac
1205 5457 1305 5520 etiam
1320 5471 1407 5516 unus
1422 5455 1546 5531 pastor.
1562 5454 1610 5517 lid
1621 5455 1708 5534 quod
1720 5453 1877 5533 tanquam
1889 5453 1944 5516 de·

306 5561 412 5624 solum
423 5560 572 5623 ecclesiis
583 5557 691 5622 dehita
703 5561 782 5637 jura
792 5558 1006 5632 decimarum,
1023 5573 1097 5637 quae
1150 5557 1261 5622 uotam
1275 5553 1426 5620 ecclesiae
1451 5551 1566 5624 liliam,
1581 5554 1740 5630 cpem,.et
1754 5565 1888 5630 operam
1909 5553 1943 5612 tc
