4262 6382
725 361 954 422 EPISTOLAE.
967 361 1056 420 bin
1078 359 1165 418 VIII.

427 529 609 618 cdxlix

247 683 299 741 Ao
317 680 504 755 capitutum
522 679 784 740 Anconitanum.

427 811 441 866 1
454 809 516 883 julii
530 809 607 867 itii.

279 932 412 997 [Sarecini,
435 931 529 984 11311113
545 931 758 996 1133333191]

118 1050 155 1106 Ei
177 1048 384 1107 duodenarium
414 1050 617 1107 canonicorum
643 1061 804 1115 numerum,
827 1060 912 1118 3333

155 1138 352 1196 anconitanus
363 1137 552 1210 episcopusin
567 1151 665 1194 eorum
674 1135 795 1193 ecclesia
804 1134 910 1202 statuit,

154 1225 315 1284 confirmat.

158 1351 326 1412 Honorius
337 1351 524 1428 episcopus,
534 1349 910 1416 servasservorumbei,

114 1448 247 1510 11133118
263 1447 342 1509 filiis
366 1447 510 1524 capitulo
535 1446 754 1518 Anconitano,
771 1447 911 1507 salutem

114 1545 152 1608 31
160 1545 384 1622 Apostolicam
399 1542 674 1604 benedictionem.

158 1641 381 1704 Ecclesiarum
391 1639 537 1708 utilitati,
549 1637 784 1716 tranquillitati
796 1653 913 1699 consu·

115 1739 212 1811 litur,
241 1754 314 1799 cum
343 1751 501 1798 numerus
528 1751 743 1814 personarum
772 1736 911 1797 Domino

115 1833 353 1896 famulantium
369 1849 443 1895 cum
458 1833 581 1896 eisdem
603 1832 814 1894 facultatibus
829 1847 910 1908 pro·

114 1928 913 2007 3113333313133,(1333333313333311118133133

115 2027 913 2103 33813313333113338331833338333138133838-

114 2127 180 2186 trae
217 2123 429 2186 facultatibus
471 2123 607 2201 provida
645 2123 911 2184 consideratione

114 2221 279 2298 pensatis,
309 2221 548 2282 duodenarium
579 2221 813 2282 canonicorum
844 2235 910 2280 33-

113 2333 246 2380 merum
259 2319 413 2381 statuerit
426 2319 461 2379 13
472 2317 587 2380 eadem
600 2317 754 2390 ecclesia,
766 2331 827 2378 338
836 2331 913 2392 pre-

115 2415 215 2476 cibus
229 2415 349 2477 vestris
362 2414 543 2490 benignum
558 2415 784 2492 impendentes
794 2428 912 2474 assen-

113 2528 204 2584 sum,
219 2513 388 2583 statutum,
404 2511 489 2589 3331
505 2527 606 2588 83333
620 2511 682 2572 133
705 2510 793 2572 1133
818 2510 910 2587 epis-

113 2624 221 2685 copus
234 2608 322 2682 13311,
338 2609 476 2685 provide
486 2608 607 2670 iactum
619 2623 703 2682 esse,
713 2607 911 2669 auctoritate

111 2706 307 2782 Apostolica
321 2706 566 2778 confirmamus,
580 2709 612 2768 et
623 2705 794 2782 3333833118
804 2705 911 2781 83313-

109 2804 140 2866 11
165 2803 349 2879 3313331313
376 2803 627 2870 communimus,
657 2802 851 2872 statuentes,
875 2803 912 2861 ut

111 2899 211 2961 salvo
225 2900 422 2976 Apostolicae
442 2899 538 2960 Sedis
557 2899 723 2967 mandato,
741 2897 852 2958 nullus
868 2896 909 2957 ad

109 2997 280 3058 minorem
305 3011 479 3056 numerum
495 2995 694 3070 compellere
718 3009 778 3055 vos
807 2994 911 3072 possit

108 3093 252 3166 invitos,
276 3092 341 3153 nisi
355 3093 391 3153 ut
406 3093 636 3153 excrescerent
645 3091 750 3167 138138
761 3090 909 3151 ecclesiae

107 3191 303 3261 1333113138,
316 3189 402 3266 3331
416 3189 450 3249 13
466 3203 505 3250 33
518 3203 736 3263 3338333333
752 3202 909 3247 3333338

106 3287 288 3352 videretur
318 3286 436 3347 merito
462 3284 682 3361 ampliandus.
712 3285 804 3345 Nulli
831 3299 909 3361 ergo

107 3387 205 3447 banc
235 3383 390 3460 paginam
425 3382 548 3444 3381333
581 3381 842 3443 confirmationis
877 3382 910 3443 et

111 3479 363 3544 constitutionis
378 3478 571 3554 intringere,
588 3479 643 3541 vel
654 3479 685 3539 ei
700 3493 785 3538 ausu
805 3478 910 3540 1333-

110 3580 207 3640 rario
223 3578 400 3639 contraire.
418 3577 453 3636 Si
464 3577 538 3652 quis
549 3579 659 3636 autem
670 3575 733 3636 133
745 3576 908 3638 attentare

111 3673 374 3753 praesumpserit,
391 3673 652 3749 indignationem
674 3673 908 3748 omnipotentis

111 3772 175 3835 Dei
189 3770 223 3833 et
235 3771 407 3833 beatorum
422 3771 514 3832 Petri
528 3771 561 3832 et
572 3770 669 3831 Pauli
684 3771 909 3846 apestolorum

112 3873 188 3947 ejus
209 3883 244 3932 83
261 3869 391 3930 noverit
415 3869 637 3929 incursurum.
667 3869 786 3929 Datum
810 3869 909 3930 Late-

112 3965 906 4043 rani,kalendisjulii,pontificatusaunooctavo.

466 4251 558 4338 dci.

112 4405 165 4466 Ad
179 4402 363 4488 universos
377 4403 513 4464 odontes
527 4402 561 4463 ct
577 4401 763 4464 concentus
775 4403 908 4463 ordinis

387 4499 635 4561 cistarciensis.

423 4628 598 4703 1333331.

144 4751 250 4819 [1133131
259 4752 356 4803 Cartul.
367 4752 397 4804 de
405 4751 480 4803 l’abb.
492 4753 535 4803 138
545 4754 618 4805 Vaut
630 4753 660 4804 13
669 4753 778 4818 Gemey,
792 4753 811 4813 1,
820 4753 875 4812 sti,

459 4846 485 4880 n.
496 4832 563 4896 iio]

115 4950 256 5007 Honorius
275 4963 347 5021 papa
374 4947 561 5004 conventibus
579 4949 776 5006 cisterciensis
800 4948 908 5005 ordinis

149 5038 287 5110 indulget,
299 5051 335 5094 33
349 5036 520 5108 1338131133
535 5035 614 5093 Sedis
629 5038 715 5110 legati
728 5038 907 5110 pecuniarias

150 5128 363 5198 procurationes
378 5124 413 5182 ab
428 5125 483 5181 illis
492 5125 621 5196 exigant.

153 5261 822 5336 Honoriusepiscopus‚servasservorum
834 5261 904 5332 liei,

116 5357 242 5418 dilectis
254 5358 332 5418 tiliis
348 5358 513 5418 universis
526 5356 699 5418 abbatibus
713 5359 745 5418 et
760 5375 908 5419 conven-

116 5453 201 5514 tibus
213 5455 339 5514 ordinis
351 5455 594 5528 0181333133818,
612 5456 752 5516 8313133
766 5457 908 5532 etApos-

116 5550 247 5612 tolicam
259 5550 533 5613 benedictionem.

156 5647 233 5706 Cum
264 5650 385 5725 praeter
407 5663 586 5726 pauperem
615 5649 738 5712 vinium
760 5649 906 5711 vestrum

1703 354 1764 414 682

968 516 1080 580 33313
1095 515 1182 578 1333
1201 511 1682 591 33813313831131113113131118
1697 511 1762 588 3118

968 611 1124 689 33331138
1143 611 1388 673 3113138188133
1403 610 1470 672 8131
1495 610 1657 686 exposita,
1678 607 1760 670 83118

968 709 1149 770 13133333
1164 709 1240 770 31118
1256 707 1381 770 aulerri
1393 706 1524 768 videtur
1536 707 1650 782 egenis
1664 704 1761 783 3313-

968 806 1045 883 quid
1062 804 1573 880 3331183131331131311333313
1589 805 1761 880 extorque-

967 907 1032 964 tur.
1049 904 1119 964 Nec
1132 903 1210 988 3313
1225 902 1383 963 Dominus
1395 917 1553 962 manuum
1572 900 1758 961 vestrarum

968 999 1123 1076 operibns
1147 997 1358 1070 1333113338,
1382 997 1540 1058 viaticum
1566 995 1761 1072 peregriua-

966 1096 1067 1157 tionis
1086 1095 1207 1156 vestrae
1229 1096 1351 1171 333313
1373 1095 1479 1170 magis
1504 1092 1584 1154 illud
1613 1076 1761 1154 13313333

967 1192 1106 1254 33311313
1115 1192 1149 1252 13
1163 1208 1243 1252 3838
1255 1207 1436 1268 pauperum
1446 1189 1655 1262 distribuitis,
1668 1189 1761 1250 13313

966 1289 1072 1365 magis
1094 1289 1240 1350 coelestis
1264 1289 1434 1350 alluvione
1454 1281 1767 1364 33111311331,38118Ι

967 1385 1141 1447 1313313318
1171 1385 1369 1446 conditionis
1394 1383 1538 1448 habendi
1566 1383 1623 1444 sed
1650 1383 1760 1459 potius

965 1483 1126 1554 melioris,
1135 1498 1209 1542 cum
1223 1481 1364 1542 nonnisi
1378 1479 1761 1557 138183333118313138118

966 1579 1082 1654 gratiae
1097 1579 1205 1640 oleum
1217 1578 1411 1639 infundatur
1423 1577 1509 1654 quod
1524 1577 1679 1654 pauperis
1689 1591 1761 1636 mu·

966 1675 1059 1736 lieris
1085 1675 1314 1736 deficientibus
1328 1675 1417 1736 vasis
1432 1675 1539 1750 stetit;
1554 1675 1633 1736 licet
1644 1673 1757 1750 igitur,

966 1772 1128 1848 largteute
1150 1773 1300 1844 Domine,
1324 1770 1526 1833 monasteria
1548 1771 1658 1832 vestra
1684 1769 1759 1848 plus

967 1867 1064 1930 831113
1081 1868 1313 1944 temporalium
1335 1867 1477 1929 floreant
1501 1866 1759 1942 313313133313

966 1965 1076 2030 13333
1089 1963 1209 2026 exinde
1229 1964 1429 2042 pauperibus
1446 1964 1581 2025 uberius
1597 1962 1758 2025 subveni-

965 2063 1030 2132 tur,
1048 2061 1270 2124 nosvolentes
1286 2077 1399 2122 eoves
1423 2061 1463 2122 de
1487 2059 1624 2138 speciali
1651 2060 1758 2136 gratia

966 2158 1182 2220 favorabilius
1198 2157 1384 2230 contovere,
1398 2174 1462 2235 quo
1477 2158 1596 2220 exinde
1612 2156 1662 2217 illi
1676 2172 1757 2236 pro-

966 2255 1100 2332 pensius
1116 2255 1323 2332 complacere
1334 2271 1394 2316 338
1406 2253 1583 2328 credimus,
1601 2251 1758 2333 3313331

967 2353 1025 2413 331
1036 2369 1079 2414 ex
1093 2353 1240 2413 minimis
1256 2353 1326 2414 suis
1341 2353 1378 2414 nt
1392 2352 1455 2413 sibi
1471 2353 1602 2428 reputat
1613 2350 1761 2412 3883133-

965 2449 1046 2523 133,
1063 2449 1249 2511 devotionis
1269 2452 1388 2511 vestrae
1419 2448 1573 2526 precibus
1594 2448 1757 2522 inclinati,

966 2547 1163 2608 auctoritate
1180 2546 1273 2609 vobis
1299 2547 1514 2623 praesentium
1536 2545 1757 2622 indulgemus,

967 2660 1008 2706 33
1035 2643 1234 2720 1338131133
1263 2643 1357 2704 Sedis
1388 2643 1490 2719 legati
1506 2643 1757 2719 procurationes

965 2741 1176 2818 pecuniarias
1205 2757 1225 2800 3
1248 2741 1460 2801 monasteriis
1480 2740 1600 2802 vestris
1624 2739 1758 2816 exigere

965 2838 1017 2898 vel
1031 2838 1228 2914 extorquere
1243 2836 1457 2912 3333833331,
1475 2836 1531 2896 831
1552 2851 1626 2896 333
1642 2835 1683 2896 31
1699 2835 1759 2896 13-

965 2949 1036 2994 338
1052 2935 1180 2995 vestras
1201 2933 1403 2995 accesserint
1424 2933 1496 2993 sine
1515 2932 1665 2994 carnium
1685 2947 1757 3007 esu,
1805 2953 1812 2971 ν

965 3031 1047 3092 31118
1073 3029 1283 3106 regularibus
1301 3030 1368 3091 8131
1391 3030 1549 3091 33313311.
1568 3030 1661 3090 Nulli
1675 3045 1755 3106 ergo

965 3127 1100 3189 omnino
1113 3127 1283 3188 hominum
1298 3127 1398 3188 113331
1412 3127 1498 3188 1333
1511 3127 1677 3203 paginam,
1693 3128 1758 3188 etc.

964 3225 1082 3291 Datum
1097 3225 1264 3294 Laterani,
1276 3227 1320 3284 ill
1331 3225 1536 3302 nonasjiilii,
1546 3223 1758 3304 pontificatus

965 3321 1168 3384 3381313333
1183 3323 1322 3388 octavo..

992 3731 1044 3790 Aa
1054 3729 1210 3792 31131331
1220 3731 1483 3792 cisterciensem
1499 3730 1535 3792 ct
1543 3733 1730 3792 uniuersos

1264 3827 1450 3888 coabbates.

1263 3954 1358 4029 3333
1373 3956 1452 4014 tart.

987 4077 1198 4143 [11331311133131
1214 4077 1329 4128 131311.
1344 4077 1472 4208 ξῑὲνωι
1484 4079 1731 4145 1311333331138,

1308 4172 1333 4209 ¹¹·
1393 4159 1411 4223 Ι]

963 4267 1009 4324 be
1018 4264 1138 4324 1331318
1146 4281 1232 4338 super
1240 4265 1389 4323 novalibus
1397 4273 1461 4338 post
1470 4265 1625 4324 Concilium
1638 4268 1753 4325 Latera·

980 4369 1070 4411 nense
1085 4353 1444 4412 airatribuscisterciensis
1459 4353 1567 4412 ordinis
1580 4356 1736 4428 3333181113.

1002 4490 1169 4552 Honorius
1179 4487 1364 4566 episcopus,
1375 4506 1492 4552 servus
1501 4505 1673 4552 servorum
1684 4493 1755 4564 Dei,

962 4587 1091 4648 dilectis
1106 4587 1185 4647 liliis
1198 4585 1308 4648 abbati
1325 4588 1537 4649 Cisterciensi
1547 4588 1580 4650 et
1590 4588 1756 4649 universis

963 4683 1176 4745 coabbatibus
1190 4687 1261 4761 ejus
1277 4685 1310 4746 et
1324 4684 1483 4746 fratribus
1499 4682 1559 4744 sub
1575 4685 1689 4746 eodem
1705 4700 1760 4745 or·

962 4777 1040 4838 dine
1055 4781 1122 4839 Deo
1144 4778 1376 4849 servientibus,
1394 4778 1534 4840 8313133
1554 4780 1588 4839 31
1610 4779 1756 4854 Aposto-

961 4874 1059 4936 licam
1073 4875 1350 4936 benedictionem.

1002 4973 1169 5048 Contingit
1188 4973 1354 5036 interdum
1379 4971 1464 5047 3331
1493 4971 1658 5044 33333111,
1673 4985 1756 5047 pro-

962 5069 1044 5146 priis
1063 5069 1583 5138 133331331383113311138,133
1604 5069 1754 5129 8333113-

963 5182 1040 5224 333
1057 5183 1190 5226 833833
1211 5167 1393 5241 1331111333
1408 5165 1615 5226 3111313333
1633 5166 1761 5228 131331·

963 5264 1220 5334 3333333133,
1232 5263 1493 5340 superinducunt
1508 5263 1757 5325 31311333313·

962 5359 1360 5435 tellectumintemporali
1375 5361 1581 5435 compendio,
1596 5365 1756 5421 aeternum

963 5457 1170 5532 dispendium
1184 5459 1425 5518 pertimentes.
1444 5461 1529 5518 Saue
1556 5461 1644 5534 3313,
1672 5460 1758 5520 81331

962 5555 1161 5628 audivimus
1183 5555 1328 5633 quidam,
1353 5555 1452 5615 31318
1468 5571 1528 5616 833
1554 5556 1758 5618 inhaerentes

962 5651 1109 5728 ingenio,
1126 5651 1330 5728 nimiumque
1344 5651 1524 5714 voluntarii
1539 5652 1679 5714 Concilii
1693 5669 1769 5730 gea
