4258 6394
271 247 331 310 375

274 405 403 485 cepisti,
422 419 489 467 non
503 405 537 468 te
551 403 673 483 pudeat
687 403 819 479 culpam
834 402 927 464 tuam
941 415 1065 477 agnos-

273 521 349 568 cere
364 520 403 566 ac
415 519 489 566 eam
502 501 706 574 reverenter,
725 501 761 562 ut
777 498 945 570 condecet,
962 513 1066 559 excu-

271 619 358 676 sare,
389 602 499 666 certus
527 599 613 678 quod
636 613 695 659 nos
720 597 753 659 et

273 700 405 761 sincera
418 699 453 760 in
468 697 607 760 Domino
622 696 761 758 caritate
776 694 944 770 diligimus
958 694 990 755 et
1006 707 1066 769 ge·

272 796 377 859 rimus
402 797 437 857 in
462 795 556 857 firmo
589 793 779 871 proposito,
808 792 966 869 quantum
990 805 1065 852 cum

272 897 340 957 Deo
355 895 388 956 et
402 892 576 954 honestate
590 905 776 968 possumus,
793 904 833 950 ea
848 903 979 966 semper
993 887 1067 948 etli-

273 1005 360 1064 cere,
386 1006 459 1069 quae
487 991 554 1050 tuae
578 988 710 1066 placere
731 985 873 1049 debeant
890 985 1064 1058 voluntati,

273 1104 313 1152 ac
334 1088 467 1150 intorte
480 1087 514 1150 et
528 1085 752 1162 Apostolieam
772 1083 891 1145 Sedem
905 1097 1019 1160 pacem
1034 1082 1067 1143 et

273 1185 446 1250 caritatem
461 1184 652 1262 perpetuam
668 1196 878 1245 conservare.
893 1183 1001 1258 Super
1012 1179 1066 1240 bis

272 1283 383 1346 autern
403 1280 559 1344 dilectum
583 1279 687 1341 tilium
710 1281 749 1342 A.
776 1278 1015 1340 subdiaconum
1034 1276 1067 1338 et

273 1380 483 1457 capellanum
495 1378 658 1450 nostrum,
673 1377 784 1440 virum
798 1376 876 1438 fidei
894 1377 928 1438 et
948 1372 1065 1452 probi-

272 1476 351 1540 tatis
368 1475 553 1553 expertum,
575 1475 617 1536 ad
636 1475 728 1537 tuam
749 1473 904 1535 duximus
919 1487 1067 1550 praesen-

271 1573 352 1636 tiam
374 1573 617 1644 destinandum,
640 1573 796 1648 rogantes
820 1571 857 1632 ut
873 1586 949 1632 eum
972 1569 1066 1633 vultu

272 1685 391 1734 sereno
406 1671 568 1749 respicias
587 1669 621 1732 et
633 1669 676 1730 ad
691 1685 753 1732 nos
777 1668 990 1731 laudabiliter
1005 1683 1067 1728 ex-

272 1768 419 1846 peditum
442 1769 515 1830 sine
543 1768 644 1842 longa
667 1767 827 1830 dilatione
845 1764 1063 1844 transmittas.

271 1867 391 1929 Datum
420 1866 555 1943 Signiae,
580 1868 609 1927 V
631 1864 793 1925 kalendas
812 1863 902 1941 Julii,
928 1862 1064 1941 pontiti-

272 1964 367 2027 catus
380 1963 487 2026 nostri
502 1977 592 2024 anno
607 1961 759 2040 septimo.

839 211 843 218 ’
888 241 1065 304 sonoau
1086 240 1131 301 ιιι
1153 239 1302 301 cenna.

1855 238 1915 299 sac

1375 433 1378 440 ’
1458 408 1577 497 CLIV

773 597 893 659 fragres
911 595 1017 657 nostri
1032 597 1064 656 pe
1118 573 1170 632 Ad
1188 570 1360 632 rectorem
1376 568 1410 630 ct
1427 549 1560 644 fratres
1575 567 1765 643 Hospitalis
1778 569 1814 630 S.
1831 569 1913 642 Spl-

1371 666 1464 728 rttus
1478 671 1516 728 ta
1534 669 1656 729 Samio.

1415 807 1513 880 djulii
1536 807 1617 866 ltro.

1239 941 1478 1006 muneramus..
1492 939 1532 991 ed.
1548 939 1654 999 Taurin,
1668 938 1711 1000 111,
1724 937 1792 1002 387]

1121 1077 1277 1135 Stationem
1301 1077 1459 1134 institutam
1493 1075 1529 1133 ab
1560 1075 1727 1134 Innocentio
1748 1073 1823 1147 apud
1846 1073 1916 1132 illud

1155 1164 1295 1236 hospitale
1308 1165 1460 1237 quotannis
1474 1163 1686 1234 celebrandam,
1697 1163 1920 1236 solemnemque¹

1155 1253 1392 1327 supplicationem
1407 1252 1515 1327 effigiei
1529 1253 1684 1313 salvatoris
1704 1251 1847 1310 delatione
1861 1251 1912 1309 lra-

1155 1340 1279 1400 bendam
1293 1341 1452 1404 confirmat.

1160 1478 1329 1540 Honorius
1337 1476 1523 1555 episcopus,
1535 1491 1652 1540 servus
1663 1491 1834 1540 servomm
1842 1475 1913 1548 Del,

1120 1575 1250 1640 dilectis
1265 1575 1343 1636 liliis
1358 1575 1492 1648 rectori,
1511 1575 1545 1637 et
1558 1574 1717 1636 tratribus
1732 1573 1915 1650 Hospitalis

1121 1673 1234 1736 Sancti
1250 1673 1393 1749 Spiritus
1405 1673 1440 1734 in
1454 1672 1715 1746 Saxia,salutem
1725 1672 1759 1734 et
1772 1671 1915 1747 Aposto-

1120 1772 1218 1833 licam
1229 1770 1504 1834 benedictionem.

1158 1867 1209 1930 Ad
1234 1865 1540 1930 commemorandas
1571 1867 1704 1944 nuptias
1735 1865 1911 1938 salutares,

1120 1981 1194 2042 quae
1224 1965 1260 2026 in
1285 1965 1504 2026 conversione
1529 1963 1714 2041 peccatoris
1741 1963 1914 2024 moraliter

1121 2061 1331 2124 celebrantur
1344 2063 1432 2124 inter
1444 2061 1597 2141 spiritum
1611 2060 1768 2133 hominis,
1782 2061 1816 2122 et
1829 2076 1912 2136 gra-

1120 2161 1201 2223 tiam
1222 2159 1420 2233 Conditoris,
1437 2176 1480 2222 ex
1500 2159 1619 2238 quibus
1638 2159 1778 2220 affectus
1802 2159 1835 2220 et
1855 2174 1914 2220 ao-

1041 2281 1045 2288 ·
1119 2259 1227 2321 tiones
1248 2259 1406 2336 tanquam
1429 2257 1491 2318 tilii
1518 2273 1559 2319 ac
1587 2257 1665 2318 filiae
1691 2258 1910 2334 generantum

608 2383 731 2496 ιιιιι

324 2557 376 2617 Ad
396 2555 593 2632 angelicam
611 2553 845 2628 meretricem
867 2551 1016 2613 ecclosias

457 2655 492 2715 δ.
515 2654 642 2715 Marica
655 2655 696 2714 de
709 2653 873 2714 Sacrata.

563 2800 771 2875 arjunrrsas.

369 2944 486 3010 [tripalli.
503 2943 570 2996 narr.
585 2943 640 2995 aa.
657 2942 776 3005 rreum,
792 2941 812 3003 1,
826 2942 866 3002 ss,
881 2956 909 2995 n.
920 2941 973 3007 aa]

273 3086 380 3145 Eximit
394 3100 409 3144 a
420 3084 618 3160 jurisdictione
637 3085 764 3158 episcopi
784 3090 813 3142 et
825 3084 955 3142 ecclesie
969 3085 1063 3142 Bonc-

308 3174 591 3324 gfflssaeoelffliam
616 3173 729 3232 Sanctae
744 3173 842 3232 blariae
862 3172 899 3230 de
919 3174 1015 3232 Monte
1029 3171 1066 3230 dc

310 3407 479 3470 Honorius
489 3405 675 3484 episcopus,
685 3421 801 3469 servus
810 3421 982 3469 servornm
991 3405 1062 3480 Dei,

272 3505 439 3581 angelicae
455 3503 634 3567 fundatrici
645 3504 795 3566 ecclesiae
807 3504 937 3566 Sanctae
948 3503 1065 3566 Mariae

273 3601 314 3664 de
328 3603 439 3664 Monte
454 3603 494 3664 de
513 3602 669 3676 Guardia,
687 3603 828 3664 salutern
847 3602 880 3666 et
897 3601 1066 3680 Apostoli-

272 3700 633 3764 cambenedictionem.

313 3801 419 3870 Quum
438 3799 511 3875 pias
533 3797 772 3876 postulantium
787 3798 975 3862 voluntates
992 3798 1065 3860 sine

272 3895 410 3958 laesione
426 3896 568 3974 justitiae
598 3896 717 3958 alienae
744 3896 866 3959 ducere
887 3911 1064 3974 possumus

272 3994 315 4056 ad
336 3994 501 4065 effectum,
530 3995 660 4070 gratum
685 3993 870 4070 petentibus
892 4010 1064 4056 assensum

272 4091 494 4169 impendimus
509 4093 542 4153 et
556 4091 716 4153 favorem.
735 4091 927 4168 Eapropter,
944 4091 1065 4154 dilecta

273 4188 308 4250 in
337 4188 468 4250 Cbristc
500 4188 581 4256 fllia,
607 4187 714 4249 felicis
742 4188 982 4250 recordationis
1009 4192 1065 4251 In-

272 4285 419 4348 nocentii
439 4301 533 4362 papae
554 4285 809 4362 praedecessoris
828 4287 933 4348 nostri
956 4286 1062 4348 uesti-

273 4381 339 4459 giis
361 4381 578 4454 inhaerentes,
595 4382 772 4444 ecclesiam
796 4383 926 4445 Sanctae
947 4383 1064 4446 Mariae

270 4479 312 4542 de
330 4477 441 4542 Monte
454 4478 493 4539 de
507 4478 652 4541 Guardia
661 4480 718 4541 tuo
729 4478 837 4543 studio
853 4480 1061 4554 fabricatam,

272 4591 293 4638 a
311 4575 546 4654 jurisdictione
563 4576 709 4653 episcopi
733 4577 767 4638 et
785 4578 935 4640 ecclesiae
954 4580 1065 4642 Bono·

271 4673 398 4734 niensis
410 4673 598 4744 eximimus,
616 4673 649 4735 et
669 4672 710 4734 ad
730 4675 901 4752 exemplar
915 4675 1065 4754 ejusdem

273 4771 472 4844 innocentii,
505 4771 538 4832 et
571 4769 667 4832 bonae
699 4772 868 4835 memoriae
896 4773 1065 4835 coelestini

272 4884 366 4946 papae
379 4868 635 4948 praedecessoris
651 4869 756 4930 nostri
773 4871 971 4947 apostolicae
987 4885 1066 4946 pro-

271 4967 425 5028 tectionis
449 4964 606 5043 praesidio
626 4967 877 5028 communimus.
890 4966 982 5029 Nulli
1005 4983 1063 5028 er-

271 5079 324 5140 ge,
341 5063 403 5125 etc.
422 5063 457 5124 Si
472 5063 546 5140 quis
561 5063 683 5136 autem,
705 5065 767 5124 etc.
788 5065 906 5126 Datum
927 5065 1062 5140 Signiae,

270 5160 425 5222 kalendis
433 5161 524 5238 julii,
536 5161 746 5238 pontificatus
761 5161 867 5224 nostri
882 5176 970 5224 anno
988 5177 1065 5239 sep-

270 5257 362 5320 tirno.

1120 2356 1285 2417 dominica
1304 2356 1411 2432 prima
1435 2355 1509 2432 post
1533 2356 1683 2416 octavam
1705 2354 1910 2432 Epiphaniae,

1121 2453 1251 2531 quando
1263 2453 1342 2514 illud
1354 2453 1477 2529 legitur
1486 2452 1707 2529 evangelium,
1718 2452 1805 2530 quod
1814 2454 1912 2515 Jesus

1120 2566 1195 2612 curn
1218 2550 1390 2627 discipulis
1419 2551 1488 2611 suis
1512 2550 1547 2610 in
1572 2553 1662 2611 Cana
1685 2551 1832 2623 Galileae,
1855 2549 1911 2610 ubi

1120 2649 1226 2710 mater
1253 2649 1357 2725 ipsius
1385 2648 1472 2721 erat,
1506 2648 1667 2710 invitatus
1701 2647 1744 2708 ad
1778 2647 1912 2724 nuptias

1120 2759 1240 2822 aquam
1255 2744 1420 2806 convertit
1433 2745 1469 2805 in
1482 2744 1608 2817 vinum,
1628 2744 1809 2806 solemnem
1824 2743 1912 2821 apud

1119 2841 1284 2920 hospitale
1308 2844 1455 2904 vescum
1489 2841 1695 2904 instituimus
1723 2841 1909 2914 stationem,

1119 2941 1155 3001 in
1169 2955 1233 3017 quo
1248 2955 1307 3002 ros
1323 2955 1366 3001 en
1379 2939 1587 3002 institutione
1601 2940 1715 3002 nostra
1725 2941 1838 3002 divino
1852 2955 1911 3001 es-

1119 3039 1163 3100 tis
1178 3038 1337 3115 obsequio
1350 3037 1541 3116 mancipati,
1564 3054 1604 3100 ea
1625 3038 1832 3115 potissimum
1856 3051 1913 3100 ra-

1120 3137 1221 3208 tione,
1251 3136 1336 3213 quod
1367 3135 1497 3198 inillis
1535 3137 1660 3214 nuptiis
1687 3152 1757 3198 sex
1783 3136 1911 3214 nydriae

1120 3234 1300 3295 secundum
1314 3233 1580 3311 purificationem
1596 3234 1615 3295 J
1618 3233 1788 3296 udaeorum
1808 3233 1912 3295 fuisse

1120 3333 1311 3393 narrantur.
1325 3332 1366 3393 nt
1380 3330 1512 3408 quidem
1528 3332 1564 3391 in
1578 3330 1643 3391 hoc
1662 3331 1820 3407 hospitali
1835 3333 1912 3392 tan-

1120 3445 1219 3506 quam
1247 3429 1283 3490 in
1308 3430 1396 3490 Cana
1412 3427 1560 3498 Galileae,
1584 3427 1659 3487 loco
1681 3427 1838 3488 videlicet
1852 3425 1908 3486 ubi

1119 3526 1210 3588 zelus
1221 3527 1271 3588 est
1282 3522 1543 3600 transmigrandi
1553 3522 1692 3584 devitiis
1703 3523 1744 3584 ad
1756 3523 1907 3596 virtutes,

1119 3624 1235 3700 positas
1266 3622 1342 3684 sunt
1363 3637 1422 3682 sex
1445 3619 1584 3696 hydriae,
1605 3618 1638 3680 id
1653 3619 1714 3692 est,
1729 3636 1790 3682 sex
1808 3633 1909 3698 opera

1119 3719 1357 3783 misericordiae
1385 3716 1549 3789 instituta,
1566 3733 1639 3794 quae
1667 3718 1745 3780 sunt
1772 3733 1910 3796 pascere

1120 3817 1331 3886 esurientem,
1346 3816 1461 3892 potare
1475 3814 1655 3888 sitientem,
1665 3815 1823 3892 colligere
1835 3817 1911 3879 bos·

1120 3915 1230 3992 pitem,
1246 3913 1369 3974 vestire
1382 3911 1519 3985 nudum,
1530 3913 1668 3975 uisitare
1679 3913 1860 3986 infirmum,
1877 3913 1911 3977 et

1119 4010 1363 4073 incarceratum
1377 4008 1481 4070 adire.
1496 4009 1546 4072 Ad
1561 4010 1825 4088 purificationem
1840 4011 1910 4073 uti·

1119 4125 1182 4187 que
1202 4108 1404 4181 Judaeorum,
1420 4107 1457 4170 ut
1476 4123 1536 4184 per
1558 4105 1617 4168 illa
1630 4108 1786 4171 uidelicet
1800 4108 1908 4170 confl-

1119 4207 1226 4269 tentes
1260 4221 1280 4267 a
1308 4205 1400 4267 vitiis
1426 4205 1613 4282 expientur.
1641 4207 1717 4268 Istae
1744 4221 1824 4268 vero
1850 4221 1911 4269 sex

1118 4302 1910 4382 hydriacusqueadsummumimplentur,qnando

1118 4402 1177 4463 illa
1200 4416 1261 4464 sex
1286 4415 1388 4478 opera
1411 4397 1649 4460 misericordiae
1671 4399 1711 4461 ad
1727 4399 1909 4476 perrectum

1119 4515 1224 4577 usque
1239 4499 1409 4576 geruntur,
1429 4497 1462 4558 et
1476 4512 1519 4557 ex
1533 4510 1619 4572 aqua
1633 4495 1670 4557 nt
1681 4496 1795 4558 vinum
1810 4512 1910 4575 quum

1120 4614 1162 4660 ex
1181 4597 1299 4658 meritc
1312 4595 1531 4670 eleemosynae
1544 4593 1600 4669 jus
1620 4594 1814 4656 accenditur
1827 4595 1911 4656 cari·

1118 4697 1208 4758 tatis.
1233 4695 1316 4766 Quia
1332 4708 1412 4755 vero
1434 4692 1532 4754 Jesus
1554 4706 1629 4751 cum
1648 4690 1820 4769 discipulis
1840 4691 1910 4754 suis

1119 4792 1160 4854 ad
1175 4793 1236 4852 lias
1251 4789 1384 4867 nuptias
1398 4789 1433 4849 in
1452 4789 1542 4849 Cana
1565 4787 1712 4860 Galilaea,
1734 4789 1790 4850 nbi
1804 4791 1911 4851 mater

1119 4891 1193 4965 ejus
1222 4889 1304 4960 erat,
1326 4885 1448 4960 legitur
1469 4883 1638 4957 inritatus,
1659 4886 1785 4948 idcirco
1805 4887 1911 4948 ratio-

1120 4985 1281 5047 nabilitcr
1291 4982 1506 5051 instituimus,
1518 4985 1554 5045 ut
1563 4983 1688 5058 effigies
1700 4983 1911 5047 Jesucnristi

1119 5083 1239 5146 abeati
1249 5079 1721 5157 Petribasilica,perejusdem
1732 5082 1910 5142 canonicos

1120 5180 1161 5242 ad
1181 5179 1304 5240 dictum
1322 5175 1497 5253 hospitale,
1511 5175 1567 5236 ubi
1582 5176 1741 5237 memoria
1755 5176 1912 5239 beatissi-

1119 5293 1182 5338 mae
1197 5274 1313 5338 matris
1326 5276 1398 5352 ejus
1422 5273 1590 5344 recolitur,
1607 5271 1694 5334 inira
1716 5289 1850 5350 capsam
1868 5291 1911 5338 ex

1119 5388 1202 5435 auro
1226 5373 1259 5434 et
1288 5371 1425 5446 argento
1448 5370 1481 5430 et
1508 5367 1673 5445 lapidibus
1692 5371 1847 5447 pretiosis
1868 5371 1909 5434 ad

1119 5471 1182 5532 boc
1210 5468 1401 5546 specialiter
1432 5465 1646 5528 fabrefactam
1674 5468 1911 5532 venerabiliter

1118 5565 1319 5645 deportetur,
1347 5561 1501 5624 fidelibus
1525 5561 1666 5648 populis,
1693 5563 1749 5641 qui
1778 5564 1819 5627 ad
1848 5565 1910 5629 bas
