4258 6394
338 239 403 314 aaa
936 243 1132 322 uonoun
1154 245 1199 310 nr
1221 246 1369 310 canna.
1796 317 1802 326 ,
1923 250 1986 312 aaa

340 410 400 476 vit.
417 408 479 484 Qui
501 404 646 480 tandem,
662 403 870 468 contumacia
887 403 1020 468 illorum
1039 422 1134 470 ‹ares—¹
1186 405 1255 468 tam
1270 405 1406 468 evidens
1428 404 1661 482 praejudicium
1679 403 1872 468 monasterii
1896 407 1986 470 ulte-
2118 383 2119 386 ¹

340 509 446 578 cente,
458 508 557 568 ineos
567 503 920 568 excommunicationis
934 505 1133 568 sententiam
1186 504 1258 564 rius
1280 504 1374 565 salva
1396 503 1570 564 honestate
1594 503 1733 575 deferre,
1746 503 1842 564 vobis
1857 505 1983 566 nostris

339 603 572 684 promulgavit,
589 617 688 682 quam
714 600 765 664 illi
791 616 851 677 per
873 600 1132 678 quadriennium
1187 599 1336 663 dedimus
1352 583 1523 664 l'itterisin
1547 601 1733 678 preceptis,
1751 601 1789 662 ut
1809 602 1846 662 in
1865 604 1985 678 potes·
2118 623 2119 640 1

339 700 619 778 contempserunt,
632 699 763 760 demum
776 697 942 770 mediante
957 698 1030 776 ipso
1044 714 1134 776 prae-
1187 699 1345 766 tetemet
1359 698 1570 760 consiliarios
1586 700 1781 760 Cremonen.
1795 715 1985 760 excommu-
2118 749 2119 760 ,

340 801 515 862 decessore
530 797 644 858 nostro
659 795 746 856 facta
761 795 824 857 suit
838 795 990 872 quaedam
1001 796 1132 874 tempo-
1188 795 1369 857 nicationis
1379 798 1413 856 et
1426 795 1461 855 in
1477 795 1645 858 civitatem
1661 795 1827 858 interdicti
1843 797 1983 858 seuten-

338 897 423 960 ralis
444 894 638 972 compositio
660 893 748 956 inter
760 894 883 972 partes,
899 895 932 955 et
946 893 1132 971 injunctum
1186 892 1262 965 tias,
1289 889 1419 954 sublato
1440 892 1674 969 appellationis
1696 893 1879 965 obstaculo,
1899 909 1985 970 pro·
2118 891 2119 972 i

338 992 527 1058 venerabili
544 989 640 1054 tratri
659 991 811 1054 nostro...
834 993 1015 1052 Parmae...
1038 991 1132 1068 epis-
1188 989 1331 1062 ferretis,
1342 990 1390 1050 ita
1403 990 1490 1066 quod
1503 989 1549 1062 bi,
1560 990 1629 1066 qui,
1639 989 1780 1052 durante
1792 991 1983 1068 huiusmodi

339 1108 434 1170 copo,
461 1091 498 1152 ut
522 1089 655 1168 receptp
684 1086 876 1166 apraefatis
909 1089 1131 1150 Cremonen...
1188 1087 1544 1158 contumacia,eisdem
1553 1089 1718 1164 potestati,
1733 1089 1984 1150 etconsiliariis

336 1191 434 1268 juxta
462 1188 601 1249 formam
622 1184 779 1248 Ecclesiae
802 1185 1020 1262 corporaliter
1039 1187 1135 1262 jura·
1187 1185 1395 1260 inregimine
1409 1184 1555 1246 civitatis
1566 1185 1793 1257 succederent
1803 1185 1892 1248 dicta
1905 1202 1985 1248 sen·
2118 1169 2119 1178 ¹

340 1289 462 1357 mento,
489 1283 674 1346 relaxatam
696 1281 908 1346 denuntiaret
935 1283 1134 1346 sententiam
1187 1281 1291 1343 tentia
1306 1281 1513 1354 tenerentur,
1531 1283 1629 1344 nutre
1646 1281 1722 1362 (ata)
1741 1284 1984 1346 sententiarum

340 1379 1134 1460 supradictam,quidiligantermandatumApos·
1188 1379 1559 1451 adlatenusrelaxanda.
1580 1379 1685 1442 donec
1698 1381 1778 1442 dicti
1790 1381 1986 1443 0110010011-

338 1481 475 1542 tolioum
485 1476 961 1554 adimplevitbeindequoque
971 1493 990 1537 a
1001 1476 1132 1537 nobis...
1187 1476 1300 1538 tuendi
1316 1476 1453 1553 praelato
1468 1477 1672 1538 monasterio
1689 1493 1854 1555 expensas
1867 1478 1985 1554 legiti-

340 1578 475 1653 arcbipr
478 1619 538 1636 .....
560 1575 752 1646 Mutinam„
780 1575 812 1634 et
835 1573 946 1635 abbati
968 1573 1009 1636 de
1029 1573 1132 1636 Muti·
1188 1570 1392 1653 masinissa]
1407 1573 1470 1640 bac
1485 1573 1985 1638 decausaleoisseoonstareta

339 1673 430 1735 liano
442 1674 521 1735 tunc
534 1672 638 1750 priori
649 1672 689 1732 de
702 1669 923 1742 Columbaria,
938 1671 1008 1733 et...
1022 1671 1133 1734 abbati
1188 1671 1335 1747 tempore
1349 1687 1415 1748 quo
1427 1672 1591 1738 terminus
1606 1673 1847 1750 peremptorius
1862 1675 1985 1735 aucto-

340 1771 455 1836 Sancti
470 1769 641 1832 Benedicti
663 1784 764 1846 supra
786 1768 912 1830 Padum
925 1784 1027 1832 causa
1043 1785 1136 1830 com·
1188 1768 1286 1830 ritate
1298 1769 1411 1832 nmtra
1424 1769 1475 1832 eis
1489 1769 1600 1833 luerat
1611 1769 1815 1846 assignatus,
1827 1771 1861 1832 et
1871 1770 1986 1850 standi

340 1870 455 1940 missa,
469 1867 569 1928 iidem
596 1881 696 1942 super
718 1865 782 1926 boc
805 1865 856 1926 eis
876 1866 1133 1942 peremptorium
1184 1867 1256 1943 juri
1265 1867 1591 1944 praetmjuratonam
1602 1869 1800 1946 praestarent
1809 1867 1989 1945 aliample·

339 1966 517 2029 terminum
533 1963 758 2038 assignarunt,
773 1977 838 2038 quo
853 1961 921 2022 illis
936 1978 1003 2022 nou
1016 1978 1135 2024 curan·
1188 1965 1318 2029 nariam
1331 1965 1531 2029 cautionem.
1542 1965 1605 2028 Sed
1616 1965 1694 2028 licet
1704 1981 1763 2028 vos
1777 1965 1812 2026 in
1823 1966 1985 2042 eosjuxta

339 2062 429 2125 tibus
440 2076 552 2122 coram
563 2059 724 2134 delegatis
739 2057 820 2134 ipsis
834 2073 892 2136 per
907 2059 1133 2135 responsalem
1189 2059 1381 2125 mandatum
1402 2062 1552 2126 nostrum
1575 2062 1758 2125 sententies
1786 2063 1985 2140 promulga-
2118 2059 2119 2090 l

340 2159 496 2220 idoneum
516 2169 719 2232 comparere,
747 2155 898 2231 praedicti
926 2155 1070 2231 delegati
1094 2156 1135 2216 de
1188 2157 1305 2220 veritis
1315 2159 1529 2236 praenotatas,
1539 2158 1591 2220 illi
1601 2159 1713 2224 tamen
1726 2160 1987 2224 malleumvelut

340 2255 540 2334 prudentum
555 2253 701 2316 virorum
722 2251 863 2316 consilio
881 2253 1134 2330 pronuntiantes
1189 2254 1346 2331 stipulam
1357 2255 1579 2332 repulsantes,
1592 2257 1625 2318 et
1641 2259 1793 2334 percussi
1805 2259 1987 2321 renuentes

340 2354 420 2417 illos
439 2351 586 2414 existere
610 2351 832 2422 contumaees,
858 2365 989 2427 poenam
1018 2351 1135 2412 eontu-
1189 2351 1989 2430 reciperedisclplinam,adbucinsuscoutuma-

340 2450 458 2514 macine
472 2447 597 2511 diutius
610 2449 843 2524 prorogarunt.
866 2447 930 2508 sed
943 2446 1012 2508 illis
1022 2446 1058 2507 in
1073 2462 1135 2508 sua
1190 2449 1242 2512 cia
1263 2452 1492 2526 perseverant,
1509 2452 1718 2528 aspernando
1732 2453 1844 2514 redire
1860 2453 1901 2514 ad
1923 2470 1985 2515 ec-

341 2543 1134 2623 contumaciaperdurantibus,duopreadictorum
1190 2546 1411 2610 clesiasticam
1447 2549 1620 2612 unitatem.
1654 2551 1694 2612 Ut
1719 2549 1824 2626 igitur
1849 2551 1984 2628 justitia

337 2645 501 2724 iudicum,
521 2642 620 2706 tertio
642 2643 800 2706 excissato
820 2641 978 2720 legitime,
999 2641 1034 2704 in
1055 2642 1137 2702 Gre-
1189 2644 1303 2706 vincat
1329 2644 1502 2718 malitiam,
1531 2647 1566 2708 et
1594 2647 1707 2708 acrior
1730 2663 1828 2725 poena
1859 2650 1987 2726 pungat
2118 2659 2119 2724 ξ

341 2759 473 2805 menen.
488 2741 620 2804 eosdem
633 2739 988 2802 excommunicationis
1002 2740 1137 2802 santen-
1190 2757 1272 2820 quos
1294 2742 1388 2804 nulla
1407 2743 1601 2819 compunxit
1621 2743 1783 2807 haetenus
1801 2746 1983 2823 poenitude,

343 2842 424 2908 tiam
440 2839 661 2918 protulerunt,
679 2853 718 2900 ac
732 2837 940 2916 postmodum
954 2851 1067 2900 eorum
1080 2837 1137 2900 du·
1190 2855 1251 2902 nos
1273 2840 1424 2904 eumdem
1444 2840 1595 2904 abbatem
1609 2857 1726 2904 verum
1745 2843 1983 2906 constituentes

340 2938 453 3000 ritiam
469 2937 690 3005 advertentes,
707 2935 955 3014 possessionem
969 2950 1070 2996 causa
1086 2933 1135 2996 rei
1190 2937 1367 3014 petitorum
1390 2939 1431 3000 de
1452 2938 1575 3002 caetero
1595 2955 1834 3016 possessorem,
1849 2941 1984 3002 disere-

342 3033 516 3097 servandaa
532 3032 807 3109 adjudicaverunt
828 3031 952 3104 abbati,
975 3031 1083 3110 ipsum
1101 3032 1135 3092 in
1190 3034 1274 3097 ttoni
1289 3036 1409 3099 vestrae
1423 3051 1483 3113 per
1496 3036 1684 3113 apostoliea
1700 3037 1823 3116 scripta
1843 3037 1985 3100 firmiter

343 3147 417 3194 eam
432 3129 650 3206 corporaliter
665 3128 862 3200 inducendo,
876 3130 909 3190 et
928 3129 977 3190 sic
995 3128 1135 3204 singulis
1190 3133 1412 3209 precipiendo
1425 3134 1632 3206 mandamus,
1647 3135 1809 3211 quatenus
1822 3136 1932 3212 ipsum
1944 3135 1981 3196 in

342 3229 384 3294 da
398 3226 538 3290 consilio
553 3227 773 3286 Cremonen...
787 3224 1023 3302 prestantibus
1040 3227 1137 3302 jura·
1190 3231 1434 3304 possessionem
1444 3247 1559 3292 eorum
1574 3231 1793 3307 corporaliter
1804 3233 1983 3305 inducatis,

341 3326 464 3393 teriam
486 3324 686 3394 cautionem,
710 3323 796 3400 quod
823 3323 949 3384 starent
971 3323 1137 3384 mandatis
1190 3327 1225 3387 et
1246 3325 1431 3388 defendatis
1455 3327 1639 3400 inductum,
1667 3329 1928 3392 contradictores
1954 3330 1985 3390 si

343 3419 513 3490 Ecclesiae,
525 3435 564 3480 ao
579 3418 613 3478 in
632 3417 747 3481 eadem
762 3433 863 3478 causa
881 3417 952 3504 juri
966 3419 1133 3493 parerent,
1190 3422 1247 3498 qui
1281 3422 1405 3484 fuerint
1438 3423 1491 3485 vel
1512 3422 1684 3496 rebelles,
1714 3440 1775 3500 per
1805 3441 1986 3487 censuram

342 3517 492 3580 eamdem
506 3515 702 3577 sententiam
718 3515 927 3576 relaxarunt.
941 3516 1048 3589 Quum
1070 3529 1135 3574 au·
1191 3517 1463 3592 ecclesiasticam,
1478 3518 1610 3582 sublato
1625 3521 1859 3596 appellationis
1873 3522 1987 3584 obsta«

341 3617 409 3678 tem
424 3614 503 3676 dicti
526 3615 720 3676 Cremonen.
742 3612 817 3688 post
840 3611 982 3688 plurima
1005 3609 1137 3671 subter·
1191 3615 1276 3687 culo,
1295 3617 1545 3692 compescendo.
1560 3618 1768 3681 Praenotatas
1791 3619 1892 3680 etiam
1918 3633 1985 3681 ex-

344 3714 435 3789 lugia
450 3708 1059 3790 pervenerabilemsratremnostrum
1075 3707 1137 3768 Os-
1191 3714 1501 3776 communicationis
1530 3717 1564 3778 et
1595 3715 1764 3778 interdicti
1799 3717 1983 3778 sententias

341 3811 483 3882 tiensem
509 3809 711 3886 episcopum,
727 3807 806 3868 tunc
832 3805 1022 3882 fungentem
1043 3805 1138 3881 lega·
1190 3825 1250 3886 per
1264 3811 1338 3872 loca
1352 3811 1388 3874 in
1403 3811 1523 3888 quibus
1537 3811 1696 3890 expedire
1704 3811 1857 3877 videritis
1868 3814 1986 3875 solem·

341 3909 444 3972 tionis
472 3906 582 3970 officio
608 3906 644 3966 iu
669 3903 821 3984 partibus
856 3903 1074 3974 lombardiae.
1095 3901 1137 3964 de
1191 3907 1279 3970 niter
1302 3907 1522 3984 publicantes,
1547 3910 1582 3972 et
1612 3910 1813 3972 renovantes
1838 3910 1983 3984 easdem,

344 4006 499 4068 mandato
514 4006 628 4066 nostro
640 4003 744 4074 citati,
764 4001 924 4082 quosdam
941 4000 1139 4077 procurato-
1191 4005 1322 4072 faciatis
1337 4021 1442 4084 usque
1453 4006 1494 4068 ad
1509 4005 1772 4071 satisfactionem
1786 4007 1985 4084 condignam
2118 4049 2119 4060 ,

343 4119 399 4165 res
407 4102 447 4164 ad
457 4105 605 4162 nostram
618 4098 832 4178 praesentiam
846 4098 1078 4169 destinassent,
1091 4097 1135 4170 et,
1192 4103 1331 4167 tirmiter
1344 4102 1529 4178 observari,
1556 4105 1589 4167 et
1611 4103 1791 4166 inhibeatis
1812 4121 1984 4182 expresse,

345 4202 427 4282 ipsis
446 4198 672 4260 mdcientibus
695 4213 811 4259 eorum
831 4211 1006 4260 commune
1026 4197 1137 4274 possi-
1177 4217 1236 4270 ¹ne,
1261 4199 1374 4277 eliqua
1397 4200 1517 4264 civitas
1545 4217 1742 4279 quemquam
1772 4201 1877 4264 civem
1902 4203 1984 4263 Cre-

344 4299 424 4362 dere
442 4295 612 4376 praedicta,
636 4295 743 4359 dictus
767 4294 869 4356 abbas
890 4295 1027 4372 paratus
1050 4295 1138 4358 esset
1191 4313 1307 4362 mon...
1322 4299 1358 4361 in
1373 4299 1569 4374 potestatem
1588 4299 1750 4370 assumat,
1765 4299 1818 4360 vel
1833 4315 1989 4375 assump-

345 4394 499 4474 prohare,
514 4393 600 4471 quod
616 4393 810 4454 Cremonen.
836 4393 896 4454 illa
921 4391 1138 4470 possederant
1191 4395 1983 4468 tumeudeatretinere.Quodsinonomnes,etc.

345 4495 520 4571 postquam
533 4505 593 4568 per
604 4489 737 4551 eosdem
749 4488 860 4553 luerat
871 4490 1045 4567 spoliatus,
1056 4490 1136 4552 tan-
1192 4494 1310 4558 Datum
1325 4493 1493 4565 Laterani,
1509 4495 1585 4556 XV1
1601 4493 1763 4556 kalendas
1773 4494 1875 4572 jumi,
1896 4508 1985 4572 pon.

344 4591 419 4654 dem
443 4587 602 4652 exhibitis
623 4586 734 4650 abbati
758 4586 917 4666 praedicto
939 4587 1059 4652 litteris
1073 4586 1139 4646 im«
1192 4591 1337 4654 titlcatus
1351 4591 1458 4654 nostri
1472 4605 1562 4652 anno
1576 4590 1731 4668 septimo.

345 4685 537 4767 parielibus,
550 4700 610 4766 per
622 4699 705 4762 quas
718 4683 778 4746 sub
789 4699 887 4760 poena
900 4686 1033 4746 centum
1047 4699 1139 4745 mar-

343 4800 459 4852 carum
479 4781 692 4847 inhibebatur
707 4781 826 4852 eidem,
852 4796 894 4842 ne
920 4781 1026 4842 dictos
1048 4782 1139 4844 cives

346 4897 446 4962 super
469 4881 523 4943 bis
543 4881 579 4942 in
600 4879 672 4942 foro
687 4877 915 4940 ecclesiastico
932 4877 1136 4948 conveniret,
1494 4839 1686 4928 CXXXVI

344 4981 493 5058 petentes
516 4977 580 5040 sibi
603 4976 677 5038 dari
700 4975 862 5046 libellum,
877 4976 911 5037 et
927 4974 1079 5036 inducias
1095 4972 1137 5034 ad
1192 4983 1984 5058 pentpertusaarenteptrcMcpdeburpanaam.
2117 5071 2119 5080 ,

344 5077 549 5139 redeundum
562 5077 727 5146 cremon,
741 5073 775 5136 et
787 5071 1047 5144 deliberandum,
1063 5087 1137 5148 cum

345 5168 1138 5249 sioutpraemissumestdudamipsiuspopulipro·

346 5269 554 5333 curatoribus
574 5285 649 5328 cum
672 5267 815 5330 induciis
830 5265 870 5327 ad
887 5265 1137 5327 deliberandum

1485 5121 1517 5178 17
1533 5121 1600 5178 mail
1617 5120 1696 5178 lala.

1343 5245 1472 5309 [Bahman
1482 5247 1546 5295 Acta
1558 5243 1669 5309 imperii,
1682 5244 1713 5304 ll,
1725 5259 1751 5309 p.
1761 5243 1830 5310 663]

345 5362 1137 5440 001001010000011011101100011101110,0110000100
1193 5353 1228 5410 tlt
1243 5351 1374 5410 abbatem
1395 5351 1490 5410 Sflssssti
1506 5351 1575 5408 Sint
1596 5351 1756 5410 Pltssssssiissi
1776 5351 1985 5424 1111088181ῑο-

344 5466 473 5535 fuisset,
501 5478 521 5524 a
548 5463 661 5523 nostra
688 5461 866 5540 presentia
897 5459 1138 5522 contumaciter
1408 5453 1474 5500 ”⁶¹¹¹
1487 5435 1626 5498 bonorum
1642 5439 1766 5499 inducat.

346 5555 565 5624 recesserunt.
597 5559 691 5621 Unde
714 5574 774 5622 nos
801 5559 1002 5636 nequeuntes
1026 5557 1075 5632 eis
1102 5557 1136 5616 in
1231 5557 1592 5633 Honoriusepiscopus,
1602 5571 1719 5620 servus
1732 5558 1983 5629 servommnen
2116 5546 2117 5560 ¹
