4226 6372
129 264 204 326 057
761 258 990 322 EP18TOLAE.
1013 259 1093 324 nte.
1114 261 1155 324 X.

1726 266 1787 330 958

185 423 404 484 sacrosancta
418 423 569 482 Romana
584 415 735 480 Ecclesia
748 417 885 482 devotos
905 419 939 482 et
993 433 1032 480 ac
1050 434 1110 496 per
1123 418 1187 480 hoo
1201 418 1391 496 provisione
1405 420 1543 500 speciali
1557 436 1624 484 non
1637 438 1735 500 egeas
1749 424 1786 486 in

133 517 287 580 humiles
310 518 398 580 tilios
428 533 471 578 ex
498 515 641 578 assuetae
674 515 807 591 pietatis
829 514 938 578 officio
994 515 1786 592 hacparteadabundantioremtamencautelam

134 616 343 692 propensius
358 615 497 690 diligere
510 613 693 683 consuevit,
712 614 745 672 et
760 627 802 674 ne
817 628 940 688 pravo-
992 611 1053 672 tibi
1072 613 1268 676 auctoritate
1284 614 1496 690 praesentium
1511 616 1731 693 indulgemus,
1749 620 1788 681 ut

133 727 219 772 rum
233 712 406 774 hominum
422 711 583 772 molestiis
597 709 775 785 agitentur,
791 725 847 770 eos
863 712 940 770 tan·
995 725 1054 786 per
1069 711 1227 772 statutum
1239 711 1348 788 ipsum
1369 712 1498 792 nullum
1507 715 1576 790 juri
1599 717 1654 776 tuo
1668 718 1788 792 praeju·

136 825 243 886 quam
252 810 307 886 pia
322 811 506 870 matersuae
519 807 736 885 protectionis
756 807 938 868 munimine
993 807 1117 868 dicium
1138 809 1326 882 generetur.
1352 809 1443 870 Nulli
1464 825 1554 886 ergo,
1571 814 1647 882 eto,
1663 815 1787 875 nostrae

136 907 334 968 confovere.
361 909 405 966 Ea
429 907 574 983 propter,
596 904 709 966 dilecti
732 905 768 966 in
798 904 938 966 Domino
993 905 1229 976 concessionis,
1255 907 1316 968 etc.
1346 907 1474 986 Siquis
1498 909 1619 979 autem,
1636 911 1698 972 eto.
1720 913 1788 972 Da-

136 1003 451 1080 iilii,vestrisjustis
461 1001 737 1079 postulationihus
753 1002 847 1076 grato
863 1016 939 1062 con·

992 999 1062 1062 tum
1078 1001 1191 1074 Reate,
1222 1003 1266 1064 IV
1290 1001 1450 1066 kalendas
1477 1004 1671 1078 decembris,
1698 1023 1786 1070 anno

138 1101 318 1162 currentes
335 1115 485 1170 assensu,
503 1113 664 1175 personas
688 1102 818 1162 vestras
835 1099 867 1159 et
887 1097 940 1158 lo-
993 1097 1132 1160 decimo.

139 1213 231 1269 cum,
259 1199 296 1258 in
322 1213 386 1274 quo
411 1196 523 1258 divino
552 1196 633 1258 estis
659 1195 817 1272 obsequio
843 1210 939 1256 man-

139 1296 258 1372 cipati,
286 1309 361 1356 cum
383 1293 535 1355 omnihus
558 1293 666 1364 honis,
691 1309 766 1369 quae
797 1293 833 1352 in
858 1308 940 1368 prae-

140 1389 328 1452 sentiarum
352 1387 598 1449 rationabiliter
618 1385 804 1463 possidetis‚
822 1387 880 1448 aut
902 1386 937 1446 in

139 1485 293 1548 futurum
305 1485 485 1561 praestanto
495 1475 629 1544 domino
641 1483 741 1560 Justis
752 1483 859 1546 modis
875 1497 939 1558 po-

140 1583 254 1644 teritis
280 1581 431 1657 adipisci,
456 1575 519 1640 'sub
543 1580 631 1643 beati
651 1575 742 1640 Petri
769 1580 801 1642 et
825 1581 938 1641 nostra

142 1679 351 1755 protectione
376 1677 585 1753 suscipimus.
610 1676 805 1753 specialiter
828 1677 939 1738 autem

143 1775 323 1838 ecclesiam
355 1775 468 1837 Sancti
491 1774 665 1836 Michaelis
689 1773 839 1836 Paduani
864 1789 939 1834 cum

144 1873 357 1950 pertinentiis
373 1875 443 1936 suis
462 1889 482 1934 a
498 1873 683 1936 venerabili
701 1871 805 1934 fratre
823 1872 939 1934 nostro

143 1971 301 2046 episcopo
329 1970 501 2038 Paduano,
523 1970 575 2032 sui
600 1968 940 2046 capituliaocedante

145 2081 326 2139 consensu,
348 2068 403 2143 pia
427 2067 522 2129 vobis
545 2066 747 2128 liberalitate
770 2065 938 2132 collatam.

145 2163 233 2226 sicut
250 2180 291 2225 ea
312 2164 423 2226 omnia
441 2167 543 2242 juste,
559 2164 722 2225 canonice
741 2179 781 2224 ac
801 2163 941 2240 pacifice

146 2259 344 2338 possidetis,
382 2263 416 2323 et
452 2261 487 2324 in
522 2261 743 2323 instrumento
790 2259 940 2322 confecto

147 2357 270 2418 exinde
284 2358 414 2434 plenius
433 2358 633 2430 continetur,
648 2358 743 2420 vobis
757 2358 791 2421 et
806 2372 940 2434 parvos

146 2455 298 2516 ecolesiae
310 2457 429 2518 vestrae
444 2456 641 2518 auctoritate
653 2455 846 2532 Apostolica
860 2470 942 2516 con-

146 2551 330 2624 firmamus,
352 2554 384 2614 et
405 2553 578 2630 praesentis
607 2553 722 2630 scripti
754 2551 940 2629 patrocinio

147 2650 401 2712 communimus.
428 2650 521 2712 Nulli
555 2665 635 2726 ergo
669 2649 805 2712 omnino
836 2648 941 2710 homi·

146 2761 239 2818 num,
253 2749 315 2810 etc.
331 2747 365 2808 si
378 2746 464 2824 quis,
475 2745 674 2810 etcbatum
687 2748 803 2819 Reate,
818 2749 863 2808 Vl
877 2745 943 2806 ka·

146 2842 266 2906 lendes
285 2843 480 2917 decembris,
503 2845 714 2922 pontificatus
731 2843 837 2906 nostri
852 2858 941 2905 anno

147 2939 288 3002 decimo.

503 3161 590 3249 LIX
676 3207 680 3218 ν

289 3314 341 3375 Ad
365 3315 561 3390 opacorum
589 3315 801 3374 irecensem.

406 3443 441 3502 2⁸
451 3441 585 3500 novemb.
602 3441 682 3501 litt.

191 3568 310 3634 [Regem.
321 3565 366 3616 lib.
377 3566 409 3626 it,
420 3565 493 3630 epist.
505 3565 559 3615 rso.
570 3565 627 3616 lise.
639 3566 675 3615 Le
687 3565 762 3615 Porta
771 3563 806 3614 du
814 3561 908 3629 risit]

150 3691 284 3765 indulget
295 3692 322 3749 ei
334 3690 504 3764 specialiter,
514 3697 544 3748 ut
552 3689 668 3749 concilii
680 3689 824 3763 generalis
838 3695 943 3746 statuto

183 3780 340 3854 iurisdictio
350 3794 402 3838 sua
413 3779 441 3836 in
453 3777 570 3836 abbates
581 3777 713 3838 dioeocsis
725 3793 784 3836 sua
794 3777 943 3834 imminuta

186 3876 342 3947 reputetur.

192 3993 372 4064 Honorius,
396 3993 472 4064 eto,
494 3991 680 4054 venerabili
701 3992 835 4056 fratri...
856 3992 946 4072 epis-

153 4106 234 4168 copo
249 4089 417 4160 Trecensi,
434 4089 586 4160 salutem,
601 4092 664 4150 etc.

1354 1287 1420 1374 LX

993 1426 1045 1485 Ad
1069 1429 1341 1504 archiepiscopos
1366 1429 1400 1490 el
1428 1433 1613 1508 episcopos,
1639 1433 1672 1494 et
1700 1437 1788 1498 otios

1033 1525 1257 1586 eeclesiarum
1270 1526 1437 1602 proetaios
1455 1541 1524 1600 per
1545 1529 1685 1592 Italiam
1706 1545 1790 1594 con·

1032 1619 1183 1681 stitutos

1266 1697 1423 1758 ldeoemb.
1437 1701 1517 1762 itit.

1100 1819 1240 1882 [Sbarelea
1250 1821 1346 1874 Butler.
1357 1823 1493 1882 francisc,
1502 1825 1523 1884 l,
1537 1825 1575 1884 ii,
1589 1840 1614 1878 n.
1627 1825 1679 1892 id]

994 1943 1109 2002 Mandat
1122 1944 1255 2018 pontifex,
1269 1953 1301 2006 ut
1318 1945 1421 2006 fratres
1431 1948 1467 2006 de
1479 1951 1647 2010 Paenitentia
1658 1960 1790 2026 tempore

1029 2031 1170 2092 interdicti
1195 2033 1379 2094 admittentur
1393 2036 1429 2094 ed
1450 2037 1547 2096 divina
1566 2039 1671 2110 otllcia,
1689 2041 1725 2100 ed
1741 2057 1788 2100 sa·

1029 2129 1176 2180 crementa
1189 2123 1395 2194 ecclesiastica,
1405 2132 1435 2183 et
1448 2127 1789 2198 sepulturameociosias-

1030 2209 1128 2270 ticam.

1034 2336 1202 2398 Honorius
1212 2337 1400 2414 episcopus,
1408 2353 1526 2402 servus
1534 2357 1705 2404 servornm
1716 2343 1787 2418 Dei,

994 2433 1241 2496 venerabilibus
1252 2435 1412 2498 fratribus
1422 2437 1694 2517 archiepiscopis,
1706 2442 1790 2518 epis-

995 2529 1098 2607 copis,
1114 2533 1147 2592 et
1161 2531 1239 2592 aliis
1252 2533 1470 2596 ecclesiarum
1485 2535 1634 2611 praelatis
1652 2554 1712 2616 per
1724 2539 1793 2600 lta·

995 2626 1075 2687 liam
1102 2628 1301 2700 constitutis,
1332 2629 1474 2692 salutem
1505 2632 1539 2692 et
1565 2633 1793 2708 Apostolicam

995 2721 1270 2786 benedictionem.

1035 2821 1117 2879 Cum
1137 2819 1282 2892 illorum,
1302 2821 1359 2897 qui
1377 2837 1437 2882 sna
1456 2823 1651 2897 novissima,
1667 2841 1795 2888 memo·

995 2916 1101 2977 rando
1122 2930 1189 2978 non
1218 2917 1293 2992 post
1307 2918 1473 2980 vanitates
1491 2921 1617 2994 saeculi,
1638 2923 1696 2984 sed
1719 2925 1794 3000 post

997 3013 1163 3074 Christum
1172 3014 1299 3086 euntes,
1308 3015 1537 3092 poenitentiam
1548 3018 1583 3078 in
1594 3020 1792 3082 humilitatis

997 3111 1120 3188 spiritu
1140 3112 1254 3188 agunt,
1276 3113 1310 3174 et
1328 3114 1426 3176 corde
1442 3115 1584 3177 contrito
1600 3117 1793 3194 castigando

997 3209 1031 3270 et
1052 3209 1088 3270 in
1114 3209 1307 3272 servitutem
1332 3227 1428 3273 suum
1451 3227 1571 3290 corpus
1597 3215 1790 3291 redigendo,

997 3306 1066 3368 tota
1076 3306 1230 3368 videatur
1246 3307 1390 3370 intentio
1403 3309 1493 3370 circa
1505 3312 1679 3374 servitium
1692 3315 1795 3374 Crea-

996 3403 1091 3477 torie,
1107 3403 1281 3480 indignum
1301 3404 1441 3468 forsitan
1465 3407 1667 3482 crederetur,
1687 3411 1718 3472 si
1731 3425 1793 3488 pro

997 3501 1109 3564 aliena
1129 3503 1226 3579 culpa
1240 3517 1271 3563 .a
1293 3502 1415 3565 divinis
1433 3503 1612 3585 obsequiis,
1629 3510 1662 3569 et
1676 3523 1794 3570 sacra-

998 3600 1117 3661 mentis
1144 3600 1381 3662 ecclesiasticis
1409 3603 1616 3679 contingeret
1643 3604 1705 3665 hos
1729 3621 1795 3668 ex·

998 3693 1087 3758 cludi
1097 3714 1105 3770 ;
1117 3713 1217 3776 quum
1228 3697 1264 3758 in
1273 3698 1327 3769 iis,
1336 3699 1368 3759 et
1380 3699 1468 3771 aliis,
1481 3716 1554 3776 quae
1564 3700 1606 3762 ad
1619 3703 1794 3763 servitium

998 3795 1058 3856 Dei
1087 3794 1263 3870 pertinent,
1296 3793 1444 3857 favorem
1479 3798 1672 3858 mereantur
1698 3800 1793 3860 Sedis

1000 3891 1196 3968 apostolica
1210 3891 1405 3968 specialem;
1418 3909 1518 3969 quum
1534 3893 1639 3968 igitur
1652 3911 1712 3971 per
1726 3898 1796 3958 lta-

999 3989 1078 4051 liam
1089 3989 1173 4050 tales
1186 4003 1259 4049 esse
1270 3989 1423 4050 nonnulli
1438 3990 1603 4062 dicantur,
1623 4007 1643 4052 a
1662 3992 1795 4070 quibus·

999 4087 1076 4147 dam
1089 4086 1209 4147 fratres
1224 4085 1264 4147 de
1279 4087 1478 4148 Paenitentia
1503 4091 1699 4166 nuncupati,
1722 4090 1794 4151 dis-

191 4189 261 4250 Tua
277 4185 372 4250 nobis
387 4185 579 4248 fraternitas
595 4184 804 4262 supplicavit,
822 4188 944 4248 uicum
999 4184 1140 4246 cretioni
1152 4183 1271 4245 vestrae
1286 4185 1547 4261 parapostolica
1558 4187 1682 4264 scripta
1696 4203 1794 4250 man-

153 4284 286 4364 quidam
296 4283 432 4346 abbates
444 4283 477 4344 et
491 4281 657 4354 monachi,
676 4283 709 4344 et
723 4283 876 4344 canonici
890 4299 946 4345 re-
1000 4281 1126 4352 damus,
1143 4281 1480 4358 quatenusvoseosin
1491 4283 1643 4346 ecclesiis
1655 4285 1789 4359 vestris,

152 4383 286 4459 gulares
320 4381 386 4442 tuae
427 4380 579 4442 dioecesis
615 4381 791 4442 occasione
830 4381 945 4445 statuti
999 4379 1035 4439 in
1058 4377 1210 4456 quibusa
1227 4377 1512 4455 SedeApostolica
1530 4381 1581 4444 est
1597 4397 1792 4445 concessum

153 4479 292 4542 Concilii
311 4479 479 4554 generalis
495 4477 535 4540 de
554 4477 708 4554 capitulis
719 4479 865 4556 ipsorum
880 4479 944 4540 ab·
999 4475 1200 4552 generalitor
1223 4477 1371 4552 tempore
1398 4477 1566 4540 interdicti
1590 4479 1792 4556 hujusmodi,

152 4577 276 4647 batum,
293 4577 326 4638 et
347 4577 490 4639 aliorum
504 4575 708 4655 regularium
724 4575 943 4646 celebrandis,
967 4633 968 4640 ,
1000 4572 1177 4634 dummodo
1190 4573 1254 4648 ipsi
1270 4589 1404 4636 causam
1418 4575 1594 4638 interdicto
1607 4593 1673 4638 non
1691 4577 1794 4639 dede·

153 4676 187 4738 et
201 4672 406 4748 corrigendis
421 4671 614 4733 excessibus
630 4673 832 4747 eorumdem,
846 4674 946 4750 juris·
1000 4671 1078 4742 rint,
1096 4669 1137 4731 ad
1150 4668 1263 4731 divina
1279 4670 1400 4744 officia,
1416 4688 1490 4750 quae
1506 4688 1684 4750 suppressa
1698 4690 1792 4748 voce,

154 4772 330 4833 dictionem
356 4771 446 4831 tuam
472 4769 625 4846 reputent
658 4770 878 4842 imminutam,
906 4785 946 4832 ac
1000 4767 1183 4829 interdictis
1199 4769 1539 4831 atexcommunicatis
1555 4769 1711 4844 exclusis,
1726 4787 1793 4833 non

154 4884 213 4948 par
227 4868 289 4930 hoc
305 4873 419 4928 contra
434 4869 466 4928 te
477 4865 603 4928 temere
615 4867 829 4940 insolescant,
846 4883 947 4945 super
1000 4866 1139 4942 pulsatis
1162 4865 1344 4941 campanis,
1369 4866 1402 4926 et
1423 4865 1546 4927 clausis
1566 4867 1680 4944 januis
1704 4869 1794 4931 cele-

153 4967 216 5028 hoc
230 4967 369 5043 paterna
391 4963 566 5042 providere
581 4964 805 5026 sollicitudine
822 4965 944 5040 digna·
1000 4963 1149 5034 brantur,
1168 4963 1201 5024 et
1227 4962 1456 5024 ecclesiastica
1479 4967 1698 5038 sacramenta,
1719 4982 1794 5028 neo·

152 5079 276 5126 remur.
292 5063 385 5124 Licet
403 5061 506 5138 igitur
520 5061 678 5124 statutum
698 5062 807 5140 ipsum
822 5062 945 5124 factum
999 5075 1066 5126 non
1087 5059 1292 5136 sepulturam
1314 5059 1575 5124 ecclesiasticam
1598 5062 1790 5125 admittatis.

153 5159 263 5232 fuerit,
289 5160 390 5242 salvo
404 5161 481 5236 jure
514 5158 777 5222 dioecesanorum
808 5159 943 5238 pontin·
999 5158 1117 5222 Datum
1140 5159 1254 5228 lieaie,
1274 5157 1435 5222 kalendas
1447 5157 1642 5232 decembris,
1659 5161 1794 5238 pontifl-

153 5271 239 5328 cum,
256 5257 342 5320 sicut
355 5256 528 5334 signanter
555 5255 753 5332 exprimitur
775 5255 810 5316 in
831 5255 945 5318 eodem
1002 5255 1305 5320 catusannonono.
