4262 6382
784 261 1013 328 srlsrobm.
1035 263 1114 324 LIB.
1139 263 1196 324 IX.
1749 267 1809 328 330

166 281 225 342 829

170 442 214 500 rii
231 441 265 502 et
280 431 439 512 Matthiae,
457 435 597 499 salutem
614 428 881 508 et'dpostolioam
892 424 955 486 be·
1011 421 1140 485 dilectis
1157 421 1235 483 liliis
1252 420 1365 484 abbati
1377 423 1411 484 et
1422 423 1807 490 conventnisanctorum

166 538 399 599 nediciionem.

205 635 308 697 iustis
330 633 509 710 petentium
539 626 716 691 desideriis
741 625 878 698 dignum
906 619 956 680 est
1010 615 1288 678 benedictionem.

166 747 226 793 nos
234 731 365 792 facilem
375 729 525 807 praebere
533 722 784 794 consensum,et
791 720 955 796 rotaquae
1050 711 1242 789 lia'propter,
1258 713 1369 774 dilecti
1383 713 1418 773 in
1434 713 1574 776 Domino
1587 715 1659 788 lilii,
1682 717 1806 779 vestris

165 829 342 890 arationis
366 827 497 889 tramite
522 839 589 884 non
613 817 813 889 discordant,
836 816 955 878 effectu
1006 809 1106 884 justis
1132 808 1410 886 postulationibus
1446 810 1540 885 grato
1570 816 1805 876 concurrentes

164 927 384 1002 prosequente
398 923 575 1000 complere.
591 917 783 994 liepropter,
798 917 873 986 ete,
894 911 954 974 sub
1009 919 1159 976 assensu,
1171 920 1332 981 personas
1352 906 1482 967 Vestras
1498 906 1530 966 ei
1544 905 1665 977 locum,
1685 908 1721 968 in
1741 925 1805 985 quo
1901 952 1906 961 .

163 1022 253 1084 beati
281 1022 371 1084 peti-i
387 1021 420 1083 ei
442 1021 556 1080 mitia
579 1015 783 1094 promptim
807 1011 953 1087 suscipi.
1009 1001 1122 1064 divino
1138 1002 1217 1063 estis
1232 1001 1391 1078 obsequio
1406 1003 1597 1080 mancipati,
1609 1019 1683 1064 oum
1697 1005 1806 1066 omni-

163 1135 248 1180 mus.
281 1118 477 1195 Specialiter
502 1116 612 1177 autem
634 1111 809 1174 ecclesiam
827 1110 867 1170 de
887 1110 955 1169 Ma·
1008 1097 1189 1170 busbffllis,
1203 1115 1275 1174 ‹11¹ae
1289 1099 1323 1159 11¹
1339 1100 1593 1176 llraesentiamlm
1617 1101 1806 1174 rationabi÷

163 1217 264 1277 epeia
277 1229 351 1276 cum
364 1213 572 1292 pertinentiis
588 1212 668 1282 suis,
683 1225 782 1287 quam
795 1207 954 1270 canonice
1009 1193 1085 1255 liter
1099 1195 1286 1272 possidetis,
1302 1197 1359 1259 aut
1370 1197 1405 1258 in
1417 1195 1670 1274 futurumjustis
1684 1198 1802 1270 modis,

162 1313 345 1390 proponitis
358 1327 416 1373 vos
432 1310 579 1388 adeptos,
595 1309 680 1369 sicut
696 1323 769 1368 eam
781 1307 881 1382 juste,
896 1317 955 1364 ca·
1008 1292 1187 1368 Plaesiassie
1213 1291 1364 1363 Domino,
1377 1293 1527 1370 poteritis
1554 1292 1712 1370 adipisci,
1743 1294 1804 1369 iub

162 1411 282 1471 ionico
297 1426 337 1471 ao
358 1408 496 1486 pacifice
521 1405 709 1484 possidetis,
734 1403 828 1465 vohis
847 1402 880 1462 et
895 1413 955 1476 pei·
1007 1388 1096 1451 beati
1107 1388 1197 1452 Petri
1207 1391 1241 1451 et
1250 1390 1364 1451 nostra
1374 1390 1799 1472 protectionesuscipimus.

161 1523 221 1570 vos
236 1506 441 1568 monasterio
461 1497 955 1580 vestro'tauctoritateihpostm
1010 1484 1206 1562 specialiter
1220 1486 1330 1548 autem
1345 1486 1470 1557 domos,
1487 1487 1658 1562 grangias,
1674 1503 1804 1564 posses·

163 1605 230 1666 lica
243 1603 476 1664 confirmamus
487 1602 519 1662 ei
529 1597 703 1678 praesentis
719 1597 834 1673 scripti
847 1595 955 1672 patro·
1008 1581 1130 1654 ὃὶθῐὶθθ,
1155 1582 1361 1654 molendina,
1387 1582 1543 1644 homines
1564 1584 1597 1652 et
1622 1583 1689 1644 alit
1715 1583 1803 1646 bona

164 1701 256 1762 cinio
280 1699 532 1765 communimus,
557 1696 618 1758 etc.
643 1693 774 1772 batum]
784 1693 951 1764 Laterani,
1007 1680 1131 1751 Vestia,
1149 1681 1235 1740 Sicut
1245 1695 1284 1740 0³
1300 1681 1520 1756 omniajustc,
1534 1680 1695 1742 0³110fl100
1706 1681 1739 1742 θῖ
1749 1696 1805 1758 pa-

1011 520 1167 580 Eucherii
1180 521 1213 581 et
1224 513 1371 591 Mathiae,
1384 520 1524 582 salutem
1538 521 1570 582 et
1581 521 1805 597 Apostolicam
1826 569 1840 589 χ
1905 605 1908 610 Δ

164 1800 193 1859 V
206 1798 366 1859 kalendas
380 1796 508 1875 aprilis,
522 1792 732 1873 pontificatus
745 1791 850 1853 nostri
866 1806 953 1852 anno

164 1909 262 1956 nono.

337 2105 338 2108 Ν
459 2059 657 2148 CXXVIII

448 2217 666 2299 Adseosdem.

444 2361 461 2418 3
478 2361 574 2434 aprilis
591 2359 669 2418 12²5.

274 2492 519 2559 [Millalrheinisches
535 2492 592 2551 lm,
610 2493 654 2552 lll,
669 2488 844 2554 steinsele]

161 2621 401 2678 permutationem
416 2619 503 2676 curtis
515 2616 550 2674 de
566 2617 642 2674 Stein
657 2631 708 2688 pro
721 2613 757 2671 dc
772 2611 913 2672 blecherae
925 2619 954 2670 et

252 2709 288 2766 de
303 2710 450 2782 Susanges
461 2706 535 2764 villis
548 2703 674 2762 habitam
689 2703 849 2762 confirmat.

199 2837 366 2898 Honorius
378 2835 563 2912 episcopus,
577 2845 871 2892 servusservorum
879 2828 950 2900 Dei,

159 2934 288 2996 dilectis
303 2934 382 2994 filiis
398 2929 509 2992 abbati
525 2931 558 2990 et
571 2927 747 2989 conventui
757 2926 952 2986 Sanctorum

159 3030 316 3092 Eucherii
334 3029 367 3090 et
387 3027 534 3100 Meidios,
550 3024 764 3086 Treverensis
785 3021 950 3096 dioecesis,

160 3128 300 3189 salutem
313 3129 346 3188 et
355 3123 579 3202 Apostolicam
591 3121 866 3184 benedictionem.

199 3223 391 3300 Eapropter,
407 3217 520 3280 dilecti
537 3219 572 3277 in
587 3209 813 3286 Domino'lilii,
830 3213 952 3275 restris

155 3320 255 3397 iustis
281 3315 561 3395 postulationibus
594 3316 689 3389 graio
715 3311 951 3373 concurrentes

159 3432 309 3488 assensu,
326 3412 601 3492 permutationem
616 3409 719 3472 curtis
735 3409 775 3469 de
785 3408 876 3469 Siein
891 3423 950 3485 pro

159 3514 199 3575 de
223 3514 388 3574 Macherae
401 3511 434 3572 et
456 3513 624 3584 Susanges
644 3505 734 3568 uillis
758 3521 832 3567 cum
847 3505 952 3582 perti-

157 3612 281 3673 nentiis
301 3609 502 3680 earumdem,
526 3607 614 3667 inter
625 3620 685 3666 vos
702 3621 746 3664 ex
762 3606 856 3680 parte
871 3617 948 3674 una,

158 3709 190 3770 et
218 3708 355 3769 dilectos
386 3707 475 3767 filios
510 3705 670 3765 decanum
700 3704 734 3763 et
769 3700 951 3777 capitulum

159 3809 191 3868 S.
208 3807 323 3866 Mariae
339 3804 543 3879 Magdalenee
552 3799 770 3862 virdunensis
779 3814 823 3859 ex
832 3798 948 3870 altera,

157 3903 197 3965 de
217 3901 363 3979 episcopi
388 3901 440 3960 sui
460 3903 492 3961 et
516 3897 764 3975 metropolitani
786 3911 950 3957 consensu

157 3999 314 4070 habitam,
331 3999 418 4059 sicut
432 3997 504 4057 sine
526 3995 689 4072 pravitate
709 3993 845 4070 provide
861 3993 949 4054 lacta

157 4099 252 4158 estet
276 4096 317 4157 ab
333 4097 472 4170 utraque
491 4094 585 4169 parte
608 4091 723 4168 sponte
745 4092 891 4168 recepta,
918 4090 952 4152 et

156 4194 315 4254 hactenus
355 4190 492 4268 pacifice
536 4189 722 4257 observata,
752 4188 949 4250 auctoritate

156 4290 345 4367 Apostolica
368 4287 612 4358 confirmamus,
633 4285 696 4346 etc.
720 4285 837 4346 Datum
852 4285 951 4346 Late-

157 4389 242 4460 rani,
264 4389 309 4448 111
329 4401 434 4447 nonas
461 4383 590 4462 aprilis,
614 4381 825 4461 pontificatus
843 4381 949 4443 nostri

156 4499 243 4544 anno
259 4498 357 4545 nono.

476 4717 631 4812 CXXIX

440 4883 491 4942 Ad
515 4882 664 4942 eosdem.

433 5011 449 5068 3
469 5011 566 5084 aprilis
589 5009 667 5070 1225.

268 5134 515 5204 [blittehheinisches
531 5134 588 5191 lib„
601 5133 645 5192 lli,
656 5130 711 5192 set,
724 5145 750 5182 n.
763 5131 831 5196 sie]

156 5257 211 5312 Eos
226 5252 418 5327 protegendos
428 5251 546 5323 suscipit
564 5257 593 5309 et
607 5248 682 5308 bona
697 5263 732 5306 ac
748 5247 949 5320 possessiones

471 5339 631 5398 confirmat.

195 5458 551 5534 Honoriusepiscopus,
565 5469 682 5518 servus
693 5467 865 5516 servorum
875 5453 946 5526 Dei,

1008 1775 1102 1836 cifice
1122 1777 1309 1854 possidetis
1323 1777 1419 1838 vobis
1434 1778 1467 1838 et
1481 1793 1542 1853 per
1558 1793 1618 1838 ros
1632 1779 1802 1840 monaste-

1008 1872 1059 1933 rio
1074 1874 1184 1935 vestro
1197 1874 1396 1936 auctoritate
1412 1874 1603 1950 Apostolica
1618 1875 1800 1937 confirma-

1007 1984 1081 2030 mus
1106 1970 1139 2030 et
1157 1971 1331 2046 praesentis
1360 1971 1476 2046 scripti
1494 1971 1681 2046 patrocinio
1710 1987 1803 2034 com-

1008 2065 1186 2134 munimus,
1212 2066 1274 2128 etc.
1306 2059 1425 2129 D'atum
1444 2068 1612 2141 Laterani,
1640 2069 1671 2128 ΙΙ
1696 2084 1803 2133 nonas

1008 2161 1137 2245 aprilis,
1154 2163 1367 2239 pontificatus
1376 2164 1483 2232 nostri
1494 2179 1581 2229 anno
1594 2179 1694 2226 nono.
1709 2189 1714 2204 ·

1337 2537 1472 2626 CXXX

1175 2697 1226 2754 Ad
1240 2698 1407 2754 decanum
1421 2698 1625 2768 Aqraecsem.

1289 2841 1307 2898 5
1325 2841 1422 2914 aprilis
1438 2843 1516 2902 1225.

1054 2970 1138 3036 [θοὴ.
1154 2971 1215 3022 Cod.
1231 2971 1348 3035 diplom,
1365 2973 1499 3037 Aquensis,
1511 2977 1531 3034 1,
1545 2989 1573 3034 u,
1589 2975 1641 3034 iol,
1653 2991 1677 3026 u.
1690 2977 1756 3042 ill]

1007 3106 1163 3164 Ecclesiam
1188 3107 1218 3163 in
1236 3108 1339 3180 iupille
1354 3123 1442 3180 propo
1464 3109 1600 3167 Leodium
1620 3125 1686 3168 eum
1712 3114 1799 3188 porti·

1042 3194 1803 3339 nentiliissuisaddecanatumhquensemspectantem
1864 3228 1866 3242 ·

1041 3295 1095 3340 oon
1117 3289 1201 3340 emat.

1045 3417 1405 3496 HonoriusepiscopuS,
1415 3435 1532 3483 servus
1543 3436 1716 3486 serrorum
1727 3423 1800 3496 Dei,

1006 3514 1125 3577 dilecto
1154 3514 1223 3576 filio
1248 3515 1373 3578 decano
1408 3518 1566 3593 Aquensi,
1598 3519 1742 3582 salutem
1770 3521 1804 3582 et

1005 3611 1515 3687 Apostolicambenedictionem.

1044 3709 1147 3770 Justls
1173 3709 1356 3786 petentium
1385 3709 1560 3771 desideriis
1589 3711 1725 3788 dignum
1752 3715 1803 3775 est

1005 3821 1065 3866 nos
1087 3805 1218 3866 facilem
1242 3804 1390 3882 praebere
1415 3822 1624 3880 consensum,
1653 3811 1685 3870 et
1709 3811 1799 3882 vota,

1005 3917 1078 3978 quae
1105 3917 1124 3962 a
1158 3901 1299 3963 rationis
1332 3903 1466 3964 tramite
1502 3919 1569 3964 non
1595 3904 1798 3980 discordant,

1004 3999 1124 4059 effectu
1162 4003 1382 4076 prosequente
1406 4001 1582 4076 complere.
1607 4004 1800 4080 Eapropter,

1004 4096 1126 4157 dilecte
1146 4096 1181 4155 in
1200 4095 1340 4156 Domino
1356 4095 1415 4169 fili,
1442 4097 1508 4158 tuis
1527 4099 1628 4174 justis
1653 4100 1803 4175 postula-

1003 4192 1149 4254 tionibus
1163 4195 1258 4268 grato
1275 4194 1510 4256 concurrentes
1523 4211 1676 4267 assensu,
1694 4197 1803 4258 eccle-

1003 4290 1088 4350 siam
1115 4289 1149 4349 in
1170 4289 1294 4366 Jupille
1318 4305 1392 4350 cum
1411 4291 1631 4366 pertinentiIs
1657 4296 1728 4371 ejus
1757 4294 1801 4356 ad

1004 4387 1200 4448 decanatum
1208 4390 1394 4462 Aquensem
1407 4389 1621 4464 spectantem,
1632 4390 1799 4452 sicuteam

1000 4485 1101 4561 juste,
1133 4483 1292 4545 canonice
1325 4486 1358 4546 et
1385 4485 1522 4562 pacifice
1554 4488 1714 4562 possides,
1741 4489 1801 4550 tibi

1003 4583 1036 4642 et
1049 4596 1109 4657 per
1128 4581 1161 4643 te
1181 4581 1246 4658 ipsi
1271 4582 1448 4644 decanatui
1471 4584 1669 4646 auctoritate
1688 4589 1798 4661 Apos-

1003 4678 1104 4740 tolica
1127 4677 1363 4739 confirmamus
1379 4679 1412 4739 et
1426 4680 1602 4756 praesentis
1615 4680 1731 4757 scripti
1746 4667 1816 4757 pas

1002 4775 1146 4837 trocinio
1159 4775 1413 4836 communimus.
1427 4774 1519 4835 Nulli
1533 4790 1612 4850 ergo
1626 4777 1800 4839 hominum

1003 4873 1103 4934 liceat
1120 4873 1208 4932 hanc
1222 4872 1379 4948 paginam
1394 4871 1517 4932 nostrae
1539 4872 1800 4935 confirmationis

1003 4969 1197 5044 infringere,
1215 4969 1269 5029 vel
1284 4969 1314 5028 ei
1326 4983 1413 5028 ausu
1423 4968 1601 5029 temerario
1619 4970 1798 5033 contraire.

1005 5067 1040 5127 Si
1055 5066 1130 5144 quis
1143 5066 1254 5128 autem
1274 5064 1337 5125 hoc
1352 5065 1517 5125 attentare
1536 5068 1798 5144 praesumpserit,

1003 5163 1267 5240 indignationem
1291 5161 1526 5238 omnipotentis
1549 5163 1608 5224 Dei
1627 5162 1660 5224 et
1680 5165 1799 5226 beato-

1002 5277 1076 5323 rum
1105 5260 1197 5322 Petri
1224 5259 1258 5320 et
1285 5258 1382 5318 Pauli
1415 5259 1639 5335 apostolorum
1668 5255 1740 5339 ejus
1765 5278 1801 5324 se

1003 5357 1133 5420 nouerit
1145 5357 1372 5418 incursurum.
1383 5357 1501 5418 Datum
1517 5357 1684 5430 Laterani,
1702 5358 1800 5419 nonis

1004 5455 1133 5532 aprilis,
1149 5453 1361 5530 pontificatus
1377 5451 1483 5515 nostri
1498 5469 1586 5514 anno
1600 5467 1698 5514 nono.
