4262 6382
977 239 1152 302 nonoau
1173 239 1220 299 111
1240 237 1389 300 crena.
1944 233 1995 292 332
2057 206 2058 280 l

355 251 415 314 att

678 413 834 502 llffl
1206 391 1996 569 ttttttfftitzttltttittttlt

361 572 414 631 Ad
427 570 624 632 conradum
646 565 878 626 Portuerrsem
898 565 1093 637 consonum
1119 561 1152 622 ct
1207 591 1337 669 puppe,
1347 587 1672 668 Apostobcascripta
1694 587 1905 656 mandamus,
1921 602 1997 661 qua.

400 665 644 742 linpetlrcrtum
665 663 958 736 arcnreptsropom
973 661 1154 722 Colonien—
1207 691 1316 752 temus
1340 703 1456 750 curam
1482 688 1516 748 et
1541 686 1690 760 regimen
1717 683 1995 744 paderbornensis
2060 687 2061 690 ¹

1207 786 1359 847 ecclesia
1382 799 1568 850 assumens,
1590 783 1639 844 sic
1664 781 1799 842 studeas
1821 779 1996 840 secundum

1208 883 1319 944 datam
1337 881 1398 944 libi
1412 897 1434 942 a
1452 881 1593 942 Domino
1612 877 1833 956 prudentiam,
1849 876 1997 938 commis-

1209 993 1280 1040 sam
1294 977 1354 1040 libi
1381 976 1640 1038 sollicitudinem
1666 989 1837 1046 exercere,
1863 973 1950 1049 quod
1969 977 1998 1034 et

1209 1072 1755 1152 praedictaecclesiasubregimine
1769 1069 1995 1146 tuoproliciat,
2063 1141 2064 1158 χ

1209 1175 1242 1234 et
1255 1174 1288 1236 te
1302 1173 1337 1232 iu
1350 1171 1507 1247 praesenti
1517 1169 1689 1231 existendo
1705 1183 1780 1228 cum
1790 1182 1890 1228 servo
1903 1181 1998 1226 eran·
2063 1165 2064 1186 ¹

1210 1269 1316 1345 getico
1327 1268 1434 1330 tidelis
1443 1268 1478 1328 iu
1489 1283 1607 1344 pauca,
1619 1267 1654 1327 iu
1666 1266 1776 1327 tuturo
1787 1279 1891 1340 super
1902 1263 1995 1324 multa

1210 1367 1403 1428 constituta
1424 1365 1564 1426 Domino
1579 1363 1751 1424 merearis.
1770 1362 1893 1422 Datum
1907 1363 1996 1420 Late-

399 1505 522 1564 cumque
541 1489 681 1548 bonerum
701 1488 945 1547 Paderborncnsis
964 1488 1154 1560 episcopatus,
1211 1464 1297 1536 Panis
1318 1465 1377 1524 Vll
1400 1461 1475 1523 idus
1503 1461 1633 1540 apsilis,
1658 1459 1872 1537 POmfflfflIllS
1900 1458 1995 1520 nostri
2064 1454 2066 1582 I

396 1595 461 1726 313
464 1587 608 1740 pperlIaIItcm
621 1578 770 1636 electionis
790 1591 850 1634 sue
874 1575 987 1634 tenebat
1006 1583 1155 1648 occupata,
1211 1575 1301 1622 anno
1315 1573 1414 1622 ncnc.

1510 1771 1708 1856 CXXXIII
2067 1766 2068 1834 l

427 893 507 965 (Sine
521 895 588 948 nota
602 888 816 962 chronologica,
831 889 906 959 (orte
929 889 945 944 7
966 884 1088 959 aprilis.)

517 1014 645 1078 [Sebatum
656 1009 875 1068 tununensis,
887 1011 905 1068 l,
918 1009 1000 1074 loct]

363 1141 413 1200 Eis
426 1137 571 1218 significat
581 1153 612 1196 se
626 1137 795 1194 electionem
810 1135 941 1208 magistri
960 1133 1085 1204 oliverii,
1104 1147 1152 1190 ca·

398 1229 494 1287 nonici
512 1227 641 1284 ecclesie
666 1223 918 1290 Paderboruensis,
939 1225 967 1280 iu
989 1224 1155 1295 episcopum

398 1315 661 1375 Puderbomensem
676 1313 872 1380 confirmasse,
886 1312 985 1382 eisque
999 1309 1116 1367 mandat
1125 1315 1157 1366 ut

399 1403 552 1462 ilenricum
571 1401 607 1460 sd
634 1401 777 1474 integram
799 1400 1006 1457 restitutionem
1025 1413 1157 1471 quorum·

402 1797 569 1856 Honorius
578 1795 762 1871 episcopus,
774 1809 891 1854 servus
905 1807 1077 1854 servorum
1084 1793 1154 1864 Dei,

363 1888 1154 1969 Portueusiepiscopo,Apostolicaesedislegato,

363 1992 397 2052 et
424 1989 675 2066 archiepiscopo
714 1987 924 2058 Coloniensi,
960 1986 1158 2047 salutemet

363 2086 588 2163 apostoticam
600 2084 876 2146 benedictionem.

405 2183 535 2246 Auditis
548 2185 582 2243 et
603 2180 792 2253 intellectis,
813 2196 886 2257 qnae
902 2196 1003 2258 super
1016 2180 1156 2243 electio-

364 2279 463 2342 nibus
477 2279 518 2340 de
531 2278 652 2340 dilecto
676 2278 745 2340 lilio
767 2277 927 2354 magistro
942 2278 1086 2356 olivero,
1100 2293 1159 2340 ca·

363 2375 1154 2448 ncnicoPaderbornensisecclesiaaacileurico,

364 2473 530 2551 quondam
546 2473 724 2549 praeposito
743 2472 894 2534 ecclesiae
906 2473 963 2532 SS.
980 2470 1160 2548 Apostolo-

364 2585 439 2632 rum
455 2570 546 2631 Petri
559 2570 592 2632 et
602 2569 753 2640 Andreae,
764 2585 784 2629 a
794 2568 1159 2630 canonicisPaderbor-

365 2666 524 2730 nensibus
551 2666 738 2738 celebratis,
754 2666 847 2728 tuere
862 2667 1030 2742 proposita
1046 2682 1157 2727 coram

365 2765 472 2838 uobis,
490 2765 530 2826 de
541 2763 680 2826 fratrum
696 2765 885 2826 nostrorum
908 2765 1049 2826 consilio
1070 2765 1161 2825 elec·

363 2863 487 2926 tionem
503 2861 543 2924 de
568 2862 725 2938 predicto
741 2861 885 2922 Henrico
906 2864 1156 2939 praesumptam,

363 2961 396 3022 et
410 2958 568 3037 quidquid
581 2975 624 3020 ex
636 2975 675 3020 ea
687 2961 835 3021 secutum
852 2959 904 3019 est
918 2959 972 3020 vel
993 2959 1035 3020 ob
1051 2959 1158 3036 ipsam

364 3056 496 3117 irritum
507 3056 742 3133 judicavimus,
757 3055 953 3117 electionem
975 3055 1015 3116 de
1036 3056 1161 3132 magis-

362 3155 415 3217 tro
430 3153 561 3216 olivero
575 3150 773 3214 celebratam
789 3169 810 3214 a
825 3153 943 3230 majori
955 3154 1047 3230 parte
1060 3153 1157 3231 capi-

365 3250 428 3312 tuli
461 3249 708 3312 confirmantes.
741 3250 904 3321 Quocirca
937 3249 1159 3312 fraternitati-

365 3345 427 3408 bus
439 3346 558 3408 vestris
571 3345 778 3418 mandamus,
789 3346 953 3424 quatenus
964 3346 1049 3424 quod
1061 3362 1161 3424 super

366 3443 430 3504 boc
458 3457 477 3504 a
504 3441 597 3502 nobis
624 3441 831 3513 factumest,
856 3443 999 3516 taciatiS,
1028 3443 1159 3506 sublato

366 3542 603 3616 cujuscumque
623 3539 893 3600 contradictionis
911 3542 943 3601 et
958 3540 1158 3616 appellatio-

367 3636 420 3698 nis
433 3634 574 3712 objectu,
600 3633 837 3698 inviolabiliter
858 3635 1046 3710 observare,
1071 3653 1161 3699 com-

367 3729 521 3810 pellendo
534 3730 708 3807 praelatum
729 3731 909 3793 Henricnm
931 3733 972 3794 ad
996 3733 1159 3810 integram

368 3829 613 3890 restitutionem
634 3843 839 3906 quorumque
853 3828 1016 3891 bonorum
1036 3831 1162 3892 Peder-

366 3925 541 3987 bornensis
557 3927 777 4003 episcopatus,
803 3941 876 4004 quae
892 3928 1055 4005 praetextu
1070 3927 1160 3992 elec-

367 4023 469 4084 tionis
479 4038 548 4084 snae
563 4023 722 4085 hactenus
738 4022 844 4086 tenuit
859 4025 1028 4101 occupata.

675 4317 851 4404 CXXXII

389 4467 441 4528 Aa
464 4465 651 4528 oliverium
670 4469 812 4528 electum
833 4471 1139 4532 paderbornensis.

653 4601 668 4655 7
681 4599 777 4669 aprilis
791 4599 870 4658 tuas.

652 4721 781 4786 [Scbatem
799 4721 876 4786 ibid]

370 4837 451 4894 lianc
466 4834 569 4894 deiude
592 4835 722 4906 termam,
751 4839 868 4910 repetita
887 4839 978 4911 prima
1005 4839 1162 4898 litterarum

405 4931 495 4998 parte,
521 4925 663 4982 Honorius
691 4924 816 4997 pontifex
840 4923 876 4982 ad
896 4926 988 4998 ipsum
1017 4927 1162 4986 oliverum

404 5011 526 5171 {1531th
537 5011 798 5072 Paderboruensem
809 5013 974 5086 episcopum
988 5014 1095 5083 scribit,
1110 5014 1160 5073 ad-

410 5225 494 5286 Illud
518 5225 640 5298 tamen,
665 5228 751 5303 quod
781 5244 881 5305 snper
907 5245 970 5290 usu
997 5230 1161 5294 salsarum

368 5322 555 5384 litterarum
570 5321 633 5384 fuit
653 5322 694 5384 de
705 5323 779 5401 ipso
800 5326 944 5386 Henrico
957 5328 1162 5404 propositum

368 5434 480 5481 coram
495 5417 601 5492 nobis,
627 5421 750 5482 nostrae
767 5422 984 5497 providentiae
1005 5439 1162 5486 reserva-

369 5529 453 5589 mus,
469 5515 509 5578 de
521 5516 632 5592 rigore
643 5516 696 5578 vel
711 5517 941 5580 misericordia
952 5520 1041 5582 circa
1053 5522 1160 5598 ipsum

1211 1926 1396 1987 Adnobttcs
1410 1923 1443 1984 ct
1453 1919 1995 1984 ministerialesPnderboruensts

1524 2022 1684 2080 ecclesiia.

1496 2151 1512 2207 7
1525 2149 1623 2222 aprilis
1638 2149 1716 2206 lata.

1495 2272 1624 2336 [Sebatem
1642 2270 1719 2336 ibid]

1212 2391 1321 2448 'l'ertias
1331 2387 1434 2447 deiude
1452 2389 1559 2446 litteras
1579 2385 1705 2461 pontifex
1719 2385 1796 2444 dedit
1808 2385 1845 2443 ad
1859 2385 1962 2444 nobiles
1972 2390 1994 2440 ct

1249 2478 1450 2536 ministeriales
1464 2475 1706 2535 Paderborneusis
1730 2474 1872 2538 ecclesiae,
1894 2479 1993 2531 servata
2072 2546 2073 2558 χ

1249 2567 1373 2639 priorum
1396 2567 1553 2623 litterarum
1578 2563 1679 2622 torma.
1696 2565 1848 2620 Postremo
1874 2561 1909 2620 ad
1928 2563 1994 2632 ipsos

1248 2654 1359 2713 nobiles
1372 2662 1401 2714 ct
1413 2653 1614 2712 ministeriales
1626 2666 1766 2711 converso
1780 2653 1866 2726 stylo.

1254 2782 1338 2856 Quia
1355 2797 1445 2854 vero,
1462 2780 1581 2858 iuquit,
1599 2795 1662 2858 quo
1678 2782 1728 2843 est
1750 2795 1853 2840 carne
1872 2777 1994 2856 spiritus

1214 2881 1246 2941 et
1256 2880 1367 2942 anima
1380 2895 1518 2957 corpore
1528 2879 1671 2956 dignior,
1686 2894 1726 2940 eo
1738 2877 1837 2938 debet
1851 2875 1995 2954 spiritua·

1214 2977 1256 3038 lis
1264 2977 1359 3053 pater
1366 2975 1642 3052 carnaliamplius
1653 2974 1826 3047 honorari,
1840 2989 1898 3052 per
1907 2965 1998 3047 apos·¹

1214 3073 1314 3134 tolica
1350 3073 1444 3135 vobis
1472 3073 1595 3149 scripta
1614 3072 1821 3144 mandamuS,
1846 3070 1994 3148 quatenus

1215 3170 1322 3232 eidem
1335 3170 1441 3230 electo
1455 3170 1614 3246 tanquam
1629 3170 1716 3246 patri
1741 3171 1773 3230 et
1792 3167 1917 3247 pastori
1928 3164 1993 3226 ani-

1215 3284 1344 3330 marum
1358 3269 1545 3329 vestrarum
1558 3267 1652 3344 plene
1667 3266 1700 3328 et
1709 3266 1882 3328 humiliter
1896 3263 1995 3324 inten-

1215 3364 1313 3436 datis,
1335 3366 1368 3426 el
1395 3365 1481 3426 sicut
1503 3363 1675 3436 tenemini,
1704 3363 1895 3425 exhibeatis
1912 3363 1996 3438 jnra-

1216 3463 1326 3524 menta
1339 3461 1509 3524 fidelitatis
1521 3462 1555 3523 et
1569 3461 1605 3522 iu
1623 3461 1773 3523 ecclesiae
1787 3476 1858 3522 suae
1869 3455 1994 3534 negotiis

1215 3559 1358 3621 fideliter
1373 3559 1569 3620 assistentes
1584 3558 1680 3634 plene
1694 3557 1831 3634 iusuper
1846 3556 1949 3618 eidem
1962 3551 1994 3610 de

1212 3656 1345 3734 juribus
1359 3656 1584 3734 ipsiecolesiae
1597 3671 1617 3717 a
1632 3655 1726 3718 vobis
1737 3655 1860 3716 debitIs
1876 3664 1995 3728 respou-

1216 3755 1297 3827 suri,
1326 3754 1475 3832 alioquin
1501 3753 1711 3824 seutentiam,
1739 3767 1839 3829 quam
1858 3745 1993 3830 ipserita

1214 3852 1340 3924 tulerit,
1353 3852 1504 3912 subituri.
1518 3852 1638 3913 Datum
1662 3849 1829 3922 Laterani,
1849 3851 1910 3911 Vll
1932 3843 1993 3906 idus

1216 3949 1344 4026 aprilis,
1358 3964 1447 4010 anno
1459 3963 1559 4010 nono.

1519 4197 1711 4285 CXXXIV

1258 4352 1308 4410 Ad
1324 4351 1545 4410 Berrmrdnm
1559 4349 1770 4424 manistram
1780 4348 1961 4424 Hospilolts

1348 4447 1383 4508 S.
1399 4446 1550 4520 Spiritus
1574 4447 1714 4519 ejusqrae
1734 4445 1880 4519 fratres.

1507 4577 1522 4633 7
1537 4573 1634 4647 aprilis
1647 4575 1725 4632 latu.

1259 4697 1378 4763 [liegest.,
1389 4697 1434 4748 lib.
1448 4697 1491 4756 IX,
1503 4711 1543 4763 ep.
1554 4697 1609 4748 tul.
1623 4697 1680 4749 blas.
1694 4698 1730 4748 Lu
1744 4698 1820 4748 Porto
1832 4697 1866 4748 du
1880 4692 1964 4756 Thali]

1219 4823 1362 4896 llospitale
1373 4822 1469 4881 Sancti
1480 4821 1600 4894 Spiritus
1610 4821 1685 4895 apud
1697 4822 1993 4895 Montempessulauum

1336 4910 1389 4968 sub
1406 4909 1580 4983 protectione
1597 4909 1673 4967 beati
1688 4911 1764 4967 Petri
1779 4911 1888 4984 recipit.

1257 5036 1443 5106 Honorius,
1474 5036 1551 5107 etc,
1578 5035 1708 5097 dilectis
1734 5035 1813 5096 tiliis
1838 5027 1993 5097 Bernardo

1218 5134 1376 5208 magistro
1386 5132 1567 5209 Hospitalis
1584 5131 1698 5193 Sancti
1713 5133 1857 5209 Spiritus
1872 5135 1993 5210 ejusque

1217 5229 1376 5291 tratribus
1386 5230 1454 5291 tam
1466 5228 1686 5306 praesentibus
1701 5245 1799 5306 quarn
1814 5229 1930 5292 tuturis
1943 5237 1992 5283 re-

1216 5327 1366 5404 gularem
1386 5326 1488 5389 vitam
1507 5325 1666 5403 protessis
1682 5327 1717 5386 in
1736 5327 1935 5404 perpetuum,
1947 5333 1993 5379 sa·

1198 5426 1329 5497 lntem,
1355 5425 1417 5486 etc.

1257 5518 1459 5596 Religiosam
1471 5519 1573 5582 vitam
1587 5520 1797 5596 eligentibus,
1814 5523 1889 5593 etc,
1900 5525 1992 5588 scorto
