4274 6388
287 277 348 340 223

287 431 432 497 humiles
460 429 548 494 filios
575 443 618 493 ex
639 431 781 495 assuetae
807 431 940 508 pietatis
966 431 1077 494 cilicio

288 531 487 610 propensius
500 529 641 605 diligere
652 529 835 600 consuevit,
848 531 891 600 et,
909 545 951 589 ne
961 543 1079 605 pravo·

286 645 361 690 rum
393 627 564 690 hominum
604 625 766 688 molestiis
799 626 978 700 agitentur,
1018 641 1076 685 eos

286 726 454 801 tamquam
467 723 522 800 pia
533 723 641 784 mater
654 739 722 783 suae
738 723 952 798 protectionis
962 722 1076 781 muni-

265 823 377 911 ,mine
405 821 592 882 contovere.
624 823 710 880 Saue
747 835 847 895 quum
873 818 1077 880 venerabilis

286 917 390 981 irater
411 917 524 978 noster
546 917 709 978 Ostiensis
731 917 917 992 episcopus,
943 916 1020 976 dum
1042 916 1077 974 in

286 1015 436 1092 partibus
450 1013 570 1076 vestris
585 1013 762 1090 legationis
786 1013 897 1073 cilicio
926 1012 1081 1087 fungere·

286 1114 351 1184 tur,
367 1111 501 1173 anobili
515 1111 587 1172 viro
603 1111 711 1171 Glotto
724 1110 879 1171 Monaldo
891 1111 963 1171 cive
978 1112 1079 1169 Peru·

287 1206 362 1270 sino
384 1207 521 1268 fundum
540 1208 715 1286 quemdam
734 1207 769 1266 in
791 1207 876 1278 loco,
903 1207 959 1283 qui
983 1221 1077 1266 mons

285 1306 408 1366 Lucius
419 1305 551 1377 dicitur,
562 1304 671 1381 injus,
683 1304 716 1365 et
724 1304 960 1382 proprietatem
970 1301 1079 1364 ilceto

286 1403 346 1464 siae
360 1404 531 1474 Romanae,
548 1401 647 1476 prout
664 1399 941 1461 mandaveramus
956 1399 1075 1472 eidem,

285 1498 401 1560 nostro
416 1497 549 1558 nomine
565 1497 757 1573 recepisset,
772 1498 806 1558 et
824 1497 859 1556 in
875 1495 1077 1557 monasterio

285 1592 1078 1672 vestroibiconstructoquaedaminvestreereli-

285 1691 396 1768 gionis
411 1692 637 1766 augmentum,
663 1692 696 1752 et
723 1691 871 1753 favorem
895 1691 998 1752 vestri
1022 1706 1078 1750 or-

286 1789 374 1849 dinis
389 1787 522 1850 duxerit
540 1789 726 1861 statuenda,
742 1804 816 1860 nos,
842 1789 962 1850 vestris
977 1787 1078 1864 justis

285 1883 563 1962 postulationibus
577 1886 771 1954 annuentes,
789 1884 874 1960 quod
899 1884 940 1944 ab
962 1883 1077 1944 eodem

218 2037 222 2048 ,
285 1981 442 2058 episcopo
465 1981 589 2042 lactum
614 1982 675 2052 est,
702 1982 810 2041 ratum
851 1979 1012 2042 habentes
1045 1980 1078 2041 et

285 2082 430 2154 gratum,
447 2077 534 2140 iacta
549 2076 684 2139 obtentu
698 2077 872 2152 religionis
896 2077 1015 2138 vestrae
1036 2076 1077 2138 ab

286 2175 441 2254 episcopo
472 2174 609 2251 pretato
638 2175 772 2247 statuta,
798 2175 884 2236 sicut
915 2175 949 2234 in
971 2174 1077 2250 ipsius

285 2271 462 2350 privilegio
488 2271 687 2341 continetur,
713 2271 910 2333 auctoritate
934 2273 1077 2347 Aposto-

285 2369 352 2432 lica
367 2369 611 2442 confirmamus,
629 2369 662 2430 et
680 2368 854 2445 praesentis
876 2368 993 2444 scripti
1011 2383 1075 2444 pa-

284 2465 429 2528 trocinio
465 2467 716 2527 communimus.
762 2468 924 2526 Touorem
965 2467 1076 2526 autem

286 2563 434 2640 eJusdem
450 2563 618 2640 privilegii
634 2563 674 2624 ad
688 2565 848 2639 majorem
871 2564 1028 2632 vestram,
1045 2563 1078 2622 et

285 2660 482 2722 monasterii
496 2661 670 2722 memorati
699 2659 874 2728 cautelam,
902 2658 1078 2736 praesenti-

286 2757 348 2818 bus
363 2757 484 2819 litteris
499 2758 539 2819 de
562 2756 664 2819 verbo
689 2757 731 2818 ad
754 2754 892 2818 verbum
921 2756 1076 2817 duximus

284 2853 510 2926 inserendum,
529 2854 585 2932 qui
600 2853 678 2916 talis
691 2856 751 2926 est,
768 2853 944 2916 videlicet:
1027 2867 1041 2942 '⁴

325 2955 463 3028 «nugo,
479 2952 695 3014 miseratione
718 2952 830 3014 divina
859 2937 1025 3013 Ostiensis*
1044 2951 1077 3026 et

283 3049 502 3112 velietrensis
517 3050 701 3126 episcopus,
712 3049 1014 3125 apostolicaesedis
1027 3048 1078 3108 le-

284 3148 393 3222 gatus,
411 3146 539 3207 dilectis
554 3146 590 3206 in
606 3147 736 3207 Christo
752 3145 882 3206 illiabus
899 3144 1076 3206 abbatissae

284 3243 479 3305 monasterii
501 3243 629 3304 Sanctae
649 3243 763 3304 Mariae
784 3243 823 3304 de
840 3244 951 3304 Monte
973 3244 1075 3304 Lucio

280 3341 317 3402 in
333 3340 502 3402 Perusinae
529 3339 672 3400 civitatis
701 3339 860 3400 suburbio
883 3340 1073 3410 constituto,

283 3440 422 3514 ejusque
446 3433 615 3498 sororibus
630 3436 698 3496 tam
723 3435 954 3511 praesentibus,
976 3451 1075 3512 quam

283 3533 404 3596 futuris
419 3533 611 3610 religiosam
637 3533 740 3594 vitam
756 3531 917 3609 protessis
934 3532 970 3592 in
994 3547 1073 3609 per-

284 3633 465 3709 potuum.»

323 3728 583 3790 «prudentibus
611 3727 809 3806 virginibus,
831 3745 905 3805 quae
930 3727 990 3788 sub
1012 3727 1075 3788 ha·

282 3824 354 3889 bitu
381 3827 553 3903 religionis
587 3827 737 3888 accensis
774 3826 982 3904 lampadibus
1015 3840 1076 3902 per

280 3939 382 4002 opera
402 3924 586 3987 sanct‘tatis
609 3939 645 3985 se
665 3925 792 4000 iugiter
807 3922 999 4001 praeparant
1014 3921 1075 3984 ob-

280 4021 371 4084 uiam
394 4020 445 4080 ire
459 4036 592 4096 sponso,
610 4020 643 4082 et
666 4038 740 4082 cum
764 4021 838 4096 ipso
854 4021 894 4081 ad
922 4020 1073 4082 coelestes

281 4117 416 4195 nuptias
431 4117 581 4190 introire,
606 4119 755 4180 nostrum
777 4117 934 4179 debemus
956 4117 1074 4194 praesi-

282 4215 374 4278 dium
388 4215 563 4292 impertiri,
581 4231 622 4275 ne
638 4214 721 4276 sorte
744 4213 921 4292 cujulisbei
937 4216 1074 4277 temeri-

281 4313 360 4376 tatis
375 4312 529 4373 inoursus
546 4314 605 4374 aut
619 4327 675 4372 eas
696 4329 715 4372 a
733 4313 903 4389 proposito
927 4314 1072 4386 revocet,

282 4409 340 4470 aut
352 4407 465 4481 robur,
481 4408 568 4485 quod
591 4407 688 4482 absit,
711 4425 815 4470 sacrae
829 4409 1004 4486 religionis
1020 4410 1074 4470 iu-

282 4505 418 4588 fringet.
453 4505 670 4583 Quapropter,
706 4505 835 4568 dilectae
871 4507 906 4568 in
934 4506 1072 4569 Domino

282 4603 373 4679 tiliae,
396 4603 517 4664 vestris
542 4603 645 4678 -justis
672 4602 952 4678 postulationibus
977 4607 1072 4680 grato

282 4702 518 4764 concurrentes
530 4715 680 4771 assensu,
695 4699 844 4771 fundum,
857 4717 954 4776 quem
969 4701 1073 4764 dilec-

281 4800 336 4880 tus
351 4799 439 4860 illius
464 4798 591 4859 Glottus
615 4797 764 4858 Monaldi
781 4796 902 4860 nobilis
929 4800 1070 4860 Perusi-

281 4913 344 4959 nus
360 4900 392 4959 et
407 4895 489 4957 civis
506 4894 650 4956 babebat
664 4895 698 4956 in
715 4902 826 4956 monte
839 4896 940 4958 Lucio
956 4896 991 4957 in
1007 4900 1072 4958 Pe-

187 5048 196 5060 ,
282 4996 407 5057 rusinae
429 4994 574 5056 civitatis
609 4991 780 5065 suburbio,
810 4992 906 5054 uobis
938 4993 1072 5057 nomine

282 5095 440 5155 Romanae
469 5089 625 5154 Ecclesiae
653 5089 694 5150 ab
718 5105 758 5151 eo
782 5089 837 5166 pia
872 5089 1072 5153 liberalitate

282 5189 451 5257 collatum,
481 5189 521 5250 de
550 5203 690 5249 assensu
724 5185 926 5248 venerabilis
960 5188 1071 5252 fratris

280 5285 386 5348 nostri
402 5283 556 5345 Perusini
571 5285 717 5362 episcopi
733 5285 767 5345 in
779 5286 878 5361 juset
892 5287 1072 5363 proprieta-

281 5380 449 5447 tomheae
465 5379 556 5442 Petri
567 5381 600 5443 et
614 5381 771 5443 Ecclesiae
783 5385 942 5444 Romanae
957 5397 1073 5444 susce-

281 5481 408 5558 pimus;
423 5476 478 5538 ubi
495 5476 735 5538 monasterium
750 5479 791 5538 ad
811 5479 972 5540 bonorem
999 5480 1069 5553 Dei,

280 5579 312 5639 et
327 5575 474 5652 Virginis
487 5573 640 5651 gloriosae
659 5575 837 5636 Genitricis
854 5577 937 5653 eius,
962 5580 1071 5639 utros

905 273 1082 335 HONORII
1104 273 1149 334 111
1169 273 1317 334 OPERA.

1866 275 1928 334 224

1131 431 1179 492 ibi
1193 430 1358 492 offerretis
1373 430 1512 492 Domino
1525 429 1732 502 holocausta,
1743 431 1776 492 et
1786 429 1872 492 alias
1884 431 1927 492 ad

1131 529 1280 589 divinum
1293 527 1488 604 obsequium
1513 526 1665 603 exemplo
1680 528 1791 588 vestro
1811 528 1928 589 trabe-

1131 625 1224 696 retis‚
1246 625 1380 685 nomine
1404 627 1562 687 Romanae
1579 625 1747 696 Ecclesiae,
1772 625 1859 700 quod
1883 625 1924 685 ad

1132 723 1238 798 ipsam
1253 722 1346 782 nullo
1359 722 1467 782 medio
1482 722 1636 798 pertinet,
1653 722 1809 782 duximus
1824 738 1925 784 cons·

1131 819 1319 880 truendum.
1333 821 1457 879 Verum
1472 819 1550 895 quia
1566 819 1707 895 petiistis
1721 833 1741 880 a
1762 818 1870 891 nobis,
1890 822 1928 881 ut

1132 916 1242 977 locum
1259 916 1365 992 ipsum
1381 917 1414 976 et
1429 931 1590 991 personas
1605 916 1650 976 ibi
1663 916 1802 976 Domino
1813 916 1926 978 famu-

1133 1013 1242 1074 lantes
1257 1014 1372 1073 contra
1386 1013 1607 1087 malignorum
1621 1014 1775 1074 incursus
1791 1015 1925 1089 protec-

1131 1110 1232 1171 tionis
1248 1109 1342 1170 Sedis
1356 1109 1555 1185 Apostolicae
1585 1109 1759 1186 privilegio
1779 1111 1931 1171 munire-

1131 1222 1255 1278 remus,
1268 1221 1329 1267 nos
1341 1207 1463 1268 uestris
1472 1208 1573 1282 justis
1586 1207 1740 1283 precibus
1757 1207 1923 1280 inclinati,

1132 1304 1254 1365 dictum
1281 1304 1529 1376 monasterium,
1561 1304 1647 1381 quod
1671 1303 1713 1364 ad
1741 1307 1925 1366 Romanam

1133 1400 1314 1462 Ecclesiam
1335 1400 1426 1462 nullo
1442 1400 1586 1476 pertinet
1609 1400 1786 1472 mediante,
1807 1401 1843 1460 in
1858 1415 1923 1478 quo

1132 1497 1244 1558 divino
1260 1497 1341 1558 estis
1357 1496 1515 1574 obsequio
1536 1498 1743 1574 mancipatae,
1763 1513 1837 1560 cum
1852 1515 1926 1574 per·

1132 1594 1223 1655 sonis
1234 1596 1267 1655 et
1279 1593 1432 1655 omnibus
1444 1595 1544 1656 rebus
1559 1594 1629 1655 suis
1645 1595 1706 1654 sub
1725 1595 1815 1656 beati
1832 1596 1924 1657 Petri

1133 1692 1337 1768 protectione
1348 1692 1560 1768 suscipimus,
1573 1693 1606 1754 et
1620 1693 1796 1768 praesentis
1807 1693 1922 1769 scripti

1132 1789 1308 1865 privilegio
1320 1788 1572 1861 communimus,
1586 1788 1748 1865 inprimis
1761 1789 1923 1866 siquidem

1133 1885 1325 1957 statuentes,
1352 1887 1389 1947 ut
1402 1886 1484 1947 ordo
1501 1887 1715 1958 monasticus
1733 1888 1787 1964 qui
1805 1901 1925 1947 secun-

1132 1982 1209 2042 dum
1230 1986 1345 2054 Deum,
1374 1986 1407 2044 et
1435 1983 1524 2045 beati
1557 1984 1730 2046 Benedicti
1762 1985 1923 2059 regulam,

1132 2095 1229 2155 quam
1243 2079 1456 2155 profitemini,
1473 2081 1508 2139 in
1528 2080 1643 2141 eodem
1663 2080 1737 2141 loco
1755 2081 1924 2142 institutus

1131 2191 1205 2236 esse
1217 2175 1432 2251 dignoscitur,
1446 2177 1616 2252 perpetuis
1627 2175 1751 2237 ibidem
1764 2178 1926 2254 tempori-

1131 2272 1193 2333 bus
1207 2272 1656 2335 inviolabiliterobservetur.
1671 2275 1864 2334 Formulam
1875 2274 1924 2334 nie

1132 2371 1400 2432 hilominusuitae
1415 2373 1545 2441 vestrae,
1559 2383 1656 2447 quum
1670 2387 1689 2430 a
1705 2371 1802 2432 nobis
1819 2371 1926 2431 bumi-

1131 2466 1209 2527 liter
1223 2467 1406 2543 recepistis,
1422 2483 1496 2526 cum
1511 2466 1600 2528 beati
1615 2468 1785 2528 Benedicti
1804 2468 1923 2542 regula

1130 2562 1299 2639 perpetuis
1319 2562 1523 2638 temporibus
1552 2578 1689 2624 manere
1714 2565 1925 2625 decernimus

1131 2659 1314 2733 illibatam·;
1345 2660 1453 2720 locum
1487 2661 1636 2722 vestrum
1670 2676 1743 2722 cum
1771 2660 1923 2722 omnibus

1131 2762 1341 2838 pertinentiis
1356 2762 1438 2833 suis,
1453 2763 1485 2823 et
1495 2762 1617 2832 omnia,
1635 2777 1708 2838 quae
1720 2763 1808 2838 juste
1820 2763 1854 2824 et
1865 2777 1923 2823 ca-

1133 2860 1251 2919 nonice
1264 2859 1453 2935 possidetis,
1467 2845 1571 2930 vobr‘s,
1583 2861 1615 2920 et
1628 2874 1687 2935 per
1698 2873 1758 2919 vos
1771 2859 1834 2930 his,
1849 2875 1923 2936 qum

1131 2955 1225 3016 vobis
1241 2954 1400 3015 canonice
1420 2955 1652 3027 successerint,
1674 2955 1919 3016 confirmantes.

1130 3055 1158 3113 A
1181 3053 1395 3129 praestatione
1420 3068 1500 3113 vero
1529 3052 1732 3113 decimarum
1758 3052 1922 3113 clausurae

1130 3151 1261 3221 vestrae,
1277 3151 1309 3211 et
1321 3150 1362 3210 de
1378 3149 1549 3210 hortorum
1570 3149 1741 3220 fructibus,
1758 3150 1790 3211 st
1807 3165 1923 3226 pomo-

1130 3261 1204 3306 rum
1219 3244 1375 3308 vos'esse
1397 3246 1605 3306 decernimus
1632 3247 1828 3308 auctoritate
1857 3261 1921 3323 pa-

1130 3343 1218 3418 ginae
1243 3344 1419 3419 praesentis
1446 3343 1620 3403 immunes.
1637 3346 1702 3402 Pro
1726 3342 1916 3416 bisantem,

1131 3442 1163 3500 et
1178 3438 1264 3510 aliis,
1283 3439 1318 3498 in
1333 3437 1452 3514 quibus
1466 3438 1607 3498 ecclesia
1622 3440 1733 3499 vestra
1746 3439 1819 3513 lege
1834 3441 1919 3500 dioe-

1130 3549 1251 3596 cesana
1260 3534 1373 3596 forsan
1385 3536 1555 3595 Perusinae
1571 3534 1721 3594 ecclesiae
1736 3537 1917 3606 teneretur,

1130 3647 1229 3692 unam
1244 3631 1364 3692 libram
1379 3646 1465 3692 cerae
1488 3631 1627 3701 tantum
1652 3632 1685 3691 et
1698 3645 1764 3691 non
1779 3631 1869 3692 aliud
1884 3633 1920 3693 in

1129 3729 1211 3790 leste
1233 3727 1477 3804 assumptionis
1501 3727 1661 3788 Gloriosa
1680 3727 1829 3802 Virginis
1851 3733 1921 3789 riu-

1128 3828 1224 3903 gusto
1240 3825 1405 3886 Perusino
1418 3824 1573 3901 episcopo
1584 3823 1681 3884 annis
1698 3824 1838 3900 singulis
1849 3841 1931 3902 per··

1129 3924 1312 3986 solvetis.»

1168 4037 1187 4082 c
1212 4021 1325 4082 Liceat
1345 4035 1475 4097 quoque
1496 4019 1590 4081 vobis
1613 4020 1769 4082 mulieres
1783 4021 1917 4094 liberas,

1128 4121 1161 4182 et
1175 4118 1375 4180 absolutase
1395 4118 1516 4179 saeculo
1537 4117 1699 4192 rugientes
1718 4117 1759 4178 ad
1779 4133 1920 4180 conuer-

1129 4216 1255 4277 sionem
1277 4215 1313 4274 in
1332 4215 1474 4275 ecclesia
1489 4215 1600 4275 vestra
1620 4214 1781 4290 recipere,
1806 4219 1840 4276 et
1864 4231 1921 4276 eas

1129 4314 1202 4374 sine
1239 4311 1505 4374 contradictione
1549 4309 1726 4388 cujuslibet
1762 4312 1919 4372 retinere.

1128 4409 1347 4471 Prohibemus
1373 4408 1485 4480 etiam,
1507 4410 1543 4468 ut
1567 4407 1653 4467 nulli
1677 4421 1829 4468 sororum
1843 4423 1920 4468 res-

1127 4508 1254 4569 trarum
1270 4508 1343 4584 post
1363 4505 1483 4568 iactam
1499 4505 1535 4564 in
1555 4505 1826 4566 ecclesiarestra
1842 4519 1922 4580 pro-

1127 4605 1304 4666 fessionem
1324 4602 1374 4662 ias
1390 4603 1433 4662 sit
1444 4600 1485 4660 de
1505 4601 1622 4662 eodem
1635 4601 1708 4662 loco
1731 4601 1917 4674 discedere,

1127 4715 1187 4763 seu
1202 4701 1382 4761 claustrum
1397 4698 1544 4760 uestrum
1564 4698 1679 4770 exire;
1697 4698 1919 4760 discedentem

1126 4813 1206 4860 vero
1234 4795 1359 4874 absque
1381 4796 1605 4857 communium
1631 4795 1817 4855 litterarum
1842 4809 1921 4856 ves-
2008 4853 2011 4860 .

1127 4896 1254 4972 tranum
1281 4892 1435 4955 cautione
1458 4892 1570 4953 nullus
1605 4891 1726 4953 audeat
1760 4892 1918 4952 retinere.

1126 4992 1305 5054 Neclicoat
1318 4990 1395 5050 aliis
1411 4989 1564 5065 personis
1587 4988 1717 5065 ingredi
1737 4989 1920 5050 claustrum

1126 5091 1273 5154 vestrum
1296 5088 1419 5163 preter
1435 5085 1522 5158 illas,
1547 5086 1588 5146 de
1612 5085 1731 5162 quibus
1749 5085 1919 5146 licentiam

1127 5185 1311 5247 habueritis
1348 5183 1537 5260 specialem.
1576 5182 1809 5244 Dedicationes
1839 5195 1919 5243 vero

1127 5281 1348 5346 ecclesiarum
1366 5281 1565 5351 vestrarum,
1581 5279 1851 5341 consecrationes
1864 5281 1919 5339 al-

1125 5381 1260 5451 tarium,
1294 5379 1328 5440 et
1353 5377 1581 5439 ordinationes
1614 5377 1824 5447 clericorum,
1861 5377 1919 5453 qui

1126 5477 1249 5539 fuerint
1275 5475 1315 5536 ad
1347 5489 1462 5536 sacros
1486 5473 1621 5534 ordines
1642 5473 1858 5561 provomendi
1888 5475 1921 5536 et

1126 5575 1193 5638 alia
1208 5572 1435 5636 ecclesiastica
1460 5572 1667 5632 sacramenta
1687 5587 1707 5630 a
1731 5571 1920 5632 dioecesano
