<?xml version="1.0" encoding="UTF-8"?>
<!DOCTYPE html PUBLIC "-//W3C//DTD XHTML 1.0 Transitional//EN"
    "http://www.w3.org/TR/xhtml1/DTD/xhtml1-transitional.dtd">
<html xmlns="http://www.w3.org/1999/xhtml" xml:lang="en" lang="en">
 <head>
  <title>
</title>
<meta http-equiv="Content-Type" content="text/html;charset=utf-8" />
  <meta name='ocr-system' content='tesseract 3.04.00' />
  <meta name='ocr-capabilities' content='ocr_page ocr_carea ocr_par ocr_line ocrx_word'/>
</head>
<body>
  <div class='ocr_page' id='page_1' title='image "./mediiaevibiblio00unkngoog_0491.png"; bbox 0 0 4226 6372; ppageno 0'>
   <div class='ocr_carea' id='block_1_1' title="bbox 110 291 178 352">
    <p class='ocr_par' dir='ltr' id='par_1_1' title="bbox 110 291 178 352">
     <span class='ocr_line' id='line_1_1' title="bbox 110 291 178 352; baseline 0.015 -2"><span class='ocrx_word' id='word_1_1' title='bbox 110 291 178 352; x_wconf 79' lang='lat'>857</span> 
     </span>
    </p>
   </div>
   <div class='ocr_carea' id='block_1_2' title="bbox 113 449 925 3141">
    <p class='ocr_par' dir='ltr' id='par_1_2' title="bbox 113 449 925 3141">
     <span class='ocr_line' id='line_1_2' title="bbox 115 449 917 530; baseline -0.001 -17"><span class='ocrx_word' id='word_1_2' title='bbox 115 453 196 521; x_wconf 85' lang='lat' dir='ltr'>tate,</span> <span class='ocrx_word' id='word_1_3' title='bbox 210 453 283 514; x_wconf 89' lang='lat' dir='ltr'>sine</span> <span class='ocrx_word' id='word_1_4' title='bbox 300 453 429 514; x_wconf 90' lang='lat' dir='ltr'>delectu</span> <span class='ocrx_word' id='word_1_5' title='bbox 442 451 603 530; x_wconf 87' lang='lat' dir='ltr'>aliquota</span> <span class='ocrx_word' id='word_1_6' title='bbox 617 449 820 529; x_wconf 79' lang='lat' dir='ltr'><strong>quibuslibet</strong></span> <span class='ocrx_word' id='word_1_7' title='bbox 834 467 917 514; x_wconf 87' lang='lat' dir='ltr'>oau-</span> 
     </span>
     <span class='ocr_line' id='line_1_3' title="bbox 113 548 915 619; baseline 0 -12"><span class='ocrx_word' id='word_1_8' title='bbox 113 549 162 609; x_wconf 88' lang='lat' dir='ltr'>sis</span> <span class='ocrx_word' id='word_1_9' title='bbox 186 552 363 610; x_wconf 89' lang='lat' dir='ltr'>assumunt</span> <span class='ocrx_word' id='word_1_10' title='bbox 380 549 526 610; x_wconf 90' lang='lat' dir='ltr'>officium</span> <span class='ocrx_word' id='word_1_11' title='bbox 541 548 704 619; x_wconf 85' lang='lat' dir='ltr'>advocati,</span> <span class='ocrx_word' id='word_1_12' title='bbox 722 549 915 610; x_wconf 75' lang='lat' dir='ltr'>exercentes</span> 
     </span>
     <span class='ocr_line' id='line_1_4' title="bbox 116 645 916 722; baseline 0.001 -19"><span class='ocrx_word' id='word_1_13' title='bbox 116 645 204 706; x_wconf 92' lang='lat' dir='ltr'>illud</span> <span class='ocrx_word' id='word_1_14' title='bbox 235 647 372 707; x_wconf 88' lang='lat' dir='ltr'>nimium</span> <span class='ocrx_word' id='word_1_15' title='bbox 399 646 609 722; x_wconf 90' lang='lat' dir='ltr'>impudenter</span> <span class='ocrx_word' id='word_1_16' title='bbox 641 659 702 720; x_wconf 89' lang='lat' dir='ltr'>pro</span> <span class='ocrx_word' id='word_1_17' title='bbox 739 645 916 720; x_wconf 90' lang='lat' dir='ltr'>temporali</span> 
     </span>
     <span class='ocr_line' id='line_1_5' title="bbox 115 741 917 818; baseline -0.001 -16"><span class='ocrx_word' id='word_1_18' title='bbox 115 746 249 818; x_wconf 87' lang='lat' dir='ltr'>quaestu</span> <span class='ocrx_word' id='word_1_19' title='bbox 272 744 307 803; x_wconf 91' lang='grc'>11</span> <span class='ocrx_word' id='word_1_20' title='bbox 334 743 406 804; x_wconf 86' lang='grc'><strong>1111</strong></span> <span class='ocrx_word' id='word_1_21' title='bbox 431 743 671 813; x_wconf 83' lang='grc'><strong>1111111111111,</strong></span> <span class='ocrx_word' id='word_1_22' title='bbox 693 743 726 803; x_wconf 87' lang='grc'>11</span> <span class='ocrx_word' id='word_1_23' title='bbox 748 741 851 812; x_wconf 92' lang='lat' dir='ltr'>civili,</span> <span class='ocrx_word' id='word_1_24' title='bbox 874 756 917 801; x_wconf 80' lang='lat' dir='ltr'>ex</span> 
     </span>
     <span class='ocr_line' id='line_1_6' title="bbox 121 838 916 915; baseline -0.003 -15"><span class='ocrx_word' id='word_1_25' title='bbox 121 856 190 915; x_wconf 93' lang='lat' dir='ltr'>quo</span> <span class='ocrx_word' id='word_1_26' title='bbox 212 841 380 901; x_wconf 87' lang='lat' dir='ltr'>nonnullis</span> <span class='ocrx_word' id='word_1_27' title='bbox 400 840 591 900; x_wconf 88' lang='lat' dir='ltr'>efficiuntur</span> <span class='ocrx_word' id='word_1_28' title='bbox 608 840 644 898; x_wconf 92' lang='lat' dir='ltr'>in</span> <span class='ocrx_word' id='word_1_29' title='bbox 661 838 867 908; x_wconf 89' lang='lat' dir='ltr'>scandalum,</span> <span class='ocrx_word' id='word_1_30' title='bbox 884 839 916 898; x_wconf 91' lang='lat' dir='ltr'>et</span> 
     </span>
     <span class='ocr_line' id='line_1_7' title="bbox 118 935 917 1014; baseline -0.001 -19"><span class='ocrx_word' id='word_1_31' title='bbox 118 937 201 997; x_wconf 90' lang='lat' dir='ltr'>aliis</span> <span class='ocrx_word' id='word_1_32' title='bbox 216 939 251 998; x_wconf 94' lang='grc'>11</span> <span class='ocrx_word' id='word_1_33' title='bbox 268 939 499 1014; x_wconf 88' lang='lat' dir='ltr'>contemptum.</span> <span class='ocrx_word' id='word_1_34' title='bbox 522 939 605 997; x_wconf 88' lang='lat' dir='ltr'>Sunt</span> <span class='ocrx_word' id='word_1_35' title='bbox 620 937 652 997; x_wconf 92' lang='lat' dir='ltr'>et</span> <span class='ocrx_word' id='word_1_36' title='bbox 669 935 727 996; x_wconf 92' lang='lat' dir='ltr'>alii</span> <span class='ocrx_word' id='word_1_37' title='bbox 737 936 805 997; x_wconf 92' lang='lat' dir='ltr'>tam</span> <span class='ocrx_word' id='word_1_38' title='bbox 820 950 917 995; x_wconf 90' lang='lat' dir='ltr'>cano-</span> 
     </span>
     <span class='ocr_line' id='line_1_8' title="bbox 115 1031 917 1110; baseline -0.004 -17"><span class='ocrx_word' id='word_1_39' title='bbox 115 1033 201 1105; x_wconf 88' lang='lat' dir='ltr'>nici,</span> <span class='ocrx_word' id='word_1_40' title='bbox 224 1049 322 1110; x_wconf 90' lang='lat' dir='ltr'>quam</span> <span class='ocrx_word' id='word_1_41' title='bbox 339 1034 453 1095; x_wconf 90' lang='lat' dir='ltr'>clerici</span> <span class='ocrx_word' id='word_1_42' title='bbox 466 1033 620 1093; x_wconf 89' lang='lat' dir='ltr'>dioecesis</span> <span class='ocrx_word' id='word_1_43' title='bbox 636 1031 847 1108; x_wconf 88' lang='lat' dir='ltr'>supradictae,</span> <span class='ocrx_word' id='word_1_44' title='bbox 861 1032 917 1108; x_wconf 90' lang='lat' dir='ltr'>qui</span> 
     </span>
     <span class='ocr_line' id='line_1_9' title="bbox 117 1128 916 1192; baseline -0.004 -2"><span class='ocrx_word' id='word_1_45' title='bbox 117 1131 290 1192; x_wconf 89' lang='lat' dir='ltr'>clericalis</span> <span class='ocrx_word' id='word_1_46' title='bbox 306 1131 487 1192; x_wconf 82' lang='lat' dir='ltr'>honestatis</span> <span class='ocrx_word' id='word_1_47' title='bbox 499 1128 593 1191; x_wconf 90' lang='lat' dir='ltr'>obliti</span> <span class='ocrx_word' id='word_1_48' title='bbox 609 1129 750 1192; x_wconf 86' lang='lat' dir='ltr'>diversis</span> <span class='ocrx_word' id='word_1_49' title='bbox 766 1128 800 1189; x_wconf 89' lang='lat' dir='ltr'>et</span> <span class='ocrx_word' id='word_1_50' title='bbox 810 1129 916 1190; x_wconf 87' lang='lat' dir='ltr'>variis</span> 
     </span>
     <span class='ocr_line' id='line_1_10' title="bbox 117 1225 914 1303; baseline -0.001 -17"><span class='ocrx_word' id='word_1_51' title='bbox 117 1227 340 1288; x_wconf 88' lang='lat' dir='ltr'>saecularibus</span> <span class='ocrx_word' id='word_1_52' title='bbox 362 1225 640 1303; x_wconf 82' lang='lat' dir='ltr'>negotiationibus</span> <span class='ocrx_word' id='word_1_53' title='bbox 663 1241 698 1285; x_wconf 92' lang='lat' dir='ltr'>se</span> <span class='ocrx_word' id='word_1_54' title='bbox 717 1226 914 1296; x_wconf 79' lang='lat' dir='ltr'>immiscent,</span> 
     </span>
     <span class='ocr_line' id='line_1_11' title="bbox 118 1321 917 1400; baseline -0.006 -15"><span class='ocrx_word' id='word_1_55' title='bbox 118 1325 284 1400; x_wconf 79' lang='lat' dir='ltr'>emptioni</span> <span class='ocrx_word' id='word_1_56' title='bbox 302 1325 335 1386; x_wconf 91' lang='lat' dir='ltr'>et</span> <span class='ocrx_word' id='word_1_57' title='bbox 358 1325 541 1386; x_wconf 85' lang='lat' dir='ltr'>venditioni</span> <span class='ocrx_word' id='word_1_58' title='bbox 564 1323 855 1384; x_wconf 81' lang='lat' dir='ltr'>mercimoniorum</span> <span class='ocrx_word' id='word_1_59' title='bbox 869 1321 917 1380; x_wconf 89' lang='lat' dir='ltr'>sic</span> 
     </span>
     <span class='ocr_line' id='line_1_12' title="bbox 118 1417 917 1496; baseline -0.005 -16"><span class='ocrx_word' id='word_1_60' title='bbox 118 1421 237 1492; x_wconf 90' lang='lat' dir='ltr'>dediti,</span> <span class='ocrx_word' id='word_1_61' title='bbox 253 1422 288 1482; x_wconf 95' lang='lat' dir='ltr'>ut</span> <span class='ocrx_word' id='word_1_62' title='bbox 306 1422 532 1496; x_wconf 80' lang='lat' dir='ltr'>negotiatores</span> <span class='ocrx_word' id='word_1_63' title='bbox 550 1419 662 1479; x_wconf 90' lang='lat' dir='ltr'>verius</span> <span class='ocrx_word' id='word_1_64' title='bbox 681 1435 779 1495; x_wconf 91' lang='lat' dir='ltr'>quam</span> <span class='ocrx_word' id='word_1_65' title='bbox 802 1417 917 1478; x_wconf 89' lang='lat' dir='ltr'>clerici</span> 
     </span>
     <span class='ocr_line' id='line_1_13' title="bbox 119 1514 919 1592; baseline -0.006 -13"><span class='ocrx_word' id='word_1_66' title='bbox 119 1518 310 1588; x_wconf 89' lang='lat' dir='ltr'>videantur,</span> <span class='ocrx_word' id='word_1_67' title='bbox 326 1517 411 1592; x_wconf 92' lang='lat' dir='ltr'>quod</span> <span class='ocrx_word' id='word_1_68' title='bbox 423 1517 536 1592; x_wconf 90' lang='lat' dir='ltr'>utique</span> <span class='ocrx_word' id='word_1_69' title='bbox 551 1516 651 1576; x_wconf 88' lang='lat' dir='ltr'>decus</span> <span class='ocrx_word' id='word_1_70' title='bbox 667 1514 746 1576; x_wconf 88' lang='lat' dir='ltr'>facit</span> <span class='ocrx_word' id='word_1_71' title='bbox 757 1514 919 1576; x_wconf 79' lang='lat' dir='ltr'>vilescere</span> 
     </span>
     <span class='ocr_line' id='line_1_14' title="bbox 120 1611 918 1684; baseline -0.005 -10"><span class='ocrx_word' id='word_1_72' title='bbox 120 1614 292 1682; x_wconf 88' lang='lat' dir='ltr'>clericale.</span> <span class='ocrx_word' id='word_1_73' title='bbox 309 1613 392 1684; x_wconf 87' lang='lat' dir='ltr'>Quia</span> <span class='ocrx_word' id='word_1_74' title='bbox 406 1627 486 1674; x_wconf 90' lang='lat' dir='ltr'>vero</span> <span class='ocrx_word' id='word_1_75' title='bbox 501 1611 609 1682; x_wconf 89' lang='lat' dir='ltr'>valde,</span> <span class='ocrx_word' id='word_1_76' title='bbox 631 1613 666 1672; x_wconf 93' lang='lat' dir='ltr'>ut</span> <span class='ocrx_word' id='word_1_77' title='bbox 688 1611 822 1681; x_wconf 89' lang='lat' dir='ltr'>asseris,</span> <span class='ocrx_word' id='word_1_78' title='bbox 846 1625 918 1670; x_wconf 92' lang='lat' dir='ltr'>me·</span> 
     </span>
     <span class='ocr_line' id='line_1_15' title="bbox 118 1707 919 1786; baseline -0.006 -15"><span class='ocrx_word' id='word_1_79' title='bbox 118 1712 202 1778; x_wconf 88' lang='lat' dir='ltr'>tuis,</span> <span class='ocrx_word' id='word_1_80' title='bbox 219 1726 261 1770; x_wconf 91' lang='lat' dir='ltr'>ne</span> <span class='ocrx_word' id='word_1_81' title='bbox 272 1710 301 1770; x_wconf 89' lang='lat' dir='ltr'>si</span> <span class='ocrx_word' id='word_1_82' title='bbox 317 1709 465 1786; x_wconf 88' lang='lat' dir='ltr'>praedicti</span> <span class='ocrx_word' id='word_1_83' title='bbox 482 1707 683 1780; x_wconf 71' lang='lat' dir='ltr'>sacerdotes</span> <span class='ocrx_word' id='word_1_84' title='bbox 700 1708 732 1769; x_wconf 91' lang='lat' dir='ltr'>et</span> <span class='ocrx_word' id='word_1_85' title='bbox 744 1707 858 1768; x_wconf 89' lang='lat' dir='ltr'>clerici</span> <span class='ocrx_word' id='word_1_86' title='bbox 878 1707 919 1767; x_wconf 90' lang='lat' dir='ltr'>ab</span> 
     </span>
     <span class='ocr_line' id='line_1_16' title="bbox 121 1803 920 1884; baseline -0.006 -16"><span class='ocrx_word' id='word_1_87' title='bbox 121 1806 318 1884; x_wconf 80' lang='lat' dir='ltr'>buJusmodi</span> <span class='ocrx_word' id='word_1_88' title='bbox 331 1822 397 1868; x_wconf 92' lang='lat' dir='ltr'>non</span> <span class='ocrx_word' id='word_1_89' title='bbox 411 1807 585 1882; x_wconf 86' lang='lat' dir='ltr'>quiescant</span> <span class='ocrx_word' id='word_1_90' title='bbox 605 1806 691 1867; x_wconf 88' lang='lat' dir='ltr'>sicut</span> <span class='ocrx_word' id='word_1_91' title='bbox 713 1804 854 1882; x_wconf 90' lang='lat' dir='ltr'>populus</span> <span class='ocrx_word' id='word_1_92' title='bbox 872 1803 920 1864; x_wconf 89' lang='lat' dir='ltr'>sic</span> 
     </span>
     <span class='ocr_line' id='line_1_17' title="bbox 122 1901 920 1977; baseline -0.008 -11"><span class='ocrx_word' id='word_1_93' title='bbox 122 1904 283 1966; x_wconf 83' lang='lat' dir='ltr'>sacerdos</span> <span class='ocrx_word' id='word_1_94' title='bbox 304 1904 437 1975; x_wconf 82' lang='lat' dir='ltr'>existat,</span> <span class='ocrx_word' id='word_1_95' title='bbox 460 1902 661 1964; x_wconf 81' lang='lat' dir='ltr'>fraternitati</span> <span class='ocrx_word' id='word_1_96' title='bbox 687 1903 765 1974; x_wconf 73' lang='lat' dir='ltr'>tuae,</span> <span class='ocrx_word' id='word_1_97' title='bbox 788 1901 920 1977; x_wconf 91' lang='lat' dir='ltr'>plenam</span> 
     </span>
     <span class='ocr_line' id='line_1_18' title="bbox 122 1997 922 2071; baseline -0.006 -9"><span class='ocrx_word' id='word_1_98' title='bbox 122 2003 165 2062; x_wconf 91' lang='lat' dir='ltr'>de</span> <span class='ocrx_word' id='word_1_99' title='bbox 189 2003 224 2062; x_wconf 91' lang='lat' dir='ltr'>te</span> <span class='ocrx_word' id='word_1_100' title='bbox 250 2001 403 2061; x_wconf 85' lang='lat' dir='ltr'>fiduciam</span> <span class='ocrx_word' id='word_1_101' title='bbox 432 1999 629 2071; x_wconf 69' lang='lat' dir='ltr'>obtinentes</span> <span class='ocrx_word' id='word_1_102' title='bbox 646 1998 868 2069; x_wconf 71' lang='lat' dir='ltr'>concedimus</span> <span class='ocrx_word' id='word_1_103' title='bbox 885 1997 922 2058; x_wconf 92' lang='lat' dir='ltr'>ut</span> 
     </span>
     <span class='ocr_line' id='line_1_19' title="bbox 124 2095 922 2160; baseline -0.008 -1"><span class='ocrx_word' id='word_1_104' title='bbox 124 2097 325 2160; x_wconf 89' lang='lat' dir='ltr'>auctoritate</span> <span class='ocrx_word' id='word_1_105' title='bbox 344 2098 457 2158; x_wconf 88' lang='lat' dir='ltr'>nostra</span> <span class='ocrx_word' id='word_1_106' title='bbox 471 2097 547 2158; x_wconf 91' lang='lat' dir='ltr'>illos</span> <span class='ocrx_word' id='word_1_107' title='bbox 565 2095 680 2156; x_wconf 90' lang='lat' dir='ltr'>valeas</span> <span class='ocrx_word' id='word_1_108' title='bbox 696 2112 715 2156; x_wconf 90' lang='lat' dir='ltr'>a</span> <span class='ocrx_word' id='word_1_109' title='bbox 728 2095 850 2156; x_wconf 90' lang='lat' dir='ltr'>talibus</span> <span class='ocrx_word' id='word_1_110' title='bbox 865 2109 922 2154; x_wconf 88' lang='lat' dir='ltr'>co-</span> 
     </span>
     <span class='ocr_line' id='line_1_20' title="bbox 123 2191 924 2270; baseline -0.005 -15"><span class='ocrx_word' id='word_1_111' title='bbox 123 2195 253 2266; x_wconf 89' lang='lat' dir='ltr'>hibere,</span> <span class='ocrx_word' id='word_1_112' title='bbox 275 2194 341 2254; x_wconf 89' lang='lat' dir='ltr'>nist</span> <span class='ocrx_word' id='word_1_113' title='bbox 363 2195 515 2270; x_wconf 89' lang='lat' dir='ltr'>proprias</span> <span class='ocrx_word' id='word_1_114' title='bbox 530 2207 660 2264; x_wconf 86' lang='grc'><strong>111111,</strong></span> <span class='ocrx_word' id='word_1_115' title='bbox 686 2193 739 2254; x_wconf 91' lang='lat' dir='ltr'>vel</span> <span class='ocrx_word' id='word_1_116' title='bbox 763 2191 924 2254; x_wconf 85' lang='lat' dir='ltr'>ecclesia-</span> 
     </span>
     <span class='ocr_line' id='line_1_21' title="bbox 122 2289 919 2367; baseline -0.008 -15"><span class='ocrx_word' id='word_1_117' title='bbox 122 2309 201 2352; x_wconf 89' lang='lat' dir='ltr'>rum</span> <span class='ocrx_word' id='word_1_118' title='bbox 213 2305 361 2361; x_wconf 90' lang='lat' dir='ltr'>suarum,</span> <span class='ocrx_word' id='word_1_119' title='bbox 372 2294 427 2352; x_wconf 88' lang='lat' dir='ltr'>aut</span> <span class='ocrx_word' id='word_1_120' title='bbox 438 2305 657 2367; x_wconf 90' lang='lat' dir='ltr'>personarum</span> <span class='ocrx_word' id='word_1_121' title='bbox 671 2289 919 2358; x_wconf 87' lang='lat' dir='ltr'>miserabilium,</span> 
     </span>
     <span class='ocr_line' id='line_1_22' title="bbox 125 2384 923 2465; baseline -0.005 -16"><span class='ocrx_word' id='word_1_122' title='bbox 125 2403 201 2465; x_wconf 89' lang='lat' dir='ltr'>quae</span> <span class='ocrx_word' id='word_1_123' title='bbox 219 2387 372 2464; x_wconf 85' lang='lat' dir='ltr'>prosequi</span> <span class='ocrx_word' id='word_1_124' title='bbox 390 2403 510 2448; x_wconf 89' lang='lat' dir='ltr'>causas</span> <span class='ocrx_word' id='word_1_125' title='bbox 530 2403 607 2448; x_wconf 88' lang='lat' dir='ltr'>suas</span> <span class='ocrx_word' id='word_1_126' title='bbox 629 2386 781 2463; x_wconf 89' lang='lat' dir='ltr'>nequiter</span> <span class='ocrx_word' id='word_1_127' title='bbox 799 2384 923 2445; x_wconf 89' lang='lat' dir='ltr'>inerint</span> 
     </span>
     <span class='ocr_line' id='line_1_23' title="bbox 124 2482 923 2561; baseline -0.005 -17"><span class='ocrx_word' id='word_1_128' title='bbox 124 2485 306 2561; x_wconf 84' lang='lat' dir='ltr'>prosecuti,</span> <span class='ocrx_word' id='word_1_129' title='bbox 321 2500 395 2545; x_wconf 94' lang='lat' dir='ltr'>cum</span> <span class='ocrx_word' id='word_1_130' title='bbox 408 2483 646 2544; x_wconf 87' lang='lat' dir='ltr'>inconveniens</span> <span class='ocrx_word' id='word_1_131' title='bbox 664 2483 706 2544; x_wconf 90' lang='lat' dir='ltr'>sit</span> <span class='ocrx_word' id='word_1_132' title='bbox 719 2482 923 2559; x_wconf 88' lang='lat' dir='ltr'>presbyteris</span> 
     </span>
     <span class='ocr_line' id='line_1_24' title="bbox 126 2580 924 2657; baseline -0.004 -15"><span class='ocrx_word' id='word_1_133' title='bbox 126 2582 169 2642; x_wconf 91' lang='lat' dir='ltr'>ad</span> <span class='ocrx_word' id='word_1_134' title='bbox 190 2581 413 2642; x_wconf 92' lang='lat' dir='ltr'>ministerinm</span> <span class='ocrx_word' id='word_1_135' title='bbox 429 2582 589 2657; x_wconf 90' lang='lat' dir='ltr'>corporis,</span> <span class='ocrx_word' id='word_1_136' title='bbox 606 2581 639 2642; x_wconf 92' lang='grc'>11</span> <span class='ocrx_word' id='word_1_137' title='bbox 659 2580 834 2656; x_wconf 85' lang='lat' dir='ltr'>sanguinis</span> <span class='ocrx_word' id='word_1_138' title='bbox 857 2581 924 2640; x_wconf 90' lang='lat' dir='ltr'>Do-</span> 
     </span>
     <span class='ocr_line' id='line_1_25' title="bbox 124 2677 922 2755; baseline -0.005 -16"><span class='ocrx_word' id='word_1_139' title='bbox 124 2679 211 2739; x_wconf 92' lang='lat' dir='ltr'>mini</span> <span class='ocrx_word' id='word_1_140' title='bbox 232 2678 397 2755; x_wconf 88' lang='lat' dir='ltr'>deputatis</span> <span class='ocrx_word' id='word_1_141' title='bbox 409 2679 610 2755; x_wconf 88' lang='lat' dir='ltr'>judiciorum</span> <span class='ocrx_word' id='word_1_142' title='bbox 626 2677 810 2754; x_wconf 84' lang='lat' dir='ltr'>strepitum,</span> <span class='ocrx_word' id='word_1_143' title='bbox 828 2677 861 2738; x_wconf 90' lang='lat' dir='ltr'>et</span> <span class='ocrx_word' id='word_1_144' title='bbox 876 2677 922 2736; x_wconf 94' lang='grc'>11-</span> 
     </span>
     <span class='ocr_line' id='line_1_26' title="bbox 125 2772 923 2852; baseline -0.005 -16"><span class='ocrx_word' id='word_1_145' title='bbox 125 2777 178 2836; x_wconf 87' lang='lat' dir='ltr'>tes</span> <span class='ocrx_word' id='word_1_146' title='bbox 199 2791 323 2847; x_wconf 89' lang='lat' dir='ltr'>amare,</span> <span class='ocrx_word' id='word_1_147' title='bbox 344 2792 453 2852; x_wconf 90' lang='lat' dir='ltr'>neque</span> <span class='ocrx_word' id='word_1_148' title='bbox 471 2777 586 2838; x_wconf 87' lang='lat' dir='ltr'>deceat</span> <span class='ocrx_word' id='word_1_149' title='bbox 605 2775 729 2836; x_wconf 86' lang='lat' dir='ltr'>Christi</span> <span class='ocrx_word' id='word_1_150' title='bbox 753 2772 923 2834; x_wconf 90' lang='lat' dir='ltr'>ministros</span> 
     </span>
     <span class='ocr_line' id='line_1_27' title="bbox 126 2869 925 2948; baseline -0.005 -16"><span class='ocrx_word' id='word_1_151' title='bbox 126 2872 347 2933; x_wconf 77' lang='lat' dir='ltr'>saecularibus</span> <span class='ocrx_word' id='word_1_152' title='bbox 369 2873 536 2948; x_wconf 89' lang='lat' dir='ltr'>implicari</span> <span class='ocrx_word' id='word_1_153' title='bbox 553 2873 709 2947; x_wconf 85' lang='lat' dir='ltr'>negotiis,</span> <span class='ocrx_word' id='word_1_154' title='bbox 723 2869 842 2947; x_wconf 89' lang='lat' dir='ltr'>quibus</span> <span class='ocrx_word' id='word_1_155' title='bbox 864 2885 925 2929; x_wconf 92' lang='lat' dir='ltr'>ne-</span> 
     </span>
     <span class='ocr_line' id='line_1_28' title="bbox 127 2967 924 3030; baseline -0.005 -2"><span class='ocrx_word' id='word_1_156' title='bbox 127 2985 183 3028; x_wconf 92' lang='lat' dir='ltr'>mo</span> <span class='ocrx_word' id='word_1_157' title='bbox 205 2967 302 3028; x_wconf 88' lang='lat' dir='ltr'>debet</span> <span class='ocrx_word' id='word_1_158' title='bbox 320 2971 387 3030; x_wconf 89' lang='lat' dir='ltr'>Deo</span> <span class='ocrx_word' id='word_1_159' title='bbox 413 2969 561 3029; x_wconf 90' lang='lat' dir='ltr'>militans</span> <span class='ocrx_word' id='word_1_160' title='bbox 585 2983 621 3030; x_wconf 89' lang='lat' dir='ltr'>se</span> <span class='ocrx_word' id='word_1_161' title='bbox 639 2969 790 3028; x_wconf 89' lang='lat' dir='ltr'>miscere.</span> <span class='ocrx_word' id='word_1_162' title='bbox 806 2967 924 3027; x_wconf 88' lang='lat' dir='ltr'>Datum</span> 
     </span>
     <span class='ocr_line' id='line_1_29' title="bbox 127 3064 860 3141; baseline -0.007 -14"><span class='ocrx_word' id='word_1_163' title='bbox 127 3064 263 3134; x_wconf 81' lang='lat' dir='ltr'>Tibure,</span> <span class='ocrx_word' id='word_1_164' title='bbox 280 3066 355 3126; x_wconf 86' lang='lat' dir='ltr'>Xlll</span> <span class='ocrx_word' id='word_1_165' title='bbox 371 3064 531 3126; x_wconf 87' lang='lat' dir='ltr'>kalendas</span> <span class='ocrx_word' id='word_1_166' title='bbox 543 3065 641 3141; x_wconf 73' lang='lat' dir='ltr'>iunii,</span> <span class='ocrx_word' id='word_1_167' title='bbox 660 3079 747 3124; x_wconf 89' lang='lat' dir='ltr'>anno</span> <span class='ocrx_word' id='word_1_168' title='bbox 762 3077 860 3123; x_wconf 92' lang='lat' dir='ltr'>nono.</span> 
     </span>
    </p>
   </div>
   <div class='ocr_carea' id='block_1_3' title="bbox 148 3284 154 3314">
    <p class='ocr_par' dir='ltr' id='par_1_3' title="bbox 148 3284 154 3314">
     <span class='ocr_line' id='line_1_30' title="bbox 148 3284 154 3314; baseline 0 0"><span class='ocrx_word' id='word_1_169' title='bbox 148 3284 154 3314; x_wconf 80' lang='lat' dir='ltr'>t</span> 
     </span>
    </p>
   </div>
   <div class='ocr_carea' id='block_1_4' title="bbox 412 3313 643 3524">
    <p class='ocr_par' dir='ltr' id='par_1_4' title="bbox 412 3313 643 3524">
     <span class='ocr_line' id='line_1_31' title="bbox 453 3313 605 3400; baseline -0.013 0"><span class='ocrx_word' id='word_1_170' title='bbox 453 3313 605 3400; x_wconf 67' lang='lat' dir='ltr'>duint</span> 
     </span>
     <span class='ocr_line' id='line_1_32' title="bbox 412 3466 643 3524; baseline -0.013 0"><span class='ocrx_word' id='word_1_171' title='bbox 412 3466 643 3524; x_wconf 69' lang='lat' dir='ltr'>semmam.</span> 
     </span>
    </p>
   </div>
   <div class='ocr_carea' id='block_1_5' title="bbox 175 3593 888 3778">
    <p class='ocr_par' dir='ltr' id='par_1_5' title="bbox 175 3593 888 3778">
     <span class='ocr_line' id='line_1_33' title="bbox 426 3593 637 3652; baseline -0.005 -1"><span class='ocrx_word' id='word_1_172' title='bbox 426 3595 459 3652; x_wconf 76' lang='lat' dir='ltr'>tf</span> <span class='ocrx_word' id='word_1_173' title='bbox 474 3595 542 3652; x_wconf 80' lang='grc'><strong>111111</strong></span> <span class='ocrx_word' id='word_1_174' title='bbox 558 3593 637 3651; x_wconf 75' lang='lat'>1225.</span> 
     </span>
     <span class='ocr_line' id='line_1_34' title="bbox 175 3705 888 3778; baseline -0.01 -15"><span class='ocrx_word' id='word_1_175' title='bbox 175 3713 295 3778; x_wconf 78' lang='lat' dir='ltr'>[liegest.‚</span> <span class='ocrx_word' id='word_1_176' title='bbox 307 3709 353 3760; x_wconf 91' lang='lat' dir='ltr'>lib.</span> <span class='ocrx_word' id='word_1_177' title='bbox 365 3709 409 3768; x_wconf 84' lang='lat' dir='ltr'>IX,</span> <span class='ocrx_word' id='word_1_178' title='bbox 422 3709 526 3773; x_wconf 68' lang='grc'><strong>11331.</strong></span> <span class='ocrx_word' id='word_1_179' title='bbox 540 3711 597 3760; x_wconf 88' lang='lat' dir='ltr'>lfss.</span> <span class='ocrx_word' id='word_1_180' title='bbox 608 3709 644 3759; x_wconf 86' lang='lat' dir='ltr'>La</span> <span class='ocrx_word' id='word_1_181' title='bbox 653 3707 730 3758; x_wconf 85' lang='lat' dir='ltr'>Porta</span> <span class='ocrx_word' id='word_1_182' title='bbox 747 3707 781 3757; x_wconf 90' lang='lat' dir='ltr'>du</span> <span class='ocrx_word' id='word_1_183' title='bbox 795 3705 888 3771; x_wconf 78' lang='lat' dir='ltr'>rhen]</span> 
     </span>
    </p>
   </div>
   <div class='ocr_carea' id='block_1_6' title="bbox 134 3825 928 3988">
    <p class='ocr_par' dir='ltr' id='par_1_6' title="bbox 134 3825 928 3988">
     <span class='ocr_line' id='line_1_35' title="bbox 134 3825 928 3902; baseline -0.008 -14"><span class='ocrx_word' id='word_1_184' title='bbox 134 3827 313 3902; x_wconf 79' lang='lat' dir='ltr'>indulgeret</span> <span class='ocrx_word' id='word_1_185' title='bbox 335 3834 366 3884; x_wconf 87' lang='lat' dir='ltr'>ut</span> <span class='ocrx_word' id='word_1_186' title='bbox 385 3827 503 3884; x_wconf 81' lang='lat' dir='ltr'>clericos</span> <span class='ocrx_word' id='word_1_187' title='bbox 525 3825 615 3898; x_wconf 87' lang='lat' dir='ltr'>ipsius</span> <span class='ocrx_word' id='word_1_188' title='bbox 634 3825 750 3882; x_wconf 89' lang='lat' dir='ltr'>servitio</span> <span class='ocrx_word' id='word_1_189' title='bbox 774 3830 928 3897; x_wconf 86' lang='lat' dir='ltr'>occupatos</span> 
     </span>
     <span class='ocr_line' id='line_1_36' title="bbox 251 3912 812 3988; baseline -0.004 -16"><span class='ocrx_word' id='word_1_190' title='bbox 251 3915 377 3988; x_wconf 87' lang='lat' dir='ltr'>pluribus</span> <span class='ocrx_word' id='word_1_191' title='bbox 386 3913 532 3971; x_wconf 85' lang='lat' dir='ltr'>beneficiis</span> <span class='ocrx_word' id='word_1_192' title='bbox 546 3915 640 3972; x_wconf 88' lang='lat' dir='ltr'>valeat</span> <span class='ocrx_word' id='word_1_193' title='bbox 653 3912 812 3985; x_wconf 88' lang='lat' dir='ltr'>providere.</span> 
     </span>
    </p>
   </div>
   <div class='ocr_carea' id='block_1_7' title="bbox 136 4039 938 5663">
    <p class='ocr_par' dir='ltr' id='par_1_7' title="bbox 175 4039 583 4110">
     <span class='ocr_line' id='line_1_37' title="bbox 175 4039 583 4110; baseline -0.005 -10"><span class='ocrx_word' id='word_1_194' title='bbox 175 4039 353 4108; x_wconf 90' lang='lat' dir='ltr'>Honorius,</span> <span class='ocrx_word' id='word_1_195' title='bbox 371 4039 446 4110; x_wconf 82' lang='lat' dir='ltr'>eto,</span> <span class='ocrx_word' id='word_1_196' title='bbox 464 4039 583 4098; x_wconf 89' lang='lat' dir='ltr'>eidem.</span> 
     </span>
    </p>

    <p class='ocr_par' dir='ltr' id='par_1_8' title="bbox 136 4135 938 5663">
     <span class='ocr_line' id='line_1_38' title="bbox 177 4135 928 4211; baseline 0 -15"><span class='ocrx_word' id='word_1_197' title='bbox 177 4137 319 4211; x_wconf 79' lang='lat' dir='ltr'>Dignum</span> <span class='ocrx_word' id='word_1_198' title='bbox 341 4137 391 4195; x_wconf 91' lang='lat' dir='ltr'>est</span> <span class='ocrx_word' id='word_1_199' title='bbox 418 4135 451 4195; x_wconf 90' lang='lat' dir='ltr'>et</span> <span class='ocrx_word' id='word_1_200' title='bbox 477 4135 688 4205; x_wconf 89' lang='lat' dir='ltr'>conveniens,</span> <span class='ocrx_word' id='word_1_201' title='bbox 719 4136 754 4195; x_wconf 91' lang='lat' dir='ltr'>ut</span> <span class='ocrx_word' id='word_1_202' title='bbox 790 4135 928 4196; x_wconf 90' lang='lat' dir='ltr'>clericos</span> 
     </span>
     <span class='ocr_line' id='line_1_39' title="bbox 137 4230 931 4294; baseline -0.003 0"><span class='ocrx_word' id='word_1_203' title='bbox 137 4233 198 4294; x_wconf 94' lang='lat' dir='ltr'>tibi</span> <span class='ocrx_word' id='word_1_204' title='bbox 210 4231 357 4292; x_wconf 91' lang='lat' dir='ltr'>subditos</span> <span class='ocrx_word' id='word_1_205' title='bbox 369 4231 457 4291; x_wconf 89' lang='lat' dir='ltr'>circa</span> <span class='ocrx_word' id='word_1_206' title='bbox 472 4232 505 4290; x_wconf 93' lang='lat' dir='ltr'>te</span> <span class='ocrx_word' id='word_1_207' title='bbox 519 4230 554 4290; x_wconf 90' lang='lat' dir='ltr'>iu</span> <span class='ocrx_word' id='word_1_208' title='bbox 569 4231 625 4291; x_wconf 92' lang='lat' dir='ltr'>tuo</span> <span class='ocrx_word' id='word_1_209' title='bbox 641 4230 778 4292; x_wconf 91' lang='lat' dir='ltr'>servitio</span> <span class='ocrx_word' id='word_1_210' title='bbox 789 4247 931 4292; x_wconf 88' lang='lat' dir='ltr'>commo-</span> 
     </span>
     <span class='ocr_line' id='line_1_40' title="bbox 136 4325 930 4400; baseline 0 -10"><span class='ocrx_word' id='word_1_211' title='bbox 136 4331 261 4400; x_wconf 86' lang='lat' dir='ltr'>rantes,</span> <span class='ocrx_word' id='word_1_212' title='bbox 276 4325 511 4400; x_wconf 86' lang='lat' dir='ltr'>abundantiori</span> <span class='ocrx_word' id='word_1_213' title='bbox 526 4326 646 4388; x_wconf 86' lang='lat' dir='ltr'>debeas</span> <span class='ocrx_word' id='word_1_214' title='bbox 659 4327 798 4388; x_wconf 88' lang='lat' dir='ltr'>caritate</span> <span class='ocrx_word' id='word_1_215' title='bbox 812 4329 930 4390; x_wconf 88' lang='lat' dir='ltr'>tracta·</span> 
     </span>
     <span class='ocr_line' id='line_1_41' title="bbox 137 4424 931 4502; baseline 0 -16"><span class='ocrx_word' id='word_1_216' title='bbox 137 4443 186 4498; x_wconf 91' lang='lat' dir='ltr'>re,</span> <span class='ocrx_word' id='word_1_217' title='bbox 199 4427 232 4487; x_wconf 93' lang='lat' dir='ltr'>et</span> <span class='ocrx_word' id='word_1_218' title='bbox 246 4424 447 4501; x_wconf 85' lang='lat' dir='ltr'>provisionis</span> <span class='ocrx_word' id='word_1_219' title='bbox 460 4424 509 4485; x_wconf 90' lang='lat' dir='ltr'>eis</span> <span class='ocrx_word' id='word_1_220' title='bbox 519 4439 653 4485; x_wconf 91' lang='lat' dir='ltr'>manum</span> <span class='ocrx_word' id='word_1_221' title='bbox 665 4424 837 4486; x_wconf 89' lang='lat' dir='ltr'>liberalius</span> <span class='ocrx_word' id='word_1_222' title='bbox 851 4441 931 4502; x_wconf 88' lang='lat' dir='ltr'>ape-</span> 
     </span>
     <span class='ocr_line' id='line_1_42' title="bbox 137 4520 932 4599; baseline -0.001 -15"><span class='ocrx_word' id='word_1_223' title='bbox 137 4524 217 4584; x_wconf 90' lang='lat' dir='ltr'>rire.</span> <span class='ocrx_word' id='word_1_224' title='bbox 236 4520 438 4596; x_wconf 77' lang='lat' dir='ltr'>Significasti</span> <span class='ocrx_word' id='word_1_225' title='bbox 457 4520 619 4598; x_wconf 88' lang='lat' dir='ltr'>siquidem</span> <span class='ocrx_word' id='word_1_226' title='bbox 637 4521 743 4592; x_wconf 91' lang='lat' dir='ltr'>nobis,</span> <span class='ocrx_word' id='word_1_227' title='bbox 761 4521 846 4599; x_wconf 90' lang='lat' dir='ltr'>quod</span> <span class='ocrx_word' id='word_1_228' title='bbox 862 4523 932 4584; x_wconf 91' lang='grc'><strong>111-</strong></span> 
     </span>
     <span class='ocr_line' id='line_1_43' title="bbox 137 4616 931 4696; baseline 0 -16"><span class='ocrx_word' id='word_1_229' title='bbox 137 4619 260 4682; x_wconf 86' lang='grc'><strong>1111111</strong></span> <span class='ocrx_word' id='word_1_230' title='bbox 276 4617 333 4680; x_wconf 91' lang='lat' dir='ltr'>tibi</span> <span class='ocrx_word' id='word_1_231' title='bbox 349 4616 560 4678; x_wconf 78' lang='lat' dir='ltr'>familiariter</span> <span class='ocrx_word' id='word_1_232' title='bbox 574 4619 804 4696; x_wconf 88' lang='lat' dir='ltr'>obsequentes,</span> <span class='ocrx_word' id='word_1_233' title='bbox 820 4621 852 4682; x_wconf 89' lang='lat' dir='ltr'>et</span> <span class='ocrx_word' id='word_1_234' title='bbox 865 4635 931 4680; x_wconf 88' lang='lat' dir='ltr'>una</span> 
     </span>
     <span class='ocr_line' id='line_1_44' title="bbox 138 4715 933 4792; baseline 0 -14"><span class='ocrx_word' id='word_1_235' title='bbox 138 4717 290 4778; x_wconf 90' lang='lat' dir='ltr'>tecumin</span> <span class='ocrx_word' id='word_1_236' title='bbox 300 4715 437 4790; x_wconf 81' lang='lat' dir='ltr'>agendis</span> <span class='ocrx_word' id='word_1_237' title='bbox 446 4715 933 4792; x_wconf 85' lang='lat' dir='ltr'>episcopalibusfideliterlabo·</span> 
     </span>
     <span class='ocr_line' id='line_1_45' title="bbox 139 4811 931 4890; baseline -0.001 -15"><span class='ocrx_word' id='word_1_238' title='bbox 139 4816 263 4884; x_wconf 90' lang='lat' dir='ltr'>rantes,</span> <span class='ocrx_word' id='word_1_239' title='bbox 276 4814 386 4872; x_wconf 90' lang='lat' dir='ltr'>minus</span> <span class='ocrx_word' id='word_1_240' title='bbox 402 4811 619 4874; x_wconf 88' lang='lat' dir='ltr'>sufficientem</span> <span class='ocrx_word' id='word_1_241' title='bbox 635 4814 859 4890; x_wconf 86' lang='lat' dir='ltr'>provisionem</span> <span class='ocrx_word' id='word_1_242' title='bbox 872 4829 931 4874; x_wconf 90' lang='lat' dir='ltr'>as-</span> 
     </span>
     <span class='ocr_line' id='line_1_46' title="bbox 140 4909 932 4988; baseline -0.001 -15"><span class='ocrx_word' id='word_1_243' title='bbox 140 4911 245 4973; x_wconf 87' lang='lat' dir='ltr'>secuti</span> <span class='ocrx_word' id='word_1_244' title='bbox 265 4909 459 4980; x_wconf 91' lang='lat' dir='ltr'>noscuntur,</span> <span class='ocrx_word' id='word_1_245' title='bbox 477 4910 621 4972; x_wconf 83' lang='lat' dir='ltr'>maxime</span> <span class='ocrx_word' id='word_1_246' title='bbox 644 4927 719 4972; x_wconf 79' lang='lat' dir='ltr'>cunr</span> <span class='ocrx_word' id='word_1_247' title='bbox 732 4911 767 4971; x_wconf 92' lang='lat' dir='ltr'>in</span> <span class='ocrx_word' id='word_1_248' title='bbox 782 4911 932 4988; x_wconf 89' lang='lat' dir='ltr'>partibus</span> 
     </span>
     <span class='ocr_line' id='line_1_47' title="bbox 139 5005 933 5084; baseline 0 -14"><span class='ocrx_word' id='word_1_249' title='bbox 139 5009 208 5070; x_wconf 89' lang='lat' dir='ltr'>illis</span> <span class='ocrx_word' id='word_1_250' title='bbox 230 5008 277 5070; x_wconf 89' lang='grc'>111</span> <span class='ocrx_word' id='word_1_251' title='bbox 296 5007 363 5068; x_wconf 83' lang='grc'><strong>1111</strong></span> <span class='ocrx_word' id='word_1_252' title='bbox 385 5006 487 5068; x_wconf 80' lang='lat' dir='ltr'>exilia</span> <span class='ocrx_word' id='word_1_253' title='bbox 506 5005 679 5078; x_wconf 89' lang='lat' dir='ltr'>beneficia,</span> <span class='ocrx_word' id='word_1_254' title='bbox 701 5009 786 5084; x_wconf 92' lang='lat' dir='ltr'>quod</span> <span class='ocrx_word' id='word_1_255' title='bbox 802 5009 843 5070; x_wconf 90' lang='lat' dir='ltr'>de</span> <span class='ocrx_word' id='word_1_256' title='bbox 867 5025 933 5070; x_wconf 88' lang='lat' dir='ltr'>uno</span> 
     </span>
     <span class='ocr_line' id='line_1_48' title="bbox 141 5103 934 5182; baseline 0 -16"><span class='ocrx_word' id='word_1_257' title='bbox 141 5122 208 5166; x_wconf 91' lang='lat' dir='ltr'>non</span> <span class='ocrx_word' id='word_1_258' title='bbox 229 5105 337 5182; x_wconf 90' lang='lat' dir='ltr'>potest</span> <span class='ocrx_word' id='word_1_259' title='bbox 355 5103 457 5166; x_wconf 90' lang='lat' dir='ltr'>alicui</span> <span class='ocrx_word' id='word_1_260' title='bbox 478 5119 623 5179; x_wconf 82' lang='lat' dir='ltr'>congrue</span> <span class='ocrx_word' id='word_1_261' title='bbox 644 5105 822 5180; x_wconf 86' lang='lat' dir='ltr'>provideri.</span> <span class='ocrx_word' id='word_1_262' title='bbox 841 5106 934 5167; x_wconf 90' lang='lat' dir='ltr'>Unde</span> 
     </span>
     <span class='ocr_line' id='line_1_49' title="bbox 142 5201 935 5278; baseline 0.003 -16"><span class='ocrx_word' id='word_1_263' title='bbox 142 5202 259 5263; x_wconf 87' lang='lat' dir='ltr'>devote</span> <span class='ocrx_word' id='word_1_264' title='bbox 281 5201 460 5277; x_wconf 91' lang='lat' dir='ltr'>plurimum</span> <span class='ocrx_word' id='word_1_265' title='bbox 485 5201 690 5277; x_wconf 89' lang='lat' dir='ltr'>supplicasti,</span> <span class='ocrx_word' id='word_1_266' title='bbox 710 5203 746 5263; x_wconf 87' lang='lat' dir='ltr'>ut</span> <span class='ocrx_word' id='word_1_267' title='bbox 767 5203 935 5278; x_wconf 89' lang='lat' dir='ltr'>dispensa-</span> 
     </span>
     <span class='ocr_line' id='line_1_50' title="bbox 142 5297 935 5373; baseline 0.001 -14"><span class='ocrx_word' id='word_1_268' title='bbox 142 5299 209 5360; x_wconf 91' lang='lat' dir='ltr'>tive</span> <span class='ocrx_word' id='word_1_269' title='bbox 239 5297 436 5358; x_wconf 89' lang='lat' dir='ltr'>auctoritate</span> <span class='ocrx_word' id='word_1_270' title='bbox 468 5298 581 5359; x_wconf 90' lang='lat' dir='ltr'>nostra</span> <span class='ocrx_word' id='word_1_271' title='bbox 615 5311 729 5373; x_wconf 90' lang='lat' dir='ltr'>posses</span> <span class='ocrx_word' id='word_1_272' title='bbox 758 5297 864 5359; x_wconf 91' lang='lat' dir='ltr'>tribus</span> <span class='ocrx_word' id='word_1_273' title='bbox 895 5298 935 5360; x_wconf 91' lang='lat' dir='ltr'>de</span> 
     </span>
     <span class='ocr_line' id='line_1_51' title="bbox 142 5392 934 5472; baseline 0.003 -17"><span class='ocrx_word' id='word_1_274' title='bbox 142 5393 309 5472; x_wconf 87' lang='lat' dir='ltr'>praedictis</span> <span class='ocrx_word' id='word_1_275' title='bbox 334 5392 466 5455; x_wconf 89' lang='lat' dir='ltr'>clericis</span> <span class='ocrx_word' id='word_1_276' title='bbox 486 5395 570 5456; x_wconf 88' lang='lat' dir='ltr'>alias</span> <span class='ocrx_word' id='word_1_277' title='bbox 593 5394 799 5456; x_wconf 87' lang='grc'><strong>11111111111</strong></span> <span class='ocrx_word' id='word_1_278' title='bbox 818 5395 853 5456; x_wconf 88' lang='grc'>11</span> <span class='ocrx_word' id='word_1_279' title='bbox 875 5413 934 5457; x_wconf 85' lang='grc'>11·</span> 
     </span>
     <span class='ocr_line' id='line_1_52' title="bbox 144 5488 934 5568; baseline 0.005 -16"><span class='ocrx_word' id='word_1_280' title='bbox 144 5491 330 5552; x_wconf 90' lang='lat' dir='ltr'>clesiastico</span> <span class='ocrx_word' id='word_1_281' title='bbox 351 5488 513 5552; x_wconf 88' lang='lat' dir='ltr'>beneficio</span> <span class='ocrx_word' id='word_1_282' title='bbox 533 5492 720 5568; x_wconf 88' lang='lat' dir='ltr'>providere,</span> <span class='ocrx_word' id='word_1_283' title='bbox 737 5491 934 5568; x_wconf 92' lang='lat' dir='ltr'>quodetiam</span> 
     </span>
     <span class='ocr_line' id='line_1_53' title="bbox 145 5586 938 5663; baseline 0 -13"><span class='ocrx_word' id='word_1_284' title='bbox 145 5587 246 5650; x_wconf 89' lang='lat' dir='ltr'>simili</span> <span class='ocrx_word' id='word_1_285' title='bbox 259 5586 390 5648; x_wconf 90' lang='lat' dir='ltr'>ratione</span> <span class='ocrx_word' id='word_1_286' title='bbox 404 5587 643 5663; x_wconf 86' lang='lat' dir='ltr'>praedecessori</span> <span class='ocrx_word' id='word_1_287' title='bbox 662 5591 719 5650; x_wconf 92' lang='lat' dir='ltr'>tuo</span> <span class='ocrx_word' id='word_1_288' title='bbox 737 5604 756 5650; x_wconf 88' lang='lat' dir='ltr'>a</span> <span class='ocrx_word' id='word_1_289' title='bbox 774 5589 938 5652; x_wconf 80' lang='grc'><strong>1111111-</strong></span> 
     </span>
    </p>
   </div>
   <div class='ocr_carea' id='block_1_8' title="bbox 739 293 1147 356">
    <p class='ocr_par' dir='ltr' id='par_1_9' title="bbox 739 293 1147 356">
     <span class='ocr_line' id='line_1_54' title="bbox 739 293 1147 356; baseline 0.002 -4"><span class='ocrx_word' id='word_1_290' title='bbox 739 293 967 354; x_wconf 81' lang='lat' dir='ltr'><strong>EPISTOLAE.</strong></span> <span class='ocrx_word' id='word_1_291' title='bbox 990 295 1068 354; x_wconf 87' lang='lat' dir='ltr'>LIB.</span> <span class='ocrx_word' id='word_1_292' title='bbox 1093 296 1147 356; x_wconf 82' lang='lat' dir='ltr'>tx.</span> 
     </span>
    </p>
   </div>
   <div class='ocr_carea' id='block_1_9' title="bbox 1704 303 1765 363">
    <p class='ocr_par' dir='ltr' id='par_1_10' title="bbox 1704 303 1765 363">
     <span class='ocr_line' id='line_1_55' title="bbox 1704 303 1765 363; baseline 0.016 -1"><span class='ocrx_word' id='word_1_293' title='bbox 1704 303 1765 363; x_wconf 84' lang='lat'>858</span> 
     </span>
    </p>
   </div>
   <div class='ocr_carea' id='block_1_10' title="bbox 969 453 1765 1305">
    <p class='ocr_par' dir='ltr' id='par_1_11' title="bbox 969 453 1765 1305">
     <span class='ocr_line' id='line_1_56' title="bbox 969 453 1763 530; baseline 0.009 -14"><span class='ocrx_word' id='word_1_294' title='bbox 969 454 1054 516; x_wconf 89' lang='lat' dir='ltr'>seris</span> <span class='ocrx_word' id='word_1_295' title='bbox 1068 454 1109 514; x_wconf 94' lang='lat' dir='ltr'>de</span> <span class='ocrx_word' id='word_1_296' title='bbox 1130 453 1238 530; x_wconf 80' lang='lat' dir='ltr'>gratia</span> <span class='ocrx_word' id='word_1_297' title='bbox 1257 453 1361 516; x_wconf 88' lang='lat' dir='ltr'>fuisse</span> <span class='ocrx_word' id='word_1_298' title='bbox 1381 471 1585 518; x_wconf 87' lang='lat' dir='ltr'>concessum.</span> <span class='ocrx_word' id='word_1_299' title='bbox 1600 459 1668 520; x_wconf 90' lang='lat' dir='ltr'>Nos</span> <span class='ocrx_word' id='word_1_300' title='bbox 1683 477 1763 524; x_wconf 91' lang='lat' dir='ltr'>vero</span> 
     </span>
     <span class='ocr_line' id='line_1_57' title="bbox 969 549 1761 632; baseline 0.011 -23"><span class='ocrx_word' id='word_1_301' title='bbox 969 549 1188 612; x_wconf 84' lang='lat' dir='ltr'>fraternitatis</span> <span class='ocrx_word' id='word_1_302' title='bbox 1201 551 1266 612; x_wconf 84' lang='lat' dir='ltr'>tuae</span> <span class='ocrx_word' id='word_1_303' title='bbox 1277 549 1430 627; x_wconf 89' lang='lat' dir='ltr'>precibus</span> <span class='ocrx_word' id='word_1_304' title='bbox 1443 549 1606 626; x_wconf 89' lang='lat' dir='ltr'>inclinati,</span> <span class='ocrx_word' id='word_1_305' title='bbox 1611 571 1761 632; x_wconf 89' lang='lat' dir='ltr'>praesen-</span> 
     </span>
     <span class='ocr_line' id='line_1_58' title="bbox 969 647 1763 728; baseline 0.013 -22"><span class='ocrx_word' id='word_1_306' title='bbox 969 647 1051 706; x_wconf 92' lang='lat' dir='ltr'>tium</span> <span class='ocrx_word' id='word_1_307' title='bbox 1078 647 1141 708; x_wconf 92' lang='lat' dir='ltr'>tibi</span> <span class='ocrx_word' id='word_1_308' title='bbox 1164 648 1360 710; x_wconf 88' lang='lat' dir='ltr'>auctoritate</span> <span class='ocrx_word' id='word_1_309' title='bbox 1388 650 1534 724; x_wconf 81' lang='lat' dir='ltr'>gratuita</span> <span class='ocrx_word' id='word_1_310' title='bbox 1557 651 1763 728; x_wconf 85' lang='lat' dir='ltr'>benignitate</span> 
     </span>
     <span class='ocr_line' id='line_1_59' title="bbox 970 744 1763 816; baseline 0.01 -12"><span class='ocrx_word' id='word_1_311' title='bbox 970 744 1194 816; x_wconf 88' lang='lat' dir='ltr'>concedimus,</span> <span class='ocrx_word' id='word_1_312' title='bbox 1223 746 1259 805; x_wconf 92' lang='lat' dir='ltr'>ut</span> <span class='ocrx_word' id='word_1_313' title='bbox 1282 745 1372 806; x_wconf 90' lang='lat' dir='ltr'>circa</span> <span class='ocrx_word' id='word_1_314' title='bbox 1396 745 1479 805; x_wconf 93' lang='lat' dir='ltr'>duos</span> <span class='ocrx_word' id='word_1_315' title='bbox 1504 747 1544 806; x_wconf 91' lang='lat' dir='ltr'>de</span> <span class='ocrx_word' id='word_1_316' title='bbox 1572 751 1763 813; x_wconf 88' lang='lat' dir='ltr'>memoratis</span> 
     </span>
     <span class='ocr_line' id='line_1_60' title="bbox 971 840 1764 919; baseline 0.01 -19"><span class='ocrx_word' id='word_1_317' title='bbox 971 841 1113 909; x_wconf 89' lang='lat' dir='ltr'>clericis,</span> <span class='ocrx_word' id='word_1_318' title='bbox 1124 840 1152 900; x_wconf 90' lang='lat' dir='ltr'>si</span> <span class='ocrx_word' id='word_1_319' title='bbox 1167 842 1312 902; x_wconf 91' lang='lat' dir='ltr'>nondum</span> <span class='ocrx_word' id='word_1_320' title='bbox 1323 844 1359 901; x_wconf 95' lang='lat' dir='ltr'>ut</span> <span class='ocrx_word' id='word_1_321' title='bbox 1371 858 1445 902; x_wconf 93' lang='lat' dir='ltr'>cum</span> <span class='ocrx_word' id='word_1_322' title='bbox 1457 843 1634 919; x_wconf 89' lang='lat' dir='ltr'>aliquibus,</span> <span class='ocrx_word' id='word_1_323' title='bbox 1649 849 1764 908; x_wconf 90' lang='lat' dir='ltr'>valeas</span> 
     </span>
     <span class='ocr_line' id='line_1_61' title="bbox 971 937 1763 1016; baseline 0.011 -20"><span class='ocrx_word' id='word_1_324' title='bbox 971 937 1005 996; x_wconf 93' lang='lat' dir='ltr'>in</span> <span class='ocrx_word' id='word_1_325' title='bbox 1025 953 1106 997; x_wconf 89' lang='lat' dir='ltr'>casu</span> <span class='ocrx_word' id='word_1_326' title='bbox 1127 938 1228 998; x_wconf 92' lang='lat' dir='ltr'>simili</span> <span class='ocrx_word' id='word_1_327' title='bbox 1253 939 1447 1015; x_wconf 89' lang='lat' dir='ltr'>dispensare</span> <span class='ocrx_word' id='word_1_328' title='bbox 1472 939 1533 1000; x_wconf 88' lang='lat' dir='ltr'>tibi</span> <span class='ocrx_word' id='word_1_329' title='bbox 1560 956 1619 1016; x_wconf 90' lang='lat' dir='ltr'>per</span> <span class='ocrx_word' id='word_1_330' title='bbox 1646 945 1763 1005; x_wconf 87' lang='lat' dir='ltr'>Sedem</span> 
     </span>
     <span class='ocr_line' id='line_1_62' title="bbox 970 1033 1765 1112; baseline 0.006 -18"><span class='ocrx_word' id='word_1_331' title='bbox 970 1034 1194 1109; x_wconf 88' lang='lat' dir='ltr'>Apostolicam</span> <span class='ocrx_word' id='word_1_332' title='bbox 1205 1033 1256 1095; x_wconf 91' lang='lat' dir='ltr'>est</span> <span class='ocrx_word' id='word_1_333' title='bbox 1270 1035 1445 1108; x_wconf 90' lang='lat' dir='ltr'>indultum,</span> <span class='ocrx_word' id='word_1_334' title='bbox 1462 1035 1687 1112; x_wconf 90' lang='lat' dir='ltr'>dispensative</span> <span class='ocrx_word' id='word_1_335' title='bbox 1704 1055 1765 1099; x_wconf 91' lang='lat' dir='ltr'>va-</span> 
     </span>
     <span class='ocr_line' id='line_1_63' title="bbox 971 1129 1764 1207; baseline 0.009 -18"><span class='ocrx_word' id='word_1_336' title='bbox 971 1130 1041 1190; x_wconf 89' lang='lat' dir='ltr'>leas</span> <span class='ocrx_word' id='word_1_337' title='bbox 1068 1129 1257 1207; x_wconf 91' lang='lat' dir='ltr'>hujusmodi</span> <span class='ocrx_word' id='word_1_338' title='bbox 1282 1131 1425 1206; x_wconf 82' lang='lat' dir='ltr'>gratiam</span> <span class='ocrx_word' id='word_1_339' title='bbox 1450 1147 1617 1194; x_wconf 80' lang='lat' dir='ltr'>exercere.</span> <span class='ocrx_word' id='word_1_340' title='bbox 1645 1135 1764 1196; x_wconf 87' lang='lat' dir='ltr'>Datbm</span> 
     </span>
     <span class='ocr_line' id='line_1_64' title="bbox 971 1226 1685 1305; baseline 0.004 -18"><span class='ocrx_word' id='word_1_341' title='bbox 971 1226 1103 1298; x_wconf 85' lang='lat' dir='ltr'>Tibure,</span> <span class='ocrx_word' id='word_1_342' title='bbox 1117 1229 1179 1288; x_wconf 89' lang='lat' dir='ltr'>Xll</span> <span class='ocrx_word' id='word_1_343' title='bbox 1193 1227 1354 1290; x_wconf 87' lang='lat' dir='ltr'>kalendas</span> <span class='ocrx_word' id='word_1_344' title='bbox 1365 1228 1466 1305; x_wconf 86' lang='lat' dir='ltr'>junii,</span> <span class='ocrx_word' id='word_1_345' title='bbox 1482 1245 1570 1290; x_wconf 90' lang='lat' dir='ltr'>anno</span> <span class='ocrx_word' id='word_1_346' title='bbox 1587 1246 1685 1292; x_wconf 88' lang='lat' dir='ltr'>none.</span> 
     </span>
    </p>
   </div>
   <div class='ocr_carea' id='block_1_11' title="bbox 1306 1523 1439 1609">
    <p class='ocr_par' dir='ltr' id='par_1_12' title="bbox 1306 1523 1439 1609">
     <span class='ocr_line' id='line_1_65' title="bbox 1306 1523 1439 1609; baseline 0.008 -1"><span class='ocrx_word' id='word_1_347' title='bbox 1306 1523 1439 1609; x_wconf 79' lang='lat' dir='ltr'>clxv</span> 
     </span>
    </p>
   </div>
   <div class='ocr_carea' id='block_1_12' title="bbox 1086 1681 1653 1756">
    <p class='ocr_par' dir='ltr' id='par_1_13' title="bbox 1086 1681 1653 1756">
     <span class='ocr_line' id='line_1_66' title="bbox 1086 1681 1653 1756; baseline 0.007 -14"><span class='ocrx_word' id='word_1_348' title='bbox 1086 1681 1345 1756; x_wconf 77' lang='lat' dir='ltr'>Adeptscopuaa</span> <span class='ocrx_word' id='word_1_349' title='bbox 1363 1686 1653 1748; x_wconf 80' lang='lat' dir='ltr'>Lomootcmarem.</span> 
     </span>
    </p>
   </div>
   <div class='ocr_carea' id='block_1_13' title="bbox 1000 1821 1742 2020">
    <p class='ocr_par' dir='ltr' id='par_1_14' title="bbox 1000 1821 1742 2020">
     <span class='ocr_line' id='line_1_67' title="bbox 1263 1821 1477 1879; baseline 0.005 -1"><span class='ocrx_word' id='word_1_350' title='bbox 1263 1821 1378 1878; x_wconf 76' lang='grc'><strong>11111</strong></span> <span class='ocrx_word' id='word_1_351' title='bbox 1399 1823 1477 1879; x_wconf 71' lang='lat' dir='ltr'>fait.</span> 
     </span>
     <span class='ocr_line' id='line_1_68' title="bbox 1000 1949 1742 2020; baseline 0.012 -20"><span class='ocrx_word' id='word_1_352' title='bbox 1000 1951 1108 2014; x_wconf 72' lang='lat' dir='ltr'>aegest,</span> <span class='ocrx_word' id='word_1_353' title='bbox 1124 1949 1169 2002; x_wconf 92' lang='lat' dir='ltr'>lib.</span> <span class='ocrx_word' id='word_1_354' title='bbox 1183 1951 1227 2010; x_wconf 82' lang='lat' dir='ltr'>ix,</span> <span class='ocrx_word' id='word_1_355' title='bbox 1245 1952 1320 2016; x_wconf 88' lang='lat' dir='ltr'>epist.</span> <span class='ocrx_word' id='word_1_356' title='bbox 1331 1951 1386 2003; x_wconf 82' lang='grc'><strong>331.</strong></span> <span class='ocrx_word' id='word_1_357' title='bbox 1399 1955 1457 2004; x_wconf 83' lang='grc'><strong>1111,</strong></span> <span class='ocrx_word' id='word_1_358' title='bbox 1469 1955 1505 2004; x_wconf 86' lang='lat' dir='ltr'>La</span> <span class='ocrx_word' id='word_1_359' title='bbox 1516 1955 1637 2008; x_wconf 85' lang='grc' dir='ltr'><strong>Ρ111111</strong></span> <span class='ocrx_word' id='word_1_360' title='bbox 1648 1959 1742 2020; x_wconf 87' lang='grc' dir='ltr'><strong>Τ1111.]</strong></span> 
     </span>
    </p>
   </div>
   <div class='ocr_carea' id='block_1_14' title="bbox 1015 2074 1731 2224">
    <p class='ocr_par' dir='ltr' id='par_1_15' title="bbox 1015 2074 1731 2224">
     <span class='ocr_line' id='line_1_69' title="bbox 1015 2074 1731 2154; baseline 0.011 -22"><span class='ocrx_word' id='word_1_361' title='bbox 1015 2074 1132 2132; x_wconf 83' lang='lat' dir='ltr'>Mandat</span> <span class='ocrx_word' id='word_1_362' title='bbox 1151 2083 1182 2132; x_wconf 86' lang='lat' dir='ltr'>ut</span> <span class='ocrx_word' id='word_1_363' title='bbox 1207 2077 1359 2134; x_wconf 89' lang='lat' dir='ltr'>ecclesiam</span> <span class='ocrx_word' id='word_1_364' title='bbox 1375 2081 1581 2138; x_wconf 84' lang='lat' dir='ltr'>baurateusem</span> <span class='ocrx_word' id='word_1_365' title='bbox 1601 2084 1731 2154; x_wconf 86' lang='lat' dir='ltr'>personis</span> 
     </span>
     <span class='ocr_line' id='line_1_70' title="bbox 1249 2163 1492 2224; baseline 0.004 -4"><span class='ocrx_word' id='word_1_366' title='bbox 1249 2163 1360 2222; x_wconf 88' lang='lat' dir='ltr'>idoneis</span> <span class='ocrx_word' id='word_1_367' title='bbox 1373 2166 1492 2224; x_wconf 87' lang='lat' dir='ltr'>ordinet.</span> 
     </span>
    </p>
   </div>
   <div class='ocr_carea' id='block_1_15' title="bbox 977 2289 1772 2754">
    <p class='ocr_par' dir='ltr' id='par_1_16' title="bbox 977 2289 1769 2560">
     <span class='ocr_line' id='line_1_71' title="bbox 1016 2289 1768 2368; baseline 0.009 -18"><span class='ocrx_word' id='word_1_368' title='bbox 1016 2289 1182 2350; x_wconf 87' lang='lat' dir='ltr'>Honorius</span> <span class='ocrx_word' id='word_1_369' title='bbox 1194 2289 1379 2366; x_wconf 89' lang='lat' dir='ltr'>episcopus,</span> <span class='ocrx_word' id='word_1_370' title='bbox 1390 2305 1683 2356; x_wconf 82' lang='lat' dir='ltr'>servasservorum</span> <span class='ocrx_word' id='word_1_371' title='bbox 1697 2296 1768 2368; x_wconf 86' lang='lat' dir='ltr'>Dei,</span> 
     </span>
     <span class='ocr_line' id='line_1_72' title="bbox 977 2385 1769 2466; baseline 0.009 -19"><span class='ocrx_word' id='word_1_372' title='bbox 977 2385 1162 2447; x_wconf 87' lang='lat' dir='ltr'>venerabili</span> <span class='ocrx_word' id='word_1_373' title='bbox 1186 2387 1320 2448; x_wconf 90' lang='lat' dir='ltr'>fratri...</span> <span class='ocrx_word' id='word_1_374' title='bbox 1351 2387 1508 2464; x_wconf 91' lang='lat' dir='ltr'>episcopo</span> <span class='ocrx_word' id='word_1_375' title='bbox 1530 2393 1769 2466; x_wconf 90' lang='lat' dir='ltr'>Lemoviceusi,</span> 
     </span>
     <span class='ocr_line' id='line_1_73' title="bbox 978 2483 1690 2560; baseline 0.011 -18"><span class='ocrx_word' id='word_1_376' title='bbox 978 2484 1118 2544; x_wconf 90' lang='lat' dir='ltr'>salutem</span> <span class='ocrx_word' id='word_1_377' title='bbox 1132 2485 1164 2544; x_wconf 92' lang='lat' dir='ltr'>et</span> <span class='ocrx_word' id='word_1_378' title='bbox 1176 2483 1400 2560; x_wconf 87' lang='lat' dir='ltr'>Apostolicam</span> <span class='ocrx_word' id='word_1_379' title='bbox 1415 2485 1690 2550; x_wconf 88' lang='lat' dir='ltr'>benedictionem.</span> 
     </span>
    </p>

    <p class='ocr_par' dir='ltr' id='par_1_17' title="bbox 978 2581 1772 2754">
     <span class='ocr_line' id='line_1_74' title="bbox 1017 2581 1769 2660; baseline 0.013 -20"><span class='ocrx_word' id='word_1_380' title='bbox 1017 2581 1065 2640; x_wconf 88' lang='lat' dir='ltr'>Ad</span> <span class='ocrx_word' id='word_1_381' title='bbox 1094 2583 1240 2642; x_wconf 90' lang='lat' dir='ltr'>nostram</span> <span class='ocrx_word' id='word_1_382' title='bbox 1262 2581 1465 2643; x_wconf 89' lang='lat' dir='ltr'>audientiam</span> <span class='ocrx_word' id='word_1_383' title='bbox 1497 2586 1530 2646; x_wconf 91' lang='lat' dir='ltr'>te</span> <span class='ocrx_word' id='word_1_384' title='bbox 1559 2587 1769 2660; x_wconf 78' lang='lat' dir='ltr'>significante</span> 
     </span>
     <span class='ocr_line' id='line_1_75' title="bbox 978 2676 1772 2754; baseline 0.01 -16"><span class='ocrx_word' id='word_1_385' title='bbox 978 2678 1139 2754; x_wconf 90' lang='lat' dir='ltr'>pervenit,</span> <span class='ocrx_word' id='word_1_386' title='bbox 1164 2676 1340 2753; x_wconf 90' lang='lat' dir='ltr'>quodcum</span> <span class='ocrx_word' id='word_1_387' title='bbox 1370 2678 1448 2738; x_wconf 93' lang='lat' dir='ltr'>olim</span> <span class='ocrx_word' id='word_1_388' title='bbox 1476 2693 1519 2739; x_wconf 83' lang='lat' dir='ltr'>ex</span> <span class='ocrx_word' id='word_1_389' title='bbox 1547 2681 1772 2746; x_wconf 88' lang='lat' dir='ltr'>insinuatione</span> 
     </span>
    </p>
   </div>
   <div class='ocr_carea' id='block_1_16' title="bbox 956 2773 1770 2850">
    <p class='ocr_par' dir='ltr' id='par_1_18' title="bbox 956 2773 1770 2850">
     <span class='ocr_line' id='line_1_76' title="bbox 956 2773 1770 2850; baseline 0.009 -17"><span class='ocrx_word' id='word_1_390' title='bbox 956 2773 1196 2850; x_wconf 89' lang='lat' dir='ltr'>quorumdam</span> <span class='ocrx_word' id='word_1_391' title='bbox 1221 2774 1458 2834; x_wconf 90' lang='lat' dir='ltr'>canonicorum</span> <span class='ocrx_word' id='word_1_392' title='bbox 1483 2779 1770 2842; x_wconf 87' lang='lat' dir='ltr'>Dauratensisec-</span> 
     </span>
    </p>
   </div>
   <div class='ocr_carea' id='block_1_17' title="bbox 979 2870 1777 4022">
    <p class='ocr_par' dir='ltr' id='par_1_19' title="bbox 979 2870 1777 4022">
     <span class='ocr_line' id='line_1_77' title="bbox 979 2870 1771 2946; baseline 0.009 -15"><span class='ocrx_word' id='word_1_393' title='bbox 979 2871 1089 2935; x_wconf 86' lang='lat' dir='ltr'>clasiae</span> <span class='ocrx_word' id='word_1_394' title='bbox 1104 2872 1218 2931; x_wconf 88' lang='lat' dir='ltr'>nostro</span> <span class='ocrx_word' id='word_1_395' title='bbox 1231 2870 1349 2930; x_wconf 90' lang='lat' dir='ltr'>fuisset</span> <span class='ocrx_word' id='word_1_396' title='bbox 1359 2872 1570 2946; x_wconf 74' lang='lat' dir='ltr'>apostolatui</span> <span class='ocrx_word' id='word_1_397' title='bbox 1588 2878 1771 2938; x_wconf 87' lang='lat' dir='ltr'>reseratum</span> 
     </span>
     <span class='ocr_line' id='line_1_78' title="bbox 980 2966 1773 3045; baseline 0.009 -17"><span class='ocrx_word' id='word_1_398' title='bbox 980 2966 1154 3028; x_wconf 86' lang='lat' dir='ltr'>ecclesiam</span> <span class='ocrx_word' id='word_1_399' title='bbox 1186 2981 1260 3026; x_wconf 91' lang='lat' dir='ltr'>esse</span> <span class='ocrx_word' id='word_1_400' title='bbox 1289 2967 1515 3029; x_wconf 89' lang='lat' dir='ltr'>inordinatam</span> <span class='ocrx_word' id='word_1_401' title='bbox 1546 2972 1707 3045; x_wconf 88' lang='lat' dir='ltr'>eamdem,</span> <span class='ocrx_word' id='word_1_402' title='bbox 1738 2976 1773 3036; x_wconf 92' lang='lat' dir='ltr'>et</span> 
     </span>
     <span class='ocr_line' id='line_1_79' title="bbox 980 3064 1770 3142; baseline 0.011 -18"><span class='ocrx_word' id='word_1_403' title='bbox 980 3065 1215 3142; x_wconf 89' lang='lat' dir='ltr'>quodpropter</span> <span class='ocrx_word' id='word_1_404' title='bbox 1242 3064 1440 3125; x_wconf 87' lang='lat' dir='ltr'>servitorum</span> <span class='ocrx_word' id='word_1_405' title='bbox 1466 3065 1630 3130; x_wconf 89' lang='lat' dir='ltr'>defectum</span> <span class='ocrx_word' id='word_1_406' title='bbox 1659 3070 1770 3133; x_wconf 91' lang='lat' dir='ltr'>debito</span> 
     </span>
     <span class='ocr_line' id='line_1_80' title="bbox 981 3161 1771 3243; baseline 0.009 -21"><span class='ocrx_word' id='word_1_407' title='bbox 981 3161 1115 3223; x_wconf 90' lang='lat' dir='ltr'>servitio</span> <span class='ocrx_word' id='word_1_408' title='bbox 1141 3161 1365 3232; x_wconf 88' lang='lat' dir='ltr'>fraudaretur,</span> <span class='ocrx_word' id='word_1_409' title='bbox 1395 3162 1638 3226; x_wconf 89' lang='lat' dir='ltr'>ordinationem</span> <span class='ocrx_word' id='word_1_410' title='bbox 1664 3169 1771 3243; x_wconf 90' lang='lat' dir='ltr'>ipsius</span> 
     </span>
     <span class='ocr_line' id='line_1_81' title="bbox 981 3256 1774 3332; baseline 0.01 -13"><span class='ocrx_word' id='word_1_411' title='bbox 981 3258 1109 3320; x_wconf 89' lang='lat' dir='ltr'>dilectis</span> <span class='ocrx_word' id='word_1_412' title='bbox 1138 3256 1216 3318; x_wconf 89' lang='lat' dir='ltr'>filiis</span> <span class='ocrx_word' id='word_1_413' title='bbox 1236 3258 1393 3332; x_wconf 79' lang='lat' dir='ltr'>magistro</span> <span class='ocrx_word' id='word_1_414' title='bbox 1424 3260 1590 3332; x_wconf 88' lang='lat' dir='ltr'>Durando,</span> <span class='ocrx_word' id='word_1_415' title='bbox 1620 3265 1774 3327; x_wconf 85' lang='lat' dir='ltr'>Lemovi-</span> 
     </span>
     <span class='ocr_line' id='line_1_82' title="bbox 981 3354 1775 3432; baseline 0.008 -15"><span class='ocrx_word' id='word_1_416' title='bbox 981 3355 1071 3418; x_wconf 91' lang='lat' dir='ltr'>censi</span> <span class='ocrx_word' id='word_1_417' title='bbox 1086 3354 1322 3416; x_wconf 89' lang='lat' dir='ltr'>archidiacono</span> <span class='ocrx_word' id='word_1_418' title='bbox 1345 3357 1378 3418; x_wconf 91' lang='lat' dir='ltr'>et</span> <span class='ocrx_word' id='word_1_419' title='bbox 1391 3357 1528 3432; x_wconf 80' lang='lat' dir='ltr'>collegis</span> <span class='ocrx_word' id='word_1_420' title='bbox 1540 3359 1775 3424; x_wconf 86' lang='lat' dir='ltr'>suisduximus</span> 
     </span>
     <span class='ocr_line' id='line_1_83' title="bbox 981 3454 1777 3530; baseline 0.006 -13"><span class='ocrx_word' id='word_1_421' title='bbox 981 3454 1257 3525; x_wconf 88' lang='lat' dir='ltr'>committendam,</span> <span class='ocrx_word' id='word_1_422' title='bbox 1288 3454 1345 3530; x_wconf 92' lang='lat' dir='ltr'>qui</span> <span class='ocrx_word' id='word_1_423' title='bbox 1360 3470 1433 3514; x_wconf 85' lang='lat' dir='ltr'>cum</span> <span class='ocrx_word' id='word_1_424' title='bbox 1458 3455 1498 3515; x_wconf 91' lang='lat' dir='ltr'>ad</span> <span class='ocrx_word' id='word_1_425' title='bbox 1510 3458 1658 3519; x_wconf 90' lang='lat' dir='ltr'>eamdem</span> <span class='ocrx_word' id='word_1_426' title='bbox 1672 3462 1777 3522; x_wconf 87' lang='lat' dir='ltr'>eccle·</span> 
     </span>
     <span class='ocr_line' id='line_1_84' title="bbox 982 3552 1777 3630; baseline 0.009 -18"><span class='ocrx_word' id='word_1_427' title='bbox 982 3552 1065 3612; x_wconf 91' lang='lat' dir='ltr'>siam</span> <span class='ocrx_word' id='word_1_428' title='bbox 1085 3552 1315 3622; x_wconf 87' lang='lat' dir='ltr'>accessissent,</span> <span class='ocrx_word' id='word_1_429' title='bbox 1329 3552 1365 3612; x_wconf 91' lang='lat' dir='ltr'>ut</span> <span class='ocrx_word' id='word_1_430' title='bbox 1378 3568 1452 3614; x_wconf 86' lang='lat' dir='ltr'>eam</span> <span class='ocrx_word' id='word_1_431' title='bbox 1477 3553 1517 3613; x_wconf 87' lang='lat' dir='ltr'>de</span> <span class='ocrx_word' id='word_1_432' title='bbox 1533 3558 1685 3630; x_wconf 88' lang='lat' dir='ltr'>personis</span> <span class='ocrx_word' id='word_1_433' title='bbox 1701 3558 1777 3619; x_wconf 88' lang='lat' dir='ltr'>ido-</span> 
     </span>
     <span class='ocr_line' id='line_1_85' title="bbox 982 3649 1774 3726; baseline 0.006 -16"><span class='ocrx_word' id='word_1_434' title='bbox 982 3651 1055 3710; x_wconf 90' lang='lat' dir='ltr'>neis</span> <span class='ocrx_word' id='word_1_435' title='bbox 1064 3650 1161 3726; x_wconf 80' lang='lat' dir='ltr'>juxta</span> <span class='ocrx_word' id='word_1_436' title='bbox 1176 3649 1367 3710; x_wconf 90' lang='lat' dir='ltr'>mandatum</span> <span class='ocrx_word' id='word_1_437' title='bbox 1394 3651 1620 3724; x_wconf 88' lang='lat' dir='ltr'>Apostolicum</span> <span class='ocrx_word' id='word_1_438' title='bbox 1636 3655 1774 3716; x_wconf 88' lang='lat' dir='ltr'>ordina-</span> 
     </span>
     <span class='ocr_line' id='line_1_86' title="bbox 982 3746 1777 3822; baseline 0.011 -16"><span class='ocrx_word' id='word_1_439' title='bbox 982 3747 1066 3818; x_wconf 91' lang='lat' dir='ltr'>rent,</span> <span class='ocrx_word' id='word_1_440' title='bbox 1106 3746 1259 3807; x_wconf 89' lang='lat' dir='ltr'>canonict</span> <span class='ocrx_word' id='word_1_441' title='bbox 1295 3746 1446 3808; x_wconf 84' lang='lat' dir='ltr'>ecclesiae</span> <span class='ocrx_word' id='word_1_442' title='bbox 1488 3751 1700 3822; x_wconf 85' lang='lat' dir='ltr'>memoratae,</span> <span class='ocrx_word' id='word_1_443' title='bbox 1739 3754 1777 3816; x_wconf 90' lang='lat' dir='ltr'>ut</span> 
     </span>
     <span class='ocr_line' id='line_1_87' title="bbox 983 3842 1776 3915; baseline 0.006 -11"><span class='ocrx_word' id='word_1_444' title='bbox 983 3843 1172 3904; x_wconf 90' lang='lat' dir='ltr'>mandatum</span> <span class='ocrx_word' id='word_1_445' title='bbox 1187 3844 1338 3904; x_wconf 88' lang='lat' dir='ltr'>nostrum</span> <span class='ocrx_word' id='word_1_446' title='bbox 1350 3842 1484 3904; x_wconf 88' lang='lat' dir='ltr'>eludere</span> <span class='ocrx_word' id='word_1_447' title='bbox 1505 3844 1667 3915; x_wconf 89' lang='lat' dir='ltr'>valerent,</span> <span class='ocrx_word' id='word_1_448' title='bbox 1684 3850 1776 3910; x_wconf 91' lang='lat' dir='ltr'>ordi-</span> 
     </span>
     <span class='ocr_line' id='line_1_88' title="bbox 983 3939 1776 4022; baseline 0.008 -20"><span class='ocrx_word' id='word_1_449' title='bbox 983 3939 1154 4003; x_wconf 88' lang='lat' dir='ltr'>natoribus</span> <span class='ocrx_word' id='word_1_450' title='bbox 1178 3940 1260 4017; x_wconf 88' lang='lat' dir='ltr'>ipsis</span> <span class='ocrx_word' id='word_1_451' title='bbox 1285 3939 1320 3999; x_wconf 92' lang='lat' dir='ltr'>in</span> <span class='ocrx_word' id='word_1_452' title='bbox 1348 3940 1520 4000; x_wconf 91' lang='lat' dir='ltr'>canonicis</span> <span class='ocrx_word' id='word_1_453' title='bbox 1540 3942 1609 4002; x_wconf 92' lang='lat' dir='ltr'>suis</span> <span class='ocrx_word' id='word_1_454' title='bbox 1630 3947 1776 4022; x_wconf 88' lang='lat' dir='ltr'>receptis</span> 
     </span>
    </p>
   </div>
   <div class='ocr_carea' id='block_1_18' title="bbox 933 4036 1778 4119">
    <p class='ocr_par' dir='ltr' id='par_1_20' title="bbox 933 4036 1778 4119">
     <span class='ocr_line' id='line_1_89' title="bbox 933 4036 1778 4119; baseline 0.008 -21"><span class='ocrx_word' id='word_1_455' title='bbox 933 4067 936 4075; x_wconf 95' lang='lat'><em>·</em></span> <span class='ocrx_word' id='word_1_456' title='bbox 984 4037 1203 4100; x_wconf 87' lang='lat' dir='ltr'>ordinationis</span> <span class='ocrx_word' id='word_1_457' title='bbox 1216 4036 1345 4098; x_wconf 88' lang='lat' dir='ltr'>litteras</span> <span class='ocrx_word' id='word_1_458' title='bbox 1365 4041 1628 4112; x_wconf 89' lang='lat' dir='ltr'>suppresserunt,</span> <span class='ocrx_word' id='word_1_459' title='bbox 1644 4044 1778 4119; x_wconf 90' lang='lat' dir='ltr'>propter</span> 
     </span>
    </p>
   </div>
   <div class='ocr_carea' id='block_1_19' title="bbox 983 4133 1780 5654">
    <p class='ocr_par' dir='ltr' id='par_1_21' title="bbox 983 4133 1780 5654">
     <span class='ocr_line' id='line_1_90' title="bbox 984 4133 1778 4212; baseline 0.009 -17"><span class='ocrx_word' id='word_1_460' title='bbox 984 4134 1069 4212; x_wconf 94' lang='lat' dir='ltr'>quod</span> <span class='ocrx_word' id='word_1_461' title='bbox 1085 4134 1226 4195; x_wconf 90' lang='lat' dir='ltr'>ecclesia</span> <span class='ocrx_word' id='word_1_462' title='bbox 1249 4134 1321 4209; x_wconf 89' lang='lat' dir='ltr'>ipsa</span> <span class='ocrx_word' id='word_1_463' title='bbox 1344 4133 1503 4194; x_wconf 88' lang='lat' dir='ltr'>hactenus</span> <span class='ocrx_word' id='word_1_464' title='bbox 1516 4135 1706 4200; x_wconf 87' lang='lat' dir='ltr'>inordinata</span> <span class='ocrx_word' id='word_1_465' title='bbox 1721 4157 1778 4202; x_wconf 89' lang='lat' dir='ltr'>re-</span> 
     </span>
     <span class='ocr_line' id='line_1_91' title="bbox 983 4231 1777 4309; baseline 0.008 -15"><span class='ocrx_word' id='word_1_466' title='bbox 983 4232 1114 4294; x_wconf 92' lang='lat' dir='ltr'>mansit.</span> <span class='ocrx_word' id='word_1_467' title='bbox 1129 4233 1179 4291; x_wconf 93' lang='lat' dir='ltr'>Ne</span> <span class='ocrx_word' id='word_1_468' title='bbox 1188 4231 1291 4306; x_wconf 81' lang='lat' dir='ltr'>igitur</span> <span class='ocrx_word' id='word_1_469' title='bbox 1301 4231 1453 4292; x_wconf 90' lang='lat' dir='ltr'>canonici</span> <span class='ocrx_word' id='word_1_470' title='bbox 1475 4233 1657 4309; x_wconf 88' lang='lat' dir='ltr'>supradicti</span> <span class='ocrx_word' id='word_1_471' title='bbox 1672 4253 1708 4298; x_wconf 90' lang='lat' dir='ltr'>se</span> <span class='ocrx_word' id='word_1_472' title='bbox 1728 4239 1777 4300; x_wconf 91' lang='lat' dir='ltr'>sic</span> 
     </span>
     <span class='ocr_line' id='line_1_92' title="bbox 985 4327 1774 4408; baseline 0.008 -17"><span class='ocrx_word' id='word_1_473' title='bbox 985 4329 1126 4391; x_wconf 90' lang='lat' dir='ltr'>elusisse</span> <span class='ocrx_word' id='word_1_474' title='bbox 1139 4327 1329 4389; x_wconf 88' lang='lat' dir='ltr'>mandatum</span> <span class='ocrx_word' id='word_1_475' title='bbox 1339 4328 1564 4403; x_wconf 88' lang='lat' dir='ltr'>Apostolicum</span> <span class='ocrx_word' id='word_1_476' title='bbox 1577 4332 1774 4408; x_wconf 83' lang='lat' dir='ltr'>glorientur,</span> 
     </span>
     <span class='ocr_line' id='line_1_93' title="bbox 985 4424 1778 4495; baseline 0.01 -9"><span class='ocrx_word' id='word_1_477' title='bbox 985 4426 1018 4486; x_wconf 91' lang='grc'>11</span> <span class='ocrx_word' id='word_1_478' title='bbox 1044 4424 1191 4495; x_wconf 87' lang='grc'><strong>111111,</strong></span> <span class='ocrx_word' id='word_1_479' title='bbox 1218 4439 1258 4485; x_wconf 88' lang='grc'>11</span> <span class='ocrx_word' id='word_1_480' title='bbox 1285 4424 1402 4486; x_wconf 89' lang='lat' dir='ltr'>fraude</span> <span class='ocrx_word' id='word_1_481' title='bbox 1430 4441 1490 4486; x_wconf 91' lang='lat' dir='ltr'>sua</span> <span class='ocrx_word' id='word_1_482' title='bbox 1514 4443 1550 4488; x_wconf 92' lang='lat' dir='ltr'>se</span> <span class='ocrx_word' id='word_1_483' title='bbox 1572 4432 1778 4494; x_wconf 89' lang='lat' dir='ltr'>commodum</span> 
     </span>
     <span class='ocr_line' id='line_1_94' title="bbox 985 4522 1777 4598; baseline 0.01 -16"><span class='ocrx_word' id='word_1_484' title='bbox 985 4523 1151 4598; x_wconf 85' lang='lat' dir='ltr'>gaudeant</span> <span class='ocrx_word' id='word_1_485' title='bbox 1159 4522 1356 4597; x_wconf 89' lang='lat' dir='ltr'>reportasse,</span> <span class='ocrx_word' id='word_1_486' title='bbox 1371 4523 1614 4586; x_wconf 87' lang='lat' dir='ltr'>ordinationem</span> <span class='ocrx_word' id='word_1_487' title='bbox 1625 4529 1777 4592; x_wconf 78' lang='lat' dir='ltr'>ecclesiae</span> 
     </span>
     <span class='ocr_line' id='line_1_95' title="bbox 985 4618 1779 4699; baseline 0.009 -19"><span class='ocrx_word' id='word_1_488' title='bbox 985 4619 1175 4680; x_wconf 83' lang='lat' dir='ltr'>memoratae</span> <span class='ocrx_word' id='word_1_489' title='bbox 1191 4618 1262 4689; x_wconf 90' lang='lat' dir='ltr'>tibi,</span> <span class='ocrx_word' id='word_1_490' title='bbox 1284 4619 1324 4680; x_wconf 93' lang='lat' dir='ltr'>de</span> <span class='ocrx_word' id='word_1_491' title='bbox 1348 4623 1443 4697; x_wconf 81' lang='lat' dir='ltr'>quus</span> <span class='ocrx_word' id='word_1_492' title='bbox 1468 4621 1667 4684; x_wconf 89' lang='lat' dir='ltr'>discretione</span> <span class='ocrx_word' id='word_1_493' title='bbox 1686 4626 1779 4699; x_wconf 83' lang='lat' dir='ltr'>geri-</span> 
     </span>
     <span class='ocr_line' id='line_1_96' title="bbox 986 4715 1780 4792; baseline 0.008 -14"><span class='ocrx_word' id='word_1_494' title='bbox 986 4733 1059 4778; x_wconf 93' lang='lat' dir='ltr'>mus</span> <span class='ocrx_word' id='word_1_495' title='bbox 1072 4715 1227 4776; x_wconf 86' lang='lat' dir='ltr'>fiduciam</span> <span class='ocrx_word' id='word_1_496' title='bbox 1243 4715 1437 4792; x_wconf 91' lang='lat' dir='ltr'>pleniorem,</span> <span class='ocrx_word' id='word_1_497' title='bbox 1459 4716 1613 4778; x_wconf 83' lang='lat' dir='ltr'>duximus</span> <span class='ocrx_word' id='word_1_498' title='bbox 1627 4723 1780 4784; x_wconf 86' lang='lat' dir='ltr'>commit·-</span> 
     </span>
     <span class='ocr_line' id='line_1_97' title="bbox 985 4812 1779 4891; baseline 0.006 -15"><span class='ocrx_word' id='word_1_499' title='bbox 985 4814 1137 4884; x_wconf 87' lang='lat' dir='ltr'>tendam,</span> <span class='ocrx_word' id='word_1_500' title='bbox 1167 4812 1370 4874; x_wconf 86' lang='lat' dir='ltr'>fraternitati</span> <span class='ocrx_word' id='word_1_501' title='bbox 1407 4814 1472 4874; x_wconf 87' lang='lat' dir='ltr'>tuae</span> <span class='ocrx_word' id='word_1_502' title='bbox 1502 4828 1560 4889; x_wconf 89' lang='lat' dir='ltr'>per</span> <span class='ocrx_word' id='word_1_503' title='bbox 1589 4818 1779 4891; x_wconf 74' lang='lat' dir='ltr'>apostolica</span> 
     </span>
     <span class='ocr_line' id='line_1_98' title="bbox 987 4910 1779 4988; baseline 0.01 -16"><span class='ocrx_word' id='word_1_504' title='bbox 987 4911 1110 4988; x_wconf 89' lang='lat' dir='ltr'>scripta</span> <span class='ocrx_word' id='word_1_505' title='bbox 1139 4910 1346 4977; x_wconf 89' lang='lat' dir='ltr'>mandamus,</span> <span class='ocrx_word' id='word_1_506' title='bbox 1361 4910 1525 4985; x_wconf 91' lang='lat' dir='ltr'>quatenus</span> <span class='ocrx_word' id='word_1_507' title='bbox 1547 4911 1588 4972; x_wconf 90' lang='lat' dir='ltr'>ad</span> <span class='ocrx_word' id='word_1_508' title='bbox 1604 4914 1779 4980; x_wconf 87' lang='lat' dir='ltr'>ecclesiam</span> 
     </span>
     <span class='ocr_line' id='line_1_99' title="bbox 988 5004 1779 5085; baseline 0.006 -15"><span class='ocrx_word' id='word_1_509' title='bbox 988 5009 1094 5085; x_wconf 89' lang='lat' dir='ltr'>ipsam</span> <span class='ocrx_word' id='word_1_510' title='bbox 1104 5006 1276 5077; x_wconf 85' lang='lat' dir='ltr'>accedeus,</span> <span class='ocrx_word' id='word_1_511' title='bbox 1294 5007 1326 5068; x_wconf 89' lang='lat' dir='ltr'>et</span> <span class='ocrx_word' id='word_1_512' title='bbox 1337 5004 1463 5066; x_wconf 89' lang='lat' dir='ltr'>babens</span> <span class='ocrx_word' id='word_1_513' title='bbox 1474 5022 1541 5082; x_wconf 90' lang='lat' dir='ltr'>prae</span> <span class='ocrx_word' id='word_1_514' title='bbox 1554 5009 1660 5070; x_wconf 90' lang='lat' dir='ltr'>oculis</span> <span class='ocrx_word' id='word_1_515' title='bbox 1671 5014 1779 5076; x_wconf 93' lang='lat' dir='ltr'>solum</span> 
     </span>
     <span class='ocr_line' id='line_1_100' title="bbox 988 5103 1779 5180; baseline 0.011 -14"><span class='ocrx_word' id='word_1_516' title='bbox 988 5110 1103 5176; x_wconf 88' lang='lat' dir='ltr'>Deum,</span> <span class='ocrx_word' id='word_1_517' title='bbox 1126 5105 1244 5180; x_wconf 89' lang='lat' dir='ltr'>ipsam,</span> <span class='ocrx_word' id='word_1_518' title='bbox 1271 5103 1300 5164; x_wconf 90' lang='lat' dir='ltr'>si</span> <span class='ocrx_word' id='word_1_519' title='bbox 1326 5104 1577 5180; x_wconf 65' lang='lat' dir='ltr'>actitaturus</span> <span class='ocrx_word' id='word_1_520' title='bbox 1605 5106 1779 5174; x_wconf 88' lang='lat' dir='ltr'>facultates</span> 
     </span>
     <span class='ocr_line' id='line_1_101' title="bbox 989 5199 1779 5284; baseline 0.009 -20"><span class='ocrx_word' id='word_1_521' title='bbox 989 5201 1136 5280; x_wconf 84' lang='lat' dir='ltr'>ejusdem</span> <span class='ocrx_word' id='word_1_522' title='bbox 1156 5201 1196 5261; x_wconf 91' lang='lat' dir='ltr'>de</span> <span class='ocrx_word' id='word_1_523' title='bbox 1211 5200 1363 5277; x_wconf 88' lang='lat' dir='ltr'>personis</span> <span class='ocrx_word' id='word_1_524' title='bbox 1376 5199 1506 5261; x_wconf 88' lang='lat' dir='ltr'>idoneis</span> <span class='ocrx_word' id='word_1_525' title='bbox 1526 5201 1682 5268; x_wconf 89' lang='lat' dir='ltr'>ordinare</span> <span class='ocrx_word' id='word_1_526' title='bbox 1697 5225 1779 5284; x_wconf 90' lang='lat' dir='ltr'>pro-</span> 
     </span>
     <span class='ocr_line' id='line_1_102' title="bbox 990 5297 1780 5372; baseline 0.006 -10"><span class='ocrx_word' id='word_1_527' title='bbox 990 5315 1096 5363; x_wconf 89' lang='lat' dir='ltr'>cures.</span> <span class='ocrx_word' id='word_1_528' title='bbox 1109 5297 1376 5358; x_wconf 79' lang='lat' dir='ltr'>contradictores</span> <span class='ocrx_word' id='word_1_529' title='bbox 1388 5311 1448 5372; x_wconf 88' lang='lat' dir='ltr'>per</span> <span class='ocrx_word' id='word_1_530' title='bbox 1471 5314 1648 5361; x_wconf 87' lang='lat' dir='ltr'>censuram</span> <span class='ocrx_word' id='word_1_531' title='bbox 1671 5305 1780 5366; x_wconf 90' lang='lat' dir='ltr'>eccle-</span> 
     </span>
     <span class='ocr_line' id='line_1_103' title="bbox 990 5393 1779 5478; baseline 0.004 -18"><span class='ocrx_word' id='word_1_532' title='bbox 990 5396 1170 5466; x_wconf 86' lang='lat' dir='ltr'>siasticam,</span> <span class='ocrx_word' id='word_1_533' title='bbox 1182 5393 1406 5470; x_wconf 87' lang='lat' dir='ltr'>appellatione</span> <span class='ocrx_word' id='word_1_534' title='bbox 1419 5397 1610 5471; x_wconf 89' lang='lat' dir='ltr'>postposita,</span> <span class='ocrx_word' id='word_1_535' title='bbox 1626 5415 1779 5478; x_wconf 90' lang='lat' dir='ltr'>compes·</span> 
     </span>
     <span class='ocr_line' id='line_1_104' title="bbox 991 5490 1779 5574; baseline 0.006 -18"><span class='ocrx_word' id='word_1_536' title='bbox 991 5493 1106 5556; x_wconf 88' lang='lat' dir='ltr'>cendo.</span> <span class='ocrx_word' id='word_1_537' title='bbox 1123 5492 1241 5552; x_wconf 90' lang='lat' dir='ltr'>Datum</span> <span class='ocrx_word' id='word_1_538' title='bbox 1251 5490 1384 5562; x_wconf 85' lang='lat' dir='ltr'>Tibure,</span> <span class='ocrx_word' id='word_1_539' title='bbox 1400 5507 1487 5554; x_wconf 91' lang='lat' dir='ltr'>nuno</span> <span class='ocrx_word' id='word_1_540' title='bbox 1500 5492 1662 5557; x_wconf 87' lang='lat' dir='ltr'>kalendas</span> <span class='ocrx_word' id='word_1_541' title='bbox 1678 5499 1779 5574; x_wconf 71' lang='lat' dir='ltr'>iunii,</span> 
     </span>
     <span class='ocr_line' id='line_1_105' title="bbox 992 5602 1202 5654; baseline -0.033 0"><span class='ocrx_word' id='word_1_542' title='bbox 992 5605 1079 5654; x_wconf 88' lang='lat' dir='ltr'>anno</span> <span class='ocrx_word' id='word_1_543' title='bbox 1104 5602 1202 5650; x_wconf 90' lang='lat' dir='ltr'>nono.</span> 
     </span>
    </p>
   </div>
   <div class='ocr_carea' id='block_1_20' title="bbox 0 0 2145 6372">
    <p class='ocr_par' dir='ltr' id='par_1_22' title="bbox 0 0 2145 6372">
     <span class='ocr_line' id='line_1_106' title="bbox 0 0 2145 6372; baseline 0 0"><span class='ocrx_word' id='word_1_544' title='bbox 0 0 2145 6372; x_wconf 95' lang='lat' dir='ltr'> </span> 
     </span>
    </p>
   </div>
  </div>
 </body>
</html>
