4274 6388
192 315 252 376 eor

193 471 421 550 persequatur.
435 475 454 536 J
456 489 509 536 am
524 457 640 535 revera
653 471 761 549 ipsum
771 473 832 535 Dei
844 453 987 535 latemur

193 569 365 641 athletam,
377 585 452 631 cum
473 569 513 630 ad
531 569 766 631 vindicandum
790 570 985 646 sanguinem

165 745 170 750 Ι
194 666 311 728 christi
332 669 415 744 eius,
433 667 488 744 qui
506 666 649 727 deterre
665 667 787 728 clamat
809 667 984 742 adipsum,

192 763 362 839 regalibus
378 763 518 838 negotiis
529 763 762 840 praetermissis
776 764 935 826 intendat.

232 860 352 922 Audito
374 859 505 938 quidem
528 875 571 920 ex
587 860 707 922 litteris
729 861 860 932 vestris,
887 877 985 936 quam

193 957 438 1018 abhorrendum
453 956 593 1028 lacinus,
611 973 774 1036 quamque
793 957 986 1019 detestabile

193 1053 317 1114 malrum
330 1053 452 1114 dudum
475 1054 518 1114 sii
546 1055 581 1114 in
605 1069 707 1129 regno
731 1070 792 1115 suo
807 1055 985 1130 patratum.

193 1151 308 1211 noster
321 1150 457 1226 expavit
472 1150 613 1222 animus,
641 1165 698 1211 cor
719 1152 928 1223 contremuit,
955 1153 988 1212 et

194 1263 293 1310 aures
306 1263 348 1309 ex
368 1247 474 1323 ipsius
498 1247 720 1309 horribilitate
746 1247 905 1309 facinoris
921 1248 988 1309 tin-

194 1344 338 1406 nierunt.
355 1344 419 1405 Sed
429 1360 473 1405 ex
486 1345 675 1406 earumdem
691 1343 879 1407 litterarum
892 1344 987 1406 intel·

807 301 1035 375 EPISTOLAE.

1059 313 1136 374 LIB.
1161 303 1229 374 VII.
1771 311 1832 373 298

1040 472 1184 549 plorare,
1198 471 1234 532 ut
1248 485 1379 546 semper
1392 471 1446 545 sit,
1468 471 1666 550 ubicumque
1681 469 1832 532 ambula-

1040 569 1127 630 verit
1140 567 1220 645 ipse,
1238 583 1360 639 secum,
1378 568 1410 629 et
1434 569 1469 628 iu
1494 573 1655 630 aeternum
1684 566 1832 630 stabiliat

1040 681 1179 740 regnum
1195 681 1302 737 suum,
1315 663 1552 741 iaciatqnesibi
1563 681 1682 728 nomen
1693 665 1829 741 grande,

1040 775 1080 824 ac
1095 761 1135 822 ab
1147 761 1298 822 omuibus
1310 762 1453 823 inimicis
1467 762 1536 822 suis
1549 762 1580 822 ei
1595 763 1742 838 requiem
1756 762 1831 823 lar-

1041 859 1162 934 giatur.
1178 875 1197 918 r
1211 857 1310 920 Addit
1323 860 1358 920 ut
1378 859 1618 934 parricidarum
1641 860 1758 932 terras,
1775 859 1832 936 qui

1042 972 1077 1017 sa
1092 956 1239 1032 episcopi
1252 955 1342 1016 caede
1360 955 1588 1032 inquinarunt,
1606 955 1832 1018 ecclesiastico
1910 1013 1912 1017 .

1042 1052 1217 1114 interdicto
1232 1050 1364 1124 feriant,
1382 1053 1487 1112 donec
1500 1053 1565 1114 rite
1580 1051 1621 1112 ab
1644 1052 1688 1112 iis
1707 1054 1832 1113 crimen

1041 1149 1210 1226 expiatum
1241 1149 1350 1210 suerit.
1386 1151 1504 1210 Datum
1535 1150 1701 1222 Laterani,
1723 1149 1834 1209 idibus

1041 1245 1212 1319 februarii,
1229 1245 1440 1324 pontificatus
1457 1247 1563 1308 nostri
1579 1261 1666 1308 anno
1680 1247 1830 1323 septimo.

194 1441 280 1503 lecto
290 1442 416 1515 tenore,
428 1457 525 1518 quam
539 1442 689 1503 animose
703 1442 790 1504 idem
805 1458 866 1504 rex
876 1442 988 1503 insur·
1077 1524 1078 1528 Ἰ

195 1539 322 1601 rexerit
350 1541 466 1601 contra
498 1539 598 1616 hujus
626 1539 762 1601 sceleris
790 1538 985 1617 patratores,

194 1636 351 1710 dolorem,
367 1652 463 1715 quem
478 1635 573 1698 nobis
594 1634 673 1699 iacti
687 1637 845 1699 atrocitas
862 1636 984 1710 intulit,

194 1749 255 1811 pro
269 1750 389 1810 magna
404 1735 498 1811 parte
514 1735 679 1796 sensimus
691 1750 805 1796 exsua
815 1734 987 1811 diligentia

193 1830 984 1907 mitigatumnaedemsanentteraecontinebant,

194 1929 281 2006 qnod
304 1929 376 1991 orta
399 1929 487 1990 inter
511 1929 698 1990 recolendae
725 1930 894 1991 memoriae
920 1933 984 1991 Α...

195 2015 434 2088 cathanensem
459 2027 649 2104 episcopum
673 2043 715 2088 ex
736 2027 831 2104 parte
855 2043 932 2100 una,
954 2029 988 2089 et

194 2123 415 2200 parochianos
436 2140 514 2185 suos
531 2139 574 2184 ex
594 2124 710 2196 altera,
728 2140 828 2200 super
849 2124 986 2186 decimis

194 2220 227 2281 et
239 2221 315 2281 aliis
336 2221 551 2283 cathenensis
568 2221 719 2283 ecclesiae
737 2221 868 2299 jnribus
883 2237 988 2299 quaes·

193 2315 294 2388 tione,
322 2317 461 2394 ipsaque
484 2317 519 2378 in
547 2318 724 2394 praesentia
752 2319 841 2394 regis
866 2317 984 2394 ipsine,

194 2413 415 2476 mediantibus
429 2413 625 2490 quibusdam
640 2415 791 2492 personis
803 2414 985 2477 ecclesias-

193 2509 269 2571 ticis
284 2509 452 2571 amicabili
471 2511 710 2586 compositione
731 2511 850 2587 sopita,
883 2513 979 2572 rede·

195 2607 272 2668 unte
305 2607 438 2668 tandem
470 2608 626 2684 episcopo
659 2608 730 2685 ipso
761 2608 802 2669 ad
838 2609 984 2685 propria,

193 2704 331 2781 ipsoque
343 2720 422 2780 rege
437 2705 473 2766 in
491 2705 645 2780 angliam
675 2721 735 2782 pro
759 2706 872 2767 arduis
892 2706 986 2781 regni

194 2801 246 2862 sui
258 2801 401 2878 negotiis
423 2804 633 2878 properante,
651 2802 751 2863 iidem
776 2803 984 2880 parocbia'ni,

193 2895 350 2976 tanquam
366 2901 445 2961 moti
460 2900 622 2961 aduersus
637 2914 724 2972 eum,
742 2900 820 2977 quia
836 2899 986 2962 ecclesiae

193 3011 262 3056 suae
278 3011 412 3057 causam
428 2997 541 3072 egerat
560 2997 675 3058 contra
693 2999 795 3072 ipsos,
820 2997 855 3057 in
870 2997 985 3074 pasto-

194 3108 265 3153 rem
276 3094 365 3169 pium
378 3094 448 3170 lupi
459 3109 609 3170 rapaces,
620 3094 656 3153 in
667 3094 793 3170 patrem
806 3093 986 3170 degeneres

193 3189 266 3262 tilii,
284 3205 323 3252 ac
349 3191 384 3251 in
407 3191 568 3252 christum
583 3191 715 3251 Domini
737 3189 861 3252 diaboli
880 3191 985 3252 satel-

193 3286 270 3348 lites
284 3287 463 3359 irruentes,
479 3290 555 3348 tum
576 3285 723 3349 vestibus
738 3287 883 3364 propriis
905 3303 985 3364 spc-

193 3383 321 3457 liatum,
338 3399 471 3456 caesum,
496 3385 689 3462 lapidatum,
715 3386 747 3446 et
761 3385 898 3462 bipenni
911 3385 987 3446 vul-

194 3482 346 3543 neratum
371 3482 411 3543 ad
436 3483 587 3554 mortem,
610 3483 646 3543 iu
668 3482 809 3559 coquina
838 3483 984 3558 propria,

193 3581 265 3656 ejus
281 3578 434 3641 interitus
445 3579 544 3639 nimis
555 3579 654 3646 avidi,
665 3578 987 3658 cremaverunt.Rex

193 3690 273 3736 vero
289 3675 447 3752 praefatus
462 3677 515 3752 qui
531 3675 745 3752 proficiscens
763 3677 799 3736 in
820 3675 984 3752 angliam,

189 3773 260 3850 jam
276 3772 316 3833 ad
332 3774 482 3834 extrema
496 3773 592 3848 regni
617 3773 669 3833 sui
685 3773 893 3849 pervenerat,
922 3773 986 3834 boc

194 3869 305 3930 audito
321 3869 447 3938 dolens,
464 3869 497 3930 et
512 3885 554 3930 ex
568 3871 661 3932 tanta
675 3870 893 3946 perversitate
913 3885 987 3931 sce-

192 3966 273 4027 leris
289 3965 513 4039 conturbatus,
531 3967 570 4026 ad
586 3967 824 4028 vindicandum
836 3970 903 4028 tam
915 3983 986 4028 cru·

193 4062 301 4126 delam
322 4063 470 4141 episcopi
497 4063 576 4124 dicti
597 4066 749 4136 mortem,
775 4064 874 4125 etad
900 4065 986 4126 male

192 4160 395 4236 perdendum
410 4159 527 4232 malos,
547 4159 604 4236 qui
623 4160 773 4221 eumdem
794 4162 986 4238 episcopum

193 4257 240 4318 sic
253 4257 477 4335 perdiderant,
488 4271 624 4333 prorsus
636 4257 779 4330 omissis,
793 4274 866 4334 quae
878 4259 986 4335 ipsum

194 4353 378 4426 trabebant,
395 4352 548 4429 negotiis,
563 4369 599 4414 se
614 4354 764 4430 protinus
783 4355 985 4416 exercitibus

192 4451 262 4512 suis
291 4449 438 4512 collectis
474 4451 631 4521 accinxit,
663 4453 776 4526 aperte
810 4451 985 4512 insinuans

192 4547 278 4627 quod
306 4563 381 4608 eum
407 4548 532 4625 injuria
561 4546 683 4609 Christi
709 4549 819 4624 angat,
851 4550 885 4611 et
917 4565 985 4611 suae

191 4644 316 4706 zeletur
337 4645 487 4707 ecclesiae
503 4645 690 4707 libertatem
715 4660 775 4722 pro
800 4648 896 4723 cujus
923 4647 985 4707 de·
1025 4637 1028 4644 ’

192 4741 343 4804 tensione
370 4744 510 4804 mortem
534 4741 636 4806 subiit
659 4741 833 4819 episcopus
855 4759 985 4805 memo-

192 4842 296 4903 ratus.

232 4953 250 4999 r
265 4937 334 5000 Nos
348 4953 427 5014 ergo
445 4938 543 5015 lrrxta
559 4937 814 5014 postulationem
827 4942 983 5010 vestram,

191 5035 297 5112 ipsius
318 5035 408 5111 regis
424 5051 525 5112 super
545 5035 608 5096 hoc
634 5036 867 5098 excellentiam
895 5052 984 5097 ccm-

191 5131 395 5205 mendantes,
409 5149 448 5193 ac
463 5133 701 5210 prosequentes
713 5133 898 5195 actionibus
913 5149 986 5209 gra·

190 5231 325 5303 tiarum,
343 5245 418 5290 eum
434 5231 631 5308 perscripta
655 5233 768 5292 nostra
784 5231 983 5303 monuimus,

191 5329 228 5389 ut
242 5329 446 5404 assumptum
457 5328 662 5405 propositum
679 5328 860 5390 ulciscendi
876 5328 987 5389 Decet

192 5424 348 5486 Ecclesiae
361 5441 462 5501 super
475 5425 538 5486 boc
553 5424 681 5486 illatam
695 5417 865 5502 injuriam,
883 5425 986 5485 ulcis-

191 5523 296 5584 cendo
310 5523 424 5586 taliter
438 5526 670 5600 prosequatur,
687 5522 771 5599 quod
786 5539 845 5599 pro
859 5538 897 5584 ec
912 5524 985 5599 ipsa

191 5620 347 5681 teneatur
374 5621 522 5683 Ecclesia
547 5619 606 5682 Dei
634 5620 896 5682 misericordiam
922 5619 986 5680 im·

1357 1539 1515 1630 LXXXI

1111 1689 1164 1748 Ad
1182 1691 1379 1764 Philippum
1397 1705 1516 1767 rapam
1530 1655 1757 1752 Franccmlnc
1810 1661 1814 1668 ι

1317 1819 1461 1877 1611111111
1482 1821 1559 1878 1113.

1042 1939 1177 2006 [bouquet
1188 1941 1290 1994 liecueil
1302 1941 1417 1994 desiliet.
1428 1943 1495 2072 XXX,
1508 1957 1534 2007 p.
1545 1943 1591 1994 733
1598 1963 1604 2002 ς
1619 1944 1715 2008 Regest.
1724 1943 1834 2008 libvll,

1366 2021 1440 2086 episi.
1467 2023 1504 2087 6.]
1829 2035 1832 2048 ·

1041 2127 1176 2184 Ρ1011000
1195 2141 1260 2184 cum
1280 2127 1430 2185 Fredericc
1446 2130 1481 2196 ll,
1500 2131 1692 2186 Romanorum
1708 2130 1830 2201 impera-

1076 2223 1146 2284 tore,
1177 2213 1249 2272 lacta
1281 2221 1311 2272 ut
1342 2215 1453 2273 cladem
1475 2218 1611 2274 cautere
1630 2232 1646 2273 a
1665 2217 1834 2275 Christianis

1076 2311 1223 2376 acceptam
1252 2317 1385 2378 reparare
1422 2305 1468 2362 ille
1496 2311 1624 2374 conetur,
1660 2306 1831 2378 Philippum,

1077 2406 1157 2464 regm
1173 2395 1356 2461 Francorum,
1370 2401 1397 2450 et
1410 2393 1481 2450 alios
1495 2408 1579 2466 reges
1599 2393 1726 2452 bortatur
1741 2397 1835 2452 llouo·

1075 2480 1135 2538 rius
1147 2479 1183 2538 ad
1198 2494 1276 2538 arma
1290 2495 1341 2553 pro
1355 2480 1464 2541 Christo
1483 2482 1673 2555 suscipienda.

1081 2606 1834 2685 Honoriusepiscopus...carissimoianristo

1042 2703 1110 2765 tilio
1121 2703 1193 2778 regi
1209 2706 1423 2778 Francorum,
1441 2706 1593 2778 salntem,
1610 2707 1672 2767 etc.

1080 2801 1194 2862 iustus
1208 2801 1368 2862 Dominus
1383 2803 1418 2862 in
1429 2802 1580 2863 omnibus
1593 2800 1657 2864 viis
1673 2803 1756 2875 suis,
1773 2803 1829 2880 qui

1042 2897 1220 2974 unicuique
1230 2913 1290 2974 pro
1308 2898 1436 2960 meritis
1445 2898 1606 2974 condigna
1616 2900 1833 2962 retributione

1040 2994 1228 3071 respondet,
1256 2995 1345 3056 circa
1374 2997 1543 3072 negotium
1565 2999 1676 3058 Terrae
1702 2998 1832 3060 Sanctae

1041 3107 1133 3168 spem
1173 3091 1287 3169 populi
1320 3093 1499 3154 Christiani
1536 3092 1618 3154 lovit
1653 3094 1833 3172 aliquando
1908 3173 1909 3181 ἵ

1040 3189 1218 3265 prosperis,
1236 3190 1269 3251 et
1289 3189 1454 3250 interdum
1470 3189 1655 3252 debilitavit
1669 3191 1831 3252 adversis.

1042 3286 1238 3362 Oquantum
1256 3286 1461 3348 Christicolis
1484 3285 1660 3350 videbatur
1683 3289 1834 3350 arridere

1041 3384 1254 3459 prosperitas!
1268 3385 1293 3444 Ο
1305 3385 1463 3460 quantum
1475 3382 1629 3446 illuxisse
1637 3385 1837 3448 credebatur

1041 3480 1194 3542 fidelibus
1245 3481 1391 3542 felicium
1437 3497 1560 3542 aurora
1604 3498 1830 3557 successuum,

1042 3577 1172 3655 quando
1187 3578 1492 3654 crucesignatorum
1517 3579 1684 3641 exercitus
1704 3583 1835 3659 AEgyp-

1040 3675 1109 3738 tum
1123 3675 1331 3751 aggrediens,
1362 3676 1434 3752 post
1448 3676 1567 3737 turrim
1593 3681 1740 3752 captam,
1760 3681 1837 3754 post

1040 3772 1217 3833 transitum
1231 3772 1389 3843 fluminis,
1411 3775 1484 3848 post
1506 3772 1619 3834 hostes
1641 3774 1832 3850 exterritos,

1040 3869 1075 3930 in
1087 3869 1354 3930 adversariorum
1370 3867 1567 3930 stationibus
1576 3870 1687 3931 castra
1702 3870 1785 3942 lixit,
1800 3873 1836 3935 et·

1041 3965 1236 4037 Damiatam,
1252 3981 1325 4043 quae
1346 3965 1448 4027 robur
1463 3966 1662 4028 censebatur
1683 3969 1830 4046 AEgypti,

1042 4062 1133 4123 duris
1153 4059 1336 4123 obsidionis
1356 4063 1519 4138 angustiis
1542 4066 1740 4126 coarctavit!
1767 4069 1833 4128 Res

1041 4159 1172 4237 quidem
1186 4158 1346 4234 agebatur
1361 4160 1525 4232 miraculi,
1547 4177 1646 4238 quum
1661 4165 1830 4237 Dominus,

1041 4257 1098 4333 qui
1126 4255 1227 4332 elegit
1250 4255 1383 4318 infirma
1411 4257 1525 4319 mundi
1554 4260 1591 4321 ut
1616 4261 1835 4324 confunderet

1041 4352 1154 4426 fortia,
1172 4353 1339 4415 civitatem
1356 4356 1594 4431 expugnationi
1610 4357 1778 4420 difficilem
1794 4375 1834 4422 eo

1040 4452 1188 4527 tempore
1212 4450 1350 4513 tradidit
1374 4452 1568 4528 gerentibus
1594 4454 1718 4516 bellum
1748 4459 1831 4532 epus,

1041 4563 1105 4625 quo
1129 4547 1317 4609 invaluerat
1331 4549 1471 4610 multum
1493 4551 1596 4626 partis
1612 4552 1760 4614 adversae
1773 4569 1835 4630 pc·

1040 4645 1155 4715 tentia,
1180 4645 1213 4707 et
1238 4643 1455 4708 abbreviatus
1475 4650 1548 4708 erat
1573 4663 1640 4709 non
1667 4649 1832 4710 modicum

1040 4745 1227 4804 nostrorum
1257 4759 1415 4804 numerus
1442 4742 1650 4805 bellatorum.
1684 4745 1840 4809 Habebat

1040 4841 1150 4901 autem
1172 4841 1206 4901 in
1231 4840 1284 4900 bis
1305 4840 1506 4902 universitas
1534 4842 1722 4904 Christiana
1746 4843 1842 4910 undet

1040 4936 1260 5013 praetenderet
1287 4935 1383 5012 quasi
1406 4939 1505 4998 certae
1528 4938 1599 5014 spei
1623 4936 1778 4999 fiduciam
1799 4939 1834 5000 in

1040 5031 1203 5107 luturum;
1226 5048 1353 5107 verum,
1373 5033 1627 5096 succedentibus
1652 5037 1833 5112 prosperis,

1039 5131 1182 5192 victores
1204 5129 1298 5192 obliti
1327 5146 1447 5190 nomen
1470 5129 1600 5191 Domini
1627 5133 1700 5208 post
1714 5133 1836 5196 trium·

1040 5227 1151 5305 phum,
1164 5227 1240 5290 dato
1254 5227 1436 5289 virtutibus
1452 5227 1564 5288 libello
1585 5230 1727 5306 repudii,
1748 5247 1840 5293 con-

1039 5328 1173 5387 traxere
1196 5341 1270 5385 cum
1285 5325 1387 5396 vitiis,
1405 5325 1489 5401 quod
1504 5325 1741 5390 detrahebatur
1757 5327 1843 5391 iidei·

1040 5423 1096 5484 ubi
1110 5423 1323 5484 convertendi
1344 5421 1476 5484 luerent
1490 5423 1654 5496 intldeles,
1681 5426 1714 5487 et
1729 5429 1843 5503 major

1039 5520 1112 5582 erat
1122 5521 1331 5597 peccatorum
1340 5520 1529 5590 commissio
1540 5521 1595 5584 ubi
1607 5524 1713 5599 major
1722 5523 1837 5585 remis

1041 5616 1309 5695 slosperabatur.
