4258 6394
140 276 214 338 461

140 431 364 511 impetravit,
381 438 480 516 prout
502 441 599 501 erant
618 439 866 502 incontinenter
879 453 959 516 pro·

140 525 243 591 hare
259 533 378 609 parati,
395 550 457 597 noc
480 535 601 598 exinde
624 535 660 597 in
684 536 805 598 litteris
833 537 957 598 mentio

141 622 353 702 haberetur,
364 631 430 708 ipsi
442 633 765 695 earumauoteritate
777 632 958 711 procedere

141 735 225 784 non
252 727 406 802 poterant
429 745 490 790 nec
505 728 677 792 debebant.
702 731 766 792 Sed
782 730 859 807 quia
877 730 957 792 dicti

136 819 291 895 judices
304 823 392 886 banc
416 827 645 904 exceptionem
670 842 784 888 eorum
807 827 955 902 denega-

140 913 242 980 bant
254 919 442 996 admittere,
453 923 519 1000 ipsi
534 925 575 985 ad
587 925 739 986 nostram
751 923 955 985 audientiam

142 1015 426 1091 appellaverrmt.
448 1020 591 1097 Ideoque
618 1020 812 1083 discretioni
834 1021 955 1082 vostre

143 1123 217 1186 per
239 1114 433 1190 apostolica
455 1115 579 1194 scripta
598 1116 808 1186 mandamus,
833 1116 954 1194 quate-

143 1221 234 1281 nus,
253 1209 283 1271 si
297 1211 344 1272 ita
359 1213 421 1281 est,
445 1214 602 1276 revocato
620 1214 656 1274 in
680 1214 837 1276 statutum
861 1210 956 1274 debi-

143 1303 242 1378 tum,
268 1307 426 1385 quidquid
449 1309 523 1386 post
544 1309 735 1387 huiusmodi
756 1309 956 1388 appellatio-

144 1415 237 1464 nem
252 1403 450 1468 inveneritis
466 1407 592 1468 temere
611 1406 819 1478 attentatum,
837 1405 956 1469 audia-

143 1496 198 1560 tis
241 1515 388 1575 causam,
419 1503 454 1564 et
487 1503 710 1580 appellatione
734 1503 862 1566 remota
889 1503 955 1564 dne

147 1595 325 1659 canonico
338 1599 536 1672 terminetis,
553 1599 714 1662 iacientes
733 1600 820 1678 qued
834 1599 954 1661 decre-

144 1693 278 1755 veritis
293 1709 543 1771 percensuram
564 1697 826 1758 ecclesiasticam
850 1695 956 1757 tirmi-

144 1787 208 1851 ter
224 1789 417 1866 observari;
431 1792 580 1870 alioquin
601 1793 713 1870 partes
739 1792 780 1854 ad
807 1792 954 1870 priorum

142 1885 307 1963 judicum
332 1888 539 1950 remittentes
560 1905 713 1962 examen,
733 1889 954 1966 appellantem

146 1983 189 2044 in
217 1985 378 2060 expensis
398 1985 555 2060 legitimis
577 1986 846 2048 condemnantes.
862 1985 954 2057 Quod

147 2079 183 2138 si
199 2094 272 2140 nou
284 2095 412 2151 omnes,
427 2083 489 2142 etc.
503 2083 622 2142 Datum
633 2081 799 2154 Laterani,
810 2081 955 2142 11111111-

147 2174 276 2332 tergas
289 2175 485 2250 decembris,
506 2176 719 2254 pontincatus
742 2178 850 2240 nostri
865 2193 954 2240 anno

147 2285 193 2333 oc
235 2284 288 2335 ve.

766 279 996 344 EPISTOLAE.
1018 281 1097 342 nte.
1121 280 1207 342 v111.

1754 281 1815 344 462

1015 437 1212 500 attentatum
1240 437 1293 499 est
1320 452 1380 514 per
1413 437 1563 509 easdem,
1592 431 1814 502 decernente⁸

1014 535 1146 613 penitus
1168 549 1235 596 non
1254 535 1378 596 valere.
1395 536 1514 598 Datum
1538 535 1708 608 Laterani,
1725 536 1810 598 duo·

1012 632 1139 694 decimo
1155 631 1317 694 kalendas
1332 631 1517 694 decembris
1532 649 1622 695 anno
1635 634 1763 696 octavo.

1358 965 1463 1053 XLV

1084 1115 1138 1176 Ad
1155 1114 1401 1192 Rottornopcn.
1424 1118 1731 1192 archiepiscopum.

1267 1245 1303 1304 ²0
1317 1244 1450 1304 novemb.
1469 1245 1549 1304 lats.

1026 1365 1146 1432 [nepam
1159 1365 1205 1417 lib.
1216 1367 1284 1429 vlit,
1295 1367 1370 1432 epist.
1383 1367 1424 1420 eo.
1435 1368 1493 1420 llss.
1504 1369 1540 1419 la
1552 1369 1631 1420 Porto
1639 1368 1675 1420 do
1688 1367 1783 1434 theb]

1045 1489 1079 1548 lli
1094 1489 1225 1548 muoedit
1237 1497 1377 1548 utcontra
1388 1490 1524 1549 nonnulle
1542 1491 1665 1564 capitula
1683 1491 1772 1552 oilleii

1217 1592 1262 1635 sur
1274 1578 1401 1636 debitum
1415 1586 1596 1651 exequatur

1049 1695 1229 1765 Honorius,
1244 1696 1319 1762 etc,
1330 1695 1515 1757 venerabili
1528 1694 1663 1758 tratri...
1679 1696 1807 1759 Retho-

1010 1805 1140 1866 magen.
1157 1790 1421 1868 archiepiscopo,
1436 1792 1589 1864 salutem,
1607 1794 1669 1855 etc.

1049 1889 1166 1960 Quum,
1182 1887 1325 1950 sicutex
1339 1889 1433 1966 parte
1445 1889 1503 1950 tua
1520 1888 1584 1952 tuit
1598 1889 1804 1966 propositum

1009 1997 1122 2045 ceram
1136 1982 1244 2056 nobis,
1257 1985 1419 2045 nonnulla
1433 1985 1580 2062 capitula
1593 1986 1662 2048 tam
1673 1987 1807 2062 religio·

1009 2094 1122 2142 sorum
1141 2093 1239 2158 quam
1264 2081 1475 2142 secularium
1494 2084 1561 2144 tuae
1577 2083 1807 2159 iurisdictioni

1008 2174 1167 2253 subjecta,
1181 2178 1217 2238 ut
1226 2175 1427 2239 visitationis
1436 2176 1471 2240 et
1479 2177 1727 2240 reformationis
1739 2180 1805 2241 tuae

1009 2272 1211 2334 ordinariam
1237 2271 1400 2350 edtrgiaut
1418 2273 1623 2350 diciplinam,
1646 2275 1806 2352 trequen-

1007 2370 1059 2431 ter
1075 2370 1110 2430 in
1122 2385 1237 2432 recem
1252 2369 1485 2447 appellationis
1496 2371 1724 2449 prorumpant,
1744 2387 1806 2433 nos

905 2511 911 2526 .
1009 2466 1145 2543 provide
1157 2463 1364 2530 attendentes
1387 2466 1474 2545 quod
1496 2469 1730 2545 appellationis
1745 2483 1820 2532 re-.

249 2777 302 2840 Ad
319 2779 512 2842 Hmrtcum
525 2793 645 2856 repom
658 2780 860 2856 duplorum.

409 2935 446 2994 20
463 2935 597 2994 novemb.
619 2935 698 2994 1113.

282 3074 403 3142 [strom
417 3076 499 3142 Royel
511 3078 619 3139 tettan,
631 3075 718 3138 1339,
733 3089 762 3131 n.
776 3074 827 3141 tt]

190 3216 360 3292 Respondet
379 3233 412 3276 se
433 3217 572 3292 quosdam
596 3219 704 3278 litteras
724 3233 783 3278 aon
800 3217 917 3278 duxisse

460 3305 648 3366 revocandas.

1008 2562 1152 2626 medium
1175 2577 1242 2626 non
1271 2564 1312 2626 ad
1337 2563 1511 2640 ditibgiutn
1536 2564 1803 2641 malignantium,

1008 2659 1118 2722 sedan
1130 2660 1357 2723 innocentium
1366 2661 1550 2723 subsidium
1559 2662 1803 2738 estinventum,

1008 2757 1210 2820 fraternitati
1250 2759 1318 2820 iuae
1355 2759 1568 2834 presentium
1605 2759 1805 2821 auctoritate

1007 2853 1231 2926 concedimus,
1246 2855 1292 2926 ut,
1308 2867 1375 2916 uon
1386 2853 1538 2918 obstante
1548 2853 1676 2916 trivolae
1689 2855 1805 2932 appel·
1851 2859 1853 2866 '

1007 2950 1143 3012 lationis
1158 2949 1300 3027 objectu,
1319 2953 1436 3012 contra
1455 2950 1571 3013 eedem
1588 2951 1734 3026 capitula
1750 2951 1803 3012 ot-

1009 3041 1289 3123 doiituidebitum
1302 3046 1510 3124 exsequaris.
1521 3046 1614 3108 Nulli
1628 3048 1802 3121 ergo,etc.,
1824 3075 1826 3080 ·

1007 3143 1094 3204 banc
1108 3143 1264 3220 paginam
1285 3145 1408 3207 nostrae
1428 3141 1666 3212 concessionis,
1687 3143 1749 3204 etc.
1766 3143 1803 3204 Si

1007 3241 1082 3318 quis
1093 3242 1216 3313 autem,
1233 3242 1294 3302 etc.
1321 3241 1440 3304 Datum
1459 3239 1628 3312 Laterani,
1652 3241 1713 3302 Xll
1732 3239 1801 3301 bal.

1008 3336 1203 3410 decembris,
1220 3352 1309 3400 anno
1323 3339 1453 3400 octavo.

194 3449 248 3510 Ex
262 3447 356 3525 parte
367 3449 427 3511 tua
441 3447 536 3511 nobis
552 3447 614 3512 tuit
629 3448 800 3511 humiliter
819 3449 950 3528 suppli-

151 3548 280 3618 catum,
297 3545 333 3608 ut
347 3562 447 3623 quum
469 3546 628 3625 quasdam
649 3564 670 3609 a
689 3547 784 3610 uobis
800 3548 951 3610 audisses

151 3643 287 3706 litteras
301 3659 486 3716 emanasse,
499 3644 618 3721 quibus
630 3643 854 3708 venerabilem
876 3644 949 3706 ira-

151 3742 242 3803 trem
257 3742 406 3802 nostrum
420 3741 687 3804 wintoniensem
702 3742 905 3819 epIscopum,
918 3742 952 3804 et

151 3835 297 3898 dilectos
314 3835 400 3898 illios
416 3835 543 3899 nobiles
557 3837 649 3898 viros
664 3837 876 3915 Ranulpbum
888 3848 949 3899 co-

152 3933 952 4012 mitemCestrensem,HubertumdeBurgojus-

151 4029 320 4092 titiarium
333 4028 473 4106 anglie,
490 4032 523 4092 et
536 4029 729 4092 Falkesium
747 4031 791 4094 de
805 4032 951 4094 Breaute

153 4125 196 4188 ad
211 4125 335 4188 bailias
349 4126 383 4189 et
397 4127 508 4188 castra
525 4127 619 4202 regia
640 4127 809 4188 reddenda
823 4129 858 4188 in
874 4143 950 4188 ma-

153 4224 255 4286 nibus
269 4223 336 4284 tuis
350 4222 592 4285 mandabamus
604 4223 774 4299 compelli,
786 4223 950 4286 decerne·
1005 4211 1140 4284 indulget
1152 4211 1181 4268 ei
1203 4215 1235 4268 “¹
1258 4209 1399 4282 (1111111ῑῦ
1414 4210 1612 4283 l⁰⁸⁸0⁸⁸i⁰1¹0⁸
1634 4211 1664 4267 ¹¹1
1678 4211 1797 4286 Θ11111111·

153 4335 268 4383 remus
295 4319 425 4382 litteras
451 4319 529 4380 illas
558 4319 673 4382 irritas
697 4323 730 4382 et
752 4320 882 4392 inanes,
907 4336 950 4384 ue
1039 4299 1141 4357 “mim
1164 4305 1330 4399 Iefpemfffl
1351 4297 1388 4356 ⁰⁴
1408 4298 1508 4358 VI¹¹⁰⁸⁵
1522 4299 1692 4372 P¹⁸¹¹¹⁸⁰d⁰⁸
1710 4301 1740 4358 ¹⁰
1757 4301 1813 4378 ⁰³⁸.

152 4419 234 4482 inde
262 4418 375 4494 posset
401 4416 601 4479 turbationis
629 4417 762 4478 occasio
791 4417 947 4490 suboriri,
1039 4385 1198 4444 ⁰⁰⁰⁰⁰d⁰¹⁰
1213 4395 1313 4458 9⁰⁸³¹‘·

153 4530 257 4592 qurum
276 4514 341 4590 ipsi
362 4514 521 4590 mnquam
535 4513 601 4575 viri
622 4512 736 4576 tideles
760 4515 867 4591 parati
883 4515 950 4576 sint
1044 4511 1222 4584 Honorius,
1240 4512 1317 4584 etc,
1342 4512 1526 4576 venerabili
1545 4512 1641 4576 tratri
1662 4515 1798 4577 arcbie-

154 4627 195 4674 ea
224 4625 300 4672 curn
336 4611 514 4673 ratiocinio
551 4611 770 4688 proventuum
809 4611 950 4673 reddere
1004 4609 1141 4686 piscopo
1155 4608 1359 4681 Narbonem,
1385 4609 1539 4682 salutem,
1556 4613 1618 4671 etc.

153 4709 304 4784 tempore
336 4708 533 4784 opportuno,
561 4723 622 4768 nec
651 4707 719 4769 sint
744 4706 863 4784 quihus
890 4708 949 4768 illa
1043 4709 1094 4768 bx
1108 4705 1201 4782 parte
1212 4709 1269 4768 tua
1281 4705 1553 4768 nobisbumiliter
1565 4706 1797 4784 supplicatum,

155 4805 307 4868 secunus
321 4805 457 4866 valeant
477 4804 713 4866 commendari.
729 4806 852 4867 Verum
871 4804 948 4881 quia
1005 4805 1042 4866 ut
1064 4802 1224 4880 quasdam
1253 4803 1482 4880 possessiones
1503 4802 1653 4865 ecclesiae
1673 4807 1739 4866 tuae
1762 4805 1798 4865 in

155 4901 276 4965 litterae
297 4900 489 4978 hujusmodi
510 4915 553 4962 es
577 4901 670 4976 parte
693 4903 762 4974 tua,
783 4901 818 4962 et
838 4900 880 4962 ob
900 4901 949 4963 tui
1004 4899 1242 4979 emphyteosim
1270 4899 1462 4976 perpetuam
1478 4899 1680 4961 concedendi
1689 4901 1731 4962 ad
1746 4901 1799 4966 vi-

156 5013 291 5060 causam
303 5013 324 5058 a
334 4996 436 5062 nobis
445 4997 556 5073 petite
569 5013 609 5058 ac
619 5012 788 5060 concessae
802 4997 947 5069 luerunt,
1004 5013 1085 5058 neas
1099 4994 1298 5072 plantandas
1312 4995 1348 5056 in
1362 4996 1412 5057 eis
1426 4995 1487 5057 tibi
1500 4995 1669 5057 licentiam
1678 5013 1800 5059 conce-

157 5111 218 5160 nos
232 5111 274 5159 ne
289 5095 403 5172 aliqua
417 5094 639 5155 intervenisse
651 5093 770 5156 levitas
783 5095 947 5166 videatur,
1004 5093 1083 5154 dere
1097 5091 1320 5168 dignaremur,
1340 5107 1439 5169 quum
1455 5107 1568 5169 speres
1581 5091 1701 5154 exinde
1720 5110 1800 5172 pro·

157 5207 214 5254 ees
238 5193 340 5254 aliter
362 5207 429 5253 non
456 5189 611 5252 duximus
637 5191 854 5264 revocandas,
885 5189 949 5252 ntsi
1003 5190 1122 5252 ventus
1137 5189 1243 5266 ipsius
1261 5188 1412 5251 ecclesiae
1434 5190 1707 5264 augmentandos.
1728 5193 1804 5256 Nos-

158 5290 255 5366 quod,
275 5289 304 5350 si
317 5287 380 5351 tibi
394 5288 593 5350 auctoritate
607 5288 755 5364 ipsarum
770 5287 950 5364 procedere
1004 5288 1116 5364 itaque
1131 5287 1171 5349 de
1181 5286 1238 5349 tua
1253 5284 1454 5348 discretione
1462 5284 1593 5364 plenam
1607 5287 1642 5349 in
1657 5289 1797 5352 Domino

158 5401 223 5448 non
246 5386 367 5464 placet,
393 5385 576 5448 dIstricties
598 5382 800 5456 inhibemus,
828 5397 869 5446 ne
892 5399 951 5462 per
1005 5383 1160 5446 dducIam
1182 5383 1380 5452 obtinentes,
1395 5383 1596 5447 fraternitati
1610 5387 1676 5448 tuae
1691 5386 1798 5448 licen.-

159 5497 216 5543 eas
234 5483 444 5561 aliquatenus
465 5481 662 5560 procedatur
687 5481 816 5544 litteras
838 5481 948 5559 ipsas3
1004 5481 1085 5544 tiam
1106 5481 1318 5543 concedimus
1338 5481 1548 5558 postulatam,
1561 5483 1737 5545 dummodo
1754 5485 1796 5546 ad

160 5580 192 5640 et
205 5579 233 5642 si
248 5581 326 5659 quid
341 5577 427 5644 torte
443 5579 558 5643 contra
571 5577 759 5662 praedictos,
776 5580 810 5643 te
831 5580 949 5652 invite,
1004 5580 1038 5643 id
1051 5577 1187 5658 capituli
1205 5578 1255 5641 tui
1281 5593 1463 5642 consensus
1477 5579 1625 5652 accedat,
1645 5581 1679 5643 et
1692 5581 1726 5642 id
1740 5596 1798 5644 ec·

1342 3683 1465 3770 XLVI

1114 3835 1166 3896 Ad
1183 3835 1477 3909 arciteptscopom
1491 3835 1689 3896 Narbonem.
1738 3855 1740 3864 ’

1261 3962 1296 4020 13
1311 3961 1445 4020 novemb.
1466 3962 1547 4022 trra.

1041 4087 1162 4152 meret,
1171 4085 1208 4136 lib
1218 4085 1284 4149 VIII,
1295 4084 1371 4150 epist.
1381 4084 1421 4136 tt.
1432 4086 1490 4137 llss.
1498 4087 1535 4138 Le
1543 4087 1619 4138 Porte
1629 4086 1663 4139 du
1675 4085 1770 4152 Tbeit]
