4244 6374
161 263 224 324 593

162 423 254 484 circa
268 423 333 484 hoc
354 437 485 484 omnem
505 437 632 490 curam,
653 420 958 484 omuemsollicitu-

161 519 297 593 dinem,
334 535 465 580 omnem
491 519 699 596 diligentiam
727 519 955 594 impensurus:

106 663 115 674 .
161 617 273 678 sciens
294 618 378 694 quod
406 617 555 679 caritatis
568 617 725 688 affectus,
752 631 848 692 quem
876 631 959 694 prae·

161 714 253 777 dicto
265 717 303 775 A.
323 714 436 776 comiti
453 715 617 775 Tolosano
638 715 674 774 in
689 730 828 790 egressu
841 729 901 774 suo
917 714 957 774 de

160 814 255 874 terra
271 812 330 872 illa
341 811 499 873 exlithere
512 812 647 884 curasti,
662 812 833 889 sicutipse
848 811 955 884 noble,

160 925 231 970 non
257 910 329 970 sine
352 910 536 986 gratiarum
557 909 753 979 actionibus,
782 910 957 970 insinuare

161 1006 304 1078 curavit,
320 1006 415 1067 uobis
426 1010 459 1069 et
471 1006 761 1068 iratribusnostrIs
771 1006 957 1084 gratusfuit

160 1120 230 1164 non
243 1103 407 1166 modicum
423 1105 456 1165 et
470 1106 636 1182 acceptus.
653 1106 771 1166 Datum
785 1105 954 1174 Laterani,

160 1201 271 1277 pridie
285 1217 390 1264 nonas
402 1203 531 1279 aprilis,
546 1218 633 1264 anno
646 1204 774 1265 octavo.

200 1335 291 1395 Item
311 1338 464 1405 ejusdem
485 1337 616 1397 tenoris
638 1335 899 1411 archiepiscopis
924 1333 957 1394 et

160 1431 325 1507 episcopis
341 1447 401 1507 per
415 1432 626 1493 Provinciam
641 1432 839 1503 constitutis,
857 1431 894 1492 ut
905 1431 957 1491 di-

160 1527 304 1602 ligenter
318 1529 350 1589 et
367 1529 509 1590 sollicite
529 1528 687 1604 praedicto
704 1528 956 1604 archiepiscopo

158 1623 371 1686 Narbonensi
388 1625 549 1686 assistant
573 1626 608 1685 in
635 1625 794 1702 praedicto
809 1625 954 1699 negotio,

159 1720 231 1780 illis
253 1707 437 1796 praesertim
459 1722 515 1797 qui
530 1720 571 1782 ab
589 1735 629 1783 eo
651 1720 775 1783 luerint
789 1721 954 1799 requisiti.

160 1819 281 1878 Datum
295 1820 330 1879 ut
345 1833 456 1894 supra.

445 2085 675 2172 CLXXXIII

220 2238 271 2296 Ad
290 2237 509 2307 Ltedooiccm,
529 2240 747 2297 Francorum
762 2251 892 2312 renem.

443 2365 461 2422 t
480 2366 577 2438 aprilis
592 2367 670 2423 liii.

178 2488 315 2553 [bouquet.
325 2487 425 2540 Recueil
436 2489 478 2540 des
488 2490 563 2547 hist,
570 2489 698 2548 xtxaeo.
705 2491 815 2554 Regest„
822 2490 867 2542 lib.
874 2491 940 2550 viti,

482 2569 556 2632 epist,
566 2569 634 2634 380st

159 2674 228 2734 Cum
248 2675 413 2732 Frederieus
433 2676 588 2747 imperator
603 2683 632 2732 et
650 2678 792 2734 Honorius
806 2679 952 2752 crucesig-

194 2770 325 2820 natorum
347 2762 551 2836 proiectioaem
573 2765 602 2820 in
624 2765 740 2821 Terram
760 2767 892 2822 Sanctam
908 2767 951 2822 in-

195 2850 345 2908 tenderent
364 2859 517 2919 maturare,
534 2859 619 2923 rogat
636 2851 809 2910 Ludovieum
826 2852 955 2910 Pontifex

194 2945 225 2995 ut
235 2938 425 2996 Raimuudum
436 2939 618 3008 Tolosanum,
630 2941 677 3011 qni
687 2955 785 3011 pacem
797 2955 882 3012 quam
894 2943 955 3014 ipse

195 3027 325 3099 petierat,
344 3025 438 3084 lacere
459 3034 550 3084 ratam
572 3026 766 3096 cunctabatur,
783 3044 833 3085 rex
847 3036 954 3086 terrore

194 3116 525 3187 comminationemque
540 3117 602 3172 solo
613 3131 684 3188 opus
694 3117 740 3186 sit,
751 3116 786 3174 ad
797 3118 955 3190 promptius

195 3203 410 3275 obsequendum
422 3203 528 3277 adigat.

200 3339 954 3416 Honoriusepiscopus...,carissImoinChrIsto

162 3531 297 3590 militibus
311 3533 370 3591 suls
403 3547 535 3592 ersouam
550 3548 643 3603 suam,
657 3543 685 3592 et
697 3542 801 3592 terram
816 3535 852 3592 de
864 3538 952 3594 Fran-

158 3605 201 3661 cia
217 3604 330 3676 pignori
345 3550 544 3678 ongandam3
560 3614 587 3662 et
607 3621 663 3732 ego
680 3605 913 3680 archiepiscopus
925 3609 953 3664 in

159 3676 270 3756 propria
287 3690 408 3747 persona
429 3691 578 3733 remanere
591 3676 723 3734 voebam
743 3691 808 3733 cum
833 3679 905 3748 ipso,
926 3687 955 3735 et

158 3747 270 3802 interim
285 3747 481 3817 possessiones
499 3762 578 3804 meas
593 3762 643 3819 pro
663 3748 739 3804 mille
751 3747 829 3804 libris
845 3749 951 3831 persol-

158 3815 260 3872 vendis
279 3825 393 3873 ceutum
417 3817 562 3886 militibus,
581 3818 629 3900 qui
649 3825 830 3880 remanerent
843 3834 872 3875 m
887 3834 951 3876 eus·

158 3885 234 3943 todia
262 3887 454 3953 Carcassouae,
485 3889 599 3960 pignori
628 3887 771 3960 obligare;
797 3895 827 3945 ut
851 3889 953 3946 saltem

159 3955 295 4028 usquead
308 3955 416 4013 Pascha
430 3958 481 4012 Del
496 3967 524 4014 et
537 3966 661 4015 vestrum
673 3961 823 4016 eonsilium
833 3975 951 4032 exspec-

158 4033 219 4108 tare
252 4041 411 4096 possemus,
441 4027 495 4083 Sed
525 4027 686 4085 audivimus
716 4027 816 4102 [quod]
845 4031 952 4088 nullum

159 4097 277 4152 mrhtour
295 4097 435 4167 privatum
455 4099 500 4152 vel
521 4105 698 4168 extraneum,
721 4109 840 4172 excepto
862 4117 950 4159 avun-

158 4166 222 4222 culo
247 4181 299 4222 suo
323 4167 500 4234 marescallo,
524 4168 675 4226 Lamberto
700 4167 735 4226 de
760 4172 895 4244 Turrego,
926 4179 953 4228 et

160 4235 326 4306 quibusdam
345 4238 511 4308 sitiensque
527 4238 562 4294 ad
576 4237 678 4310 vlgiuti
694 4239 807 4308 milites,
826 4243 954 4299 iuvenire

160 4309 249 4378 potuit
263 4306 354 4364 dictus
368 4323 476 4376 comes,
490 4309 538 4380 qui
554 4309 582 4365 iu
598 4316 676 4366 tauto
691 4309 855 4368 discrimine
867 4313 953 4370 vellet

159 4393 307 4435 remanere
320 4393 384 4435 cum
398 4379 470 4450 Ipso.

193 4451 261 4508 Cum
278 4449 364 4520 igitur
381 4463 479 4506 comes
500 4464 592 4521 aeque
607 4451 739 4508 victualia
754 4466 845 4522 noque
864 4467 950 4523 pecu·

158 4520 234 4576 niam
260 4520 383 4590 aliquam
413 4527 509 4591 posset
535 4521 650 4588 habere,
674 4537 726 4578 uec
751 4537 803 4577 nos
823 4523 952 4580 similiter

158 4605 307 4662 possemus
326 4590 440 4715 aliguod
457 4590 613 4648 subsidium
631 4592 676 4648 vel
692 4591 848 4649 remedium
869 4594 949 4649 inve·

158 4661 217 4718 nire
234 4661 269 4718 ad
284 4669 364 4717 custo
387 4661 499 4717 leudam
516 4663 559 4718 vel
578 4659 729 4719 tenendam
748 4663 865 4719 ulterius
880 4665 949 4720 civi·

157 4738 253 4798 tatem,
267 4745 333 4786 cum
356 4731 497 4802 praedietis
515 4733 638 4790 immicis
659 4734 737 4805 pacis
750 4742 778 4788 et
794 4733 858 4789 lldel
874 4741 949 4790 treu-

157 4816 224 4873 gam
251 4801 318 4857 Ieeit
341 4801 401 4872 lpse
427 4803 678 4870 comes,videllcet
706 4810 737 4860 ut
759 4803 952 4860 Narbonensis

157 4875 255 4928 civitas
278 4879 307 4927 et
329 4870 504 4952 agathensis
524 4889 615 4945 usque
635 4873 761 4930 adduas
783 4889 907 4943 mensos,
924 4884 952 4933 et

156 4957 253 5068 Eanum
268 4943 394 5013 reliquiae
409 4943 548 5012 ecciesiae,
559 4952 590 5001 ut
601 4944 707 5001 dictum
718 4952 771 5012 est,
784 4960 846 5016 quse
861 4961 951 5016 usque

175 5029 210 5070 uc
223 5021 420 5070 remanserunt
435 5014 463 5068 iu
479 5021 564 5083 terra,
580 5029 669 5085 usque
685 5014 720 5071 ad
735 5013 836 5071 festum
853 5018 951 5072 Ponte

155 5091 246 5140 costos
257 5090 387 5155 treugam
403 5091 431 5140 et
447 5099 546 5156 pacem
557 5086 723 5158 generalem
738 5085 822 5142 talem
836 5086 949 5212 qualem

156 5153 307 5214 habereut:
324 5153 457 5211 adhibitis
474 5170 541 5212 eura
562 5163 592 5212 et
609 5154 757 5226 diligentia
770 5164 798 5212 et
812 5172 845 5212 so
857 5157 947 5213 licitu·

155 5223 230 5292 dine,
256 5231 313 5280 tam
338 5239 352 5280 a
378 5226 483 5282 comite
502 5241 587 5297 uuam
609 5240 625 5282 a
650 5225 742 5294 uobis,
762 5241 950 5298 quascumque

155 5293 274 5352 debebat
289 5293 415 5350 adhiberi
436 5303 464 5352 et
484 5303 604 5368 poterat,
626 5303 658 5353 ut
681 5304 842 5352 servaretur
861 5306 890 5353 et
907 5305 946 5354 te·

155 5374 267 5422 uoretur
296 5364 370 5422 dicta
398 5367 499 5423 civitas
525 5366 771 5434 carcassonensis,
801 5382 865 5424 cum
892 5383 948 5424 non

157 5444 250 5507 posset
262 5435 297 5492 ad
313 5435 368 5492 hoe
379 5437 529 5494 consilium
545 5437 659 5508 aliquod
673 5437 804 5506 inveniri,
818 5439 949 5509 quamvis

155 5521 209 5576 ego
222 5505 453 5580 archiepiscopus
474 5515 502 5564 et
526 5509 676 5564 memorati
690 5509 816 5581 episcopi
838 5515 866 5564 et
888 5509 949 5579 ipse

155 5591 250 5632 comes
272 5591 408 5648 personas
432 5585 544 5635 nostras
558 5586 585 5635 et
601 5579 796 5651 possessiones
812 5578 948 5636 vellemus

679 245 683 250 '
767 261 995 322 emarcum.
1019 263 1097 322 ura.
1120 256 1207 322 vm.

1746 260 1806 324 594

1013 421 1082 482 tilio
1099 423 1278 494 Ludovioo,
1295 423 1369 498 regi
1380 424 1584 486 Francorum
1599 421 1735 494 illustri,
1751 435 1808 482 sa-

1012 518 1126 590 lutem,
1144 521 1205 582 etc.

1052 617 1273 680 Petitionibus
1289 631 1371 694 quas
1390 633 1450 694 per
1464 617 1670 678 venerabiles
1686 616 1807 678 tratres

1012 715 1143 775 nostros
1178 714 1464 792 archiepiscopum
1497 713 1738 776 Bituricensem
1774 713 1808 774 et

1013 811 1256 886 Lingonensem
1293 827 1332 872 ac
1365 811 1600 873 carnotensem
1634 811 1806 887 episcopos

1011 907 1107 968 nobis
1129 909 1195 970 tuae
1220 910 1409 970 serenitatis
1430 909 1561 971 devotio
1581 907 1769 978 destinavit,
1786 922 1806 968 a

1013 1005 1110 1066 uobis
1129 1007 1162 1067 et
1179 1006 1336 1068 iratribus
1356 1007 1479 1068 nostris
1498 1007 1602 1068 multa
1622 1005 1806 1080 diligentia,

1012 1102 1098 1164 sieut
1111 1103 1311 1180 exposcebat
1325 1105 1449 1180 negotii
1465 1102 1669 1180 magnitudo,
1684 1101 1808 1163 discus·

1011 1199 1068 1272 sis,
1097 1201 1144 1261 ita
1167 1201 1265 1278 quod,
1289 1201 1383 1262 finali
1405 1202 1550 1263 tractatu
1572 1199 1684 1261 habito
1707 1213 1807 1275 super

1011 1295 1089 1366 illis,
1106 1297 1237 1373 praefati
1260 1299 1406 1375 episcopi
1422 1301 1494 1376 jam
1512 1299 1576 1358 iter
1596 1297 1809 1374 arripuerant

1011 1394 1052 1455 ad
1075 1394 1108 1455 te
1133 1411 1206 1456 cum
1222 1395 1344 1458 nostris
1369 1396 1489 1458 litteris
1511 1395 1710 1466 revertendi,
1732 1393 1805 1468 ipso

1011 1490 1272 1568 archIepiscopo,
1295 1493 1351 1570 qui
1369 1508 1428 1568 pro
1448 1491 1644 1569 quibusdam
1663 1490 1806 1566 negotiis

1012 1589 1082 1648 suis
1094 1589 1180 1665 apud
1195 1590 1418 1666 apostolicam
1444 1590 1562 1650 Sedem
1585 1586 1804 1657 remanserat,

1011 1685 1120 1746 adhuc
1143 1686 1179 1746 in
1203 1688 1318 1748 nostra
1340 1687 1517 1764 praesentia
1542 1685 1730 1757 constituto,
1750 1700 1809 1744 su-

1011 1785 1234 1859 pervenerunt
1262 1784 1426 1846 solemnes
1446 1783 1561 1845 nuncii
1588 1782 1753 1844 carissimi
1771 1781 1807 1841 in

1011 1879 1142 1940 Christo
1156 1881 1216 1940 illii
1230 1881 1411 1950 Traderici,
1428 1881 1567 1965 illustris
1581 1881 1806 1940 Romanorum

1011 1977 1220 2052 imperatorIs
1234 1994 1364 2055 semper
1377 1978 1554 2054 angustiat
1566 1977 1654 2052 regis
1669 1976 1805 2048 Siciliae,

1011 2073 1106 2134 nobis
1117 2076 1273 2151 peripsos
1284 2075 1423 2136 nuncios
1432 2078 1465 2136 et
1475 2073 1665 2150 imperiales
1676 2073 1806 2134 litteras

1011 2171 1207 2247 exponentis
1229 2171 1362 2233 fervens
1384 2171 1586 2232 desiderium
1608 2170 1693 2246 quod
1715 2169 1748 2229 ei
1765 2167 1805 2228 de

1010 2271 1121 2330 Terrae
1133 2271 1262 2332 Sanctae
1274 2284 1435 2330 succursu
1445 2269 1604 2330 Dominus
1616 2265 1804 2344 inspiravit,

1010 2382 1049 2426 ac
1059 2366 1425 2444 postulantisInstanter
1437 2367 1481 2437 ut,
1497 2381 1571 2427 cum
1585 2366 1655 2441 ipse
1666 2379 1761 2440 reges
1772 2363 1806 2423 et

1011 2464 1178 2542 principes
1195 2463 1395 2526 christianos
1408 2465 1448 2526 ad
1460 2463 1492 2524 id
1504 2464 1653 2527 animare
1676 2462 1806 2524 studeat

1009 2560 1238 2638 imperialibus
1254 2561 1486 2636 largitionibus
1511 2561 1543 2622 et
1558 2560 1740 2636 promissis,
1758 2560 1807 2619 si-

1010 2660 1065 2720 cut
1075 2659 1205 2734 plenius
1221 2659 1379 2734 colligere
1392 2658 1515 2736 poteris
1526 2673 1570 2718 eu
1582 2659 1696 2718 tenore
1709 2657 1803 2718 litte·

1010 2771 1123 2816 rarum
1139 2756 1299 2832 ipsarum,
1315 2771 1411 2832 quem
1427 2755 1486 2815 tibi
1501 2770 1562 2831 per
1578 2753 1802 2815 venerabilem

1010 2852 1145 2913 tratrem
1173 2853 1323 2913 nostrum
1353 2851 1555 2922 conradum,
1586 2851 1804 2911 Portueusem

1010 2950 1211 3026 episcopum,
1224 2949 1421 3025 Apostclmae
1437 2948 1531 3009 Sedis
1542 2948 1698 3024 legatum,
1711 2962 1805 3008 cura-

1010 3047 1117 3108 vimus
1152 3047 1331 3118 destinare,
1368 3063 1429 3108 nos
1464 3061 1594 3124 quoque
1629 3046 1803 3107 universos

1010 3144 1131 3205 Christi
1151 3143 1265 3204 fideles
1280 3143 1567 3206 exhortationibus
1581 3145 1613 3205 et
1627 3142 1806 3218 indulgen-

1009 3243 1065 3304 tiIs
1079 3242 1277 3318 Apostolieis
1297 3243 1338 3303 ad
1362 3241 1449 3303 idem
1472 3242 1620 3304 excitare
1634 3241 1804 3317 negotium

1010 3339 1228 3401 studeremus.

1010 3534 1154 3599 militibus,
1170 3541 1202 3590 ut
1215 3533 1322 3592 dietum
1336 3540 1389 3602 est,
1407 3549 1458 3605 pro
1472 3548 1578 3607 magua
1595 3534 1716 3606 pecunia
1731 3531 1801 3591 obli·

1009 3619 1088 3678 gare,
1108 3605 1156 3676 qui
1177 3605 1276 3662 saitem
1296 3619 1386 3676 usque
1408 3605 1444 3660 ad
1466 3606 1576 3662 Pascha
1598 3606 1804 3662 carcassonam

1009 3683 1165 3732 servarent.
1189 3673 1314 3732 Tandem
1337 3675 1481 3731 civitatem
1503 3675 1564 3747 ipse
1588 3689 1694 3740 eomes,
1720 3673 1804 3730 valde

1009 3747 1114 3802 invitus
1135 3751 1165 3802 et
1183 3747 1322 3802 violenter
1341 3747 1514 3816 compulsus,
1536 3745 1623 3801 tristis
1644 3744 1756 3816 reliquit
1777 3751 1806 3801 et

1008 3816 1118 3884 dolens,
1139 3823 1167 3872 et
1190 3831 1255 3871 oum
1271 3816 1331 3872 suis
1346 3814 1380 3871 de
1402 3821 1474 3871 terra
1496 3816 1584 3872 exivit
1603 3816 1632 3871 in
1654 3814 1804 3872 Franciam

1010 3885 1174 3944 remeando
1194 3889 1229 3942 Et
1242 3886 1313 3943 sicut
1329 3900 1363 3941 ex
1383 3885 1538 3956 premissis
1553 3892 1645 3941 vestra
1666 3885 1805 3942 serenitas

1009 3964 1101 4029 potest
1116 3956 1275 4027 intelligere
1287 3955 1443 4022 evidenter,
1461 3963 1489 4012 et
1504 3971 1557 4012 nos
1570 3955 1728 4012 secuudum
1744 3962 1802 4011 tes·

1010 4029 1158 4085 timonium
1173 4027 1355 4082 eonscientiae
1372 4033 1476 4082 uostrae
1495 4033 1658 4083 constanter
1672 4025 1804 4095 dicimus,

1009 4097 1084 4182 quod
1098 4097 1190 4154 dietus
1211 4111 1318 4162 comes,
1333 4097 1381 4168 qui
1402 4096 1474 4153 bella
1494 4099 1561 4154 iesu
1576 4096 1678 4155 Christi
1694 4111 1744 4168 pro
1756 4096 1802 4168 ju·
1899 4107 1900 4112 ’

1009 4169 1086 4226 ribus
1108 4170 1168 4226 suis
1187 4168 1288 4240 gessit,
1310 4166 1456 4238 hucusque
1477 4183 1592 4224 omnem
1614 4167 1804 4240 diligentiam,

1008 4255 1123 4298 omnem
1143 4239 1285 4295 cautelam
1305 4246 1333 4294 et
1354 4252 1439 4294 omae
1455 4252 1539 4310 posse
1558 4253 1641 4295 suum
1665 4236 1804 4306 adhibuit,

1007 4318 1120 4368 utnon
1147 4311 1322 4366 amitteretur
1348 4307 1522 4366 carcassona
1546 4309 1647 4366 civitas
1672 4308 1719 4365 vel
1747 4308 1802 4366 alia

1007 4389 1092 4448 terra,
1109 4386 1139 4436 et
1154 4383 1221 4438 iesu
1236 4379 1337 4438 Christi
1357 4379 1505 4452 negotium
1527 4394 1584 4436 uon
1600 4378 1713 4451 periret,
1731 4387 1759 4436 et
1774 4380 1803 4436 in

1007 4458 1127 4516 tautum,
1145 4452 1219 4508 sicut
1233 4449 1315 4507 nobis
1333 4450 1442 4506 videtur
1461 4457 1489 4506 et
1510 4449 1662 4512 credimus.
1680 4447 1716 4506 ad
1736 4465 1800 4522 pro·

1008 4520 1180 4578 movendum
1203 4521 1350 4594 negotium
1377 4528 1405 4577 et
1433 4520 1590 4592 regeudum
1617 4536 1648 4577 se
1673 4521 1804 4577 habuerit

1007 4590 1159 4664 prudenter
1180 4600 1208 4648 et
1231 4597 1315 4648 caute
1339 4605 1373 4647 ao
1395 4591 1521 4660 viriiiter,
1538 4591 1627 4662 quod,
1644 4590 1801 4647 secuudum

1007 4663 1169 4735 opinionem
1193 4662 1351 4730 homiuum,
1375 4661 1491 4718 amissio
1514 4670 1596 4717 terrae
1616 4661 1670 4717 sibi
1691 4661 1801 4732 aliqua-

1008 4741 1090 4790 tenus
1104 4735 1141 4788 im
1165 4733 1236 4789 utari
1252 4748 1308 4789 non
1322 4730 1406 4787 debet
1418 4746 1471 4788 uec
1486 4739 1587 4802 potest.

1042 4803 1114 4872 Quid
1130 4749 1229 4876 pXurai
1253 4801 1451 4859 recedentibus
1465 4801 1614 4858 catholicis
1635 4807 1664 4858 et
1684 4798 1801 4871 sugatis,

1006 4873 1137 4930 inlocum
1150 4875 1157 4930 i
1180 4888 1276 4930 sorum
1288 4872 1412 4929 haeretici
1421 4879 1630 4938 successerunt,
1639 4869 1801 4940 credentes,

1007 4944 1140 5012 lautores,
1152 4889 1318 5000 Xelensores
1328 4949 1357 4998 et
1367 4951 1557 5014 receptatores
1568 4940 1750 5010 eorumdem;
1761 4948 1801 5010 et,

1026 5015 1080 5071 uod
1096 5015 1180 5072 trimis
1192 5017 1286 5070 tristes
1302 5022 1330 5070 et
1345 5013 1473 5069 dolentes
1491 5011 1627 5080 dicimus,
1645 5011 1803 5070 Pharaonis

1005 5031 1145 5142 Xracoues
1173 5085 1325 5140 draconem
1353 5084 1443 5155 lloysi
1474 5082 1628 5139 devorasse
1657 5081 1801 5154 videntur,

1005 5158 1070 5227 quia
1090 5156 1207 5227 spiritus
1227 5153 1390 5210 immundus
1405 5155 1452 5224 qui
1473 5152 1507 5209 de
1526 5153 1669 5225 provincia
1690 5154 1799 5211 Narbo·

1005 5227 1087 5283 uensi
1098 5235 1126 5282 et
1138 5225 1263 5297 partibus
1275 5225 1481 5295 adjacentibus,
1491 5239 1541 5296 per
1549 5225 1684 5281 Ecclesiae
1697 5225 1801 5281 Roma·

1005 5313 1050 5352 nae
1072 5297 1259 5353 ministerium
1287 5303 1315 5350 et
1339 5303 1463 5352 vestrum
1488 5303 1515 5351 et
1537 5296 1618 5368 regui
1638 5296 1725 5351 vestri
1747 5310 1800 5368 po·

1004 5368 1122 5423 tentiam
1152 5365 1294 5438 quondam
1329 5364 1436 5436 ejectus
1463 5365 1553 5422 luerat
1579 5365 1746 5422 mirabiliter
1773 5372 1803 5422 et

1005 5445 1144 5509 potenter,
1161 5451 1237 5494 nuuc
1252 5434 1365 5492 rediens
1384 5451 1449 5493 cum
1465 5437 1529 5493 allis
1550 5445 1659 5509 septem
1680 5436 1798 5506 nequio-

1004 5509 1082 5564 ribus
1096 5508 1212 5564 domum
1236 5507 1303 5562 olim
1324 5509 1420 5590 scopis
1441 5506 1606 5564 mundatam
1624 5513 1798 5562 stornatum

1004 5580 1151 5652 ingressus
1163 5575 1299 5634 inhabitat
1311 5591 1319 5646 ;
1330 5584 1358 5634 et
1372 5579 1444 5634 iacta
1457 5585 1523 5635 sunt
1536 5577 1691 5634 novissima
1703 5582 1799 5635 nostra
