4226 6372
18 297 22 348 ³
126 311 186 372 aaa

126 485 186 534 vos
201 471 358 548 praedicta
386 472 491 536 libere
516 472 719 548 investigare
739 471 917 550 permittat,

11 569 21 612 i
126 569 159 632 et
184 583 262 630 suos
286 585 361 632 cum
384 571 504 633 vestris
519 569 628 632 mittat
641 570 787 642 nuntios,
804 570 834 630 si
854 570 919 631 sihi

11 665 21 710 i
125 664 291 728 videbitur
314 667 483 744 expedire,
508 667 776 743 investigationis
801 667 920 744 hujus-

13 772 21 810 ·'=
125 763 215 826 modi
230 764 351 826 seriem
364 765 591 840 inspecturos3
608 765 718 825 certus
733 764 820 841 quod
834 765 920 826 sicut

18 902 21 908 ·
127 860 253 936 injusta
280 861 531 937 saepedictorum
559 860 699 922 fratrum
723 861 918 936 gravamina

11 962 20 1006 t
127 958 292 1019 sustinere
302 959 336 1020 in
348 959 507 1034 patientia
520 959 685 1030 nolumus,
699 958 746 1018 sic
755 961 833 1034 jnra
846 963 918 1035 ejus

11 1062 19 1102 ·'
127 1054 233 1116 illaesa
243 1055 307 1116 sihi
319 1057 472 1116 volumus
487 1071 820 1132 conservare;quum
831 1071 920 1117 eum-

127 1150 201 1213 dem
215 1153 371 1228 tanquam
386 1153 599 1228 egregiumct
617 1152 816 1214 catholicum
831 1153 919 1228 prin·

11 1261 19 1302 l
127 1247 234 1322 cipem
261 1247 442 1310 habeamus
473 1248 508 1308 in
543 1247 727 1310 visceribus
756 1249 917 1311 caritatis.

11 1353 18 1401 r
127 1343 220 1416 Quod
230 1345 259 1406 si
271 1360 337 1407 non
348 1359 474 1417 omnes,
487 1347 548 1409 etc.
563 1346 682 1408 Datum
692 1347 731 1407 ut
742 1361 851 1421 sztpra
858 1344 917 1426 (1).

420 1584 628 1672 CLXXIII

11 1754 14 1794 ε
127 1738 179 1796 Act
193 1737 389 1809 episcopum
408 1738 676 1806 heracliensem,
706 1737 859 1798 abbatem
882 1739 916 1797 S.

166 1833 292 1893 Marte
305 1834 346 1892 oe
369 1835 484 1894 Nocar
507 1833 542 1894 ct
565 1832 792 1907 praepositum
807 1836 841 1894 S.
855 1837 918 1894 Jo-

165 1931 291 1990 haaats
306 1930 434 1990 Prtaet.
450 1929 634 1990 ctMcrstc.
651 1932 818 1990 rttoeccsts.

418 2061 450 2116 rr
463 2059 535 2133 janu
551 2061 629 2118 reat.

305 2182 423 2247 [Ughellt
439 2183 514 2234 Italia
529 2197 608 2246 saara,
621 2184 642 2242 1,
656 2183 737 2248 tarr]

128 2297 305 2354 Eiscausam
320 2305 478 2356 vertentem
505 2300 579 2356 inter
600 2300 784 2372 prepositum
807 2300 917 2371 eapitu-

160 2385 275 2458 lumqua
302 2387 330 2444 S.
356 2385 499 2459 Pamphili
530 2388 735 2457 Sulmonensis,
769 2389 920 2447 valvensis

160 2471 304 2544 dioecesis,
325 2489 360 2531 ex
379 2482 458 2548 parte
482 2489 548 2546 una,
565 2481 593 2532 et
608 2477 762 2550 capitulum
780 2477 806 2534 S.
828 2477 919 2534 Pelini

163 2563 315 2620 Valvensis
329 2578 364 2619 ex
374 2565 472 2634 altera,
485 2565 641 2637 superjurc
653 2564 778 2636 eligendi
794 2566 916 2623 Valveu·

165 2663 226 2706 sem
241 2651 406 2724 cptscopum
415 2652 564 2709 committit
577 2651 797 2710 terminandam.

168 2778 919 2856 Honoriusepiscopus‚servasservorumhei,

123 2875 311 2936 venerabili
338 2875 433 2936 tratri
462 2876 591 2939 nostro·
609 2876 764 2952 episcopo
793 2879 921 2938 Furco-

123 2972 234 3039 nansi,
250 2974 283 3032 et
297 2971 427 3032 dilectis
443 2972 522 3032 tiliis
537 2972 648 3034 abbati
660 2972 789 3035 Sanctae
803 2973 920 3034 Mariae

122 3070 166 3130 de
181 3070 301 3140 Nocer,
311 3068 343 3129 et
354 3069 532 3144 praeposito
545 3069 656 3133 Sancti
669 3069 808 3131 Joannis
824 3070 921 3130 Cela·-

123 3165 262 3236 mensis,
285 3164 408 3226 Trivet.
432 3164 465 3226 et
483 3165 617 3225 Marsic.
641 3163 805 3237 dioecesis,
824 3165 919 3226 salu-

122 3265 191 3325 tem
207 3263 241 3325 et
251 3261 475 3338 Apostolicam
485 3260 759 3324 benedictionem.

166 3362 233 3422 Sua
261 3358 357 3420 nohis
392 3359 589 3435 praepositus
615 3358 648 3420 et
674 3358 856 3435 capitulum
883 3361 917 3420 S.
950 3325 951 3328 Ἴ

124 3455 293 3533 Pamphili
309 3456 469 3527 salmom,
483 3455 659 3518 valvensis
685 3456 849 3527 diocesis,
866 3456 921 3518 in·

124 3555 314 3615 sinuatione
329 3553 565 3625 monstrarunt,
582 3553 668 3630 quod
685 3553 762 3613 olim
779 3556 851 3614 orta
866 3553 921 3614 in-

122 3654 176 3714 ter
187 3651 277 3728 ipsos
292 3665 336 3712 en
355 3651 449 3728 parte
465 3667 531 3712 una
555 3651 588 3712 et
609 3651 791 3728 capitulum
807 3651 919 3712 Sancti

124 3749 233 3810 Pelini
247 3749 434 3820 valvensis,
453 3763 553 3824 super
573 3751 651 3825 jure
675 3747 819 3824 eligendi
834 3748 918 3809 Val-

123 3861 259 3908 vensem
272 3847 463 3923 episcopum
478 3844 671 3923 quaestione,
687 3845 719 3907 et
738 3861 840 3906 causa
862 3861 921 3906 su-

125 3958 185 4018 per
197 3943 259 4003 hoc
274 3942 369 4004 honae
386 3943 555 4004 memoriae
570 3943 739 4004 Pennensi
762 3943 919 4019 episcopo

125 4055 145 4098 a
158 4038 266 4099 salicis
281 4039 523 4100 recordationis
534 4039 726 4102 Innocentio
737 4055 822 4116 papa
838 4056 920 4117 prae·

125 4135 299 4198 decessore
328 4135 441 4196 nostro
470 4136 657 4208 commissa,
688 4135 805 4196 eodem
829 4136 920 4214 epis-

741 313 971 376 EPISTOLAE.
995 315 1074 376 LIB.
1099 317 1153 376 tx.

1256 482 1487 571 CLXXVIII

973 635 1025 694 Ad
1042 636 1238 710 cptscopum
1255 634 1486 712 Portucaaem
1500 637 1540 694 Α.
1556 635 1591 696 S.
1607 633 1768 708 apertae.

1267 762 1471 837 rajanuraas.

1136 887 1228 952 [cher,
1242 886 1302 938 Cod.
1319 886 1434 951 diplom..
1455 887 1498 945 lll,
1512 901 1540 944 u,
1554 885 1605 952 tt]

974 1021 1032 1076 llas
1044 1034 1111 1076 suas
1122 1019 1330 1078 adhortatorias
1341 1035 1390 1092 pcr
1405 1020 1533 1093 legatum
1548 1030 1630 1078 sunm
1647 1019 1769 1078 Andros

1071 1108 1135 1180 regi
1148 1109 1314 1180 praesentari
1341 1107 1562 1180 persuaderiquc
1574 1108 1664 1180 jubet.

1014 1235 1192 1308 Honorius,
1206 1234 1281 1307 etc,
1296 1235 1451 1312 episcopo
1461 1233 1648 1305 portuensi,
1662 1237 1768 1311 Apos-

974 1330 1082 1392 tolicaa
1094 1331 1188 1392 Sedis
1201 1332 1322 1408 legato,
1340 1332 1493 1392 salutem.

1015 1429 1166 1500 Qualiter
1179 1429 1362 1490 scribamus
1378 1428 1552 1490 carissimo
1576 1429 1612 1490 in
1638 1427 1769 1490 Christo

975 1527 1044 1586 tilio
1063 1529 1187 1597 nostro,
1214 1525 1337 1586 illustri
1365 1525 1437 1600 rogi
1459 1526 1652 1600 Hungariae,
1670 1541 1770 1602 super

974 1623 1235 1698 gravaminibus,
1249 1639 1323 1699 quae
1343 1623 1472 1684 dilectis
1497 1623 1587 1691 tiliis,
1609 1622 1768 1684 fratribus

974 1720 1090 1780 domus
1116 1721 1148 1780 S.
1171 1719 1287 1780 Mariae
1316 1719 1596 1781 Theutonicorum
1620 1719 1656 1779 in
1679 1724 1769 1780 terra

974 1819 1098 1888 Borrae,
1114 1832 1154 1877 ac
1169 1817 1256 1877 ultra
1265 1817 1393 1878 Montes
1406 1817 1541 1876 Nivium
1555 1816 1769 1878 diciturintu·

974 1913 1064 1984 lisso,
1079 1915 1174 1975 tenor
1187 1913 1384 1985 litterarum,
1400 1929 1482 1990 quas
1490 1929 1591 1990 super
1605 1913 1668 1975 hoc
1679 1915 1710 1974 ci
1719 1913 1772 1973 di·

974 2011 1125 2086 rigimus,
1142 2011 1175 2072 te
1190 2011 1320 2088 plenius
1333 2009 1493 2074 edocebit.
1515 2011 1676 2082 Quocirca
1699 2011 1770 2071 lra-

974 2107 1123 2169 ternitati
1137 2109 1202 2169 tuae
1218 2123 1277 2184 per
1288 2107 1479 2184 Apostolica
1494 2108 1618 2185 scripta
1631 2108 1771 2168 manda-

974 2221 1058 2277 mus,
1075 2205 1374 2282 quatenuslitteras
1385 2205 1515 2266 nostras
1526 2205 1648 2280 exponi
1663 2205 1769 2264 iacias

975 2318 1034 2378 per
1059 2303 1189 2364 fidelem
1203 2302 1355 2364 nuntium
1369 2302 1433 2378 ipsi
1448 2301 1535 2377 regi3
1561 2303 1594 2362 et
1603 2303 1712 2378 ipsum
1726 2301 1768 2362 ad

975 2399 1163 2462 laciendum
1180 2415 1230 2472 ea,
1246 2415 1318 2476 quae
1330 2399 1542 2462 contineatur
1552 2400 1587 2460 in
1600 2399 1679 2470 illis,
1693 2415 1767 2460 mo·

974 2513 1054 2558 neas
1068 2497 1248 2561 efficaciter
1274 2498 1307 2560 et
1323 2496 1477 2572 inducas;
1494 2496 1574 2558 etsi
1597 2513 1633 2558 so
1648 2497 1683 2558 in
1707 2497 1771 2558 hoc

975 2595 1104 2666 durum,
1120 2595 1207 2658 ultra
1223 2611 1322 2672 quam
1341 2593 1466 2666 deceat,
1489 2593 1689 2666 exhibuerit,
1715 2595 1769 2656 el-

974 2693 1048 2752 dem
1064 2693 1262 2753 denuntiare
1275 2706 1445 2767 procures,
1459 2690 1544 2768 quod
1566 2691 1658 2752 nullo
1673 2693 1771 2754 modo

974 2790 1089 2850 deesse
1110 2787 1291 2865 poterimus
1315 2787 1350 2847 in
1377 2801 1437 2848 sua
1458 2787 1589 2863 justitia
1611 2786 1770 2849 fratribus

974 2885 1165 2959 antedictis,
1209 2884 1287 2960 quia
1325 2885 1625 2960 quantumcumque
1667 2885 1769 2959 regiae

974 2980 1104 3042 deterre
1120 2980 1315 3042 sublimitati
1340 2981 1492 3052 velimus,
1519 2997 1585 3041 non
1611 2979 1768 3044 dehemus

974 3080 1084 3140 tamen
1100 3077 1230 3139 deterre
1245 3077 1372 3139 homini
1385 3082 1500 3138 contra
1515 3080 1631 3139 Deum.
1650 3079 1772 3142 Datum

974 3174 1106 3249 Tibure,
1124 3175 1153 3236 ll
1165 3175 1240 3238 idus
1251 3175 1350 3252 junii,
1365 3190 1454 3236 anno
1469 3190 1581 3238 nono..

1277 3479 1466 3566 CLXXIX

1060 3633 1112 3691 Ad
1132 3632 1319 3702 Arrdreem,
1340 3644 1458 3706 repom
1479 3633 1685 3706 Hatrtpariae.

1257 3761 1291 3817 la
1307 3759 1379 3833 iunii
1404 3759 1483 3816 itti.

1113 3883 1206 3948 [Fciam
1220 3883 1282 3934 God.
1298 3881 1361 3946 dipl.
1376 3881 1468 3946 linnp,
1479 3882 1522 3941 llI,
1535 3895 1566 3940 u,
1577 3881 1630 3946 it]

974 4011 1046 4066 Eum
1062 4016 1145 4080 rogat
1166 4016 1194 4066 et
1214 4013 1313 4064 monet
1334 4013 1366 4064 ut
1379 4019 1464 4078 super
1479 4012 1552 4063 terra
1567 4007 1649 4064 Bozae
1668 4003 1770 4064 tratres

1081 4095 1184 4154 domus
1196 4095 1437 4153 Theutonicorum
1455 4109 1513 4151 nou
1527 4092 1667 4152 molestet.

124 4249 207 4310 copo
217 4233 306 4294 viam
321 4232 486 4294 universae
497 4233 608 4293 carnis
623 4233 787 4308 ingresso,
802 4233 919 4294 eadem
1013 4231 1501 4308 Honoriuscpiscopus,servus
1512 4245 1685 4291 servorum
1694 4231 1765 4304 Dei,

124 4346 229 4407 usque
258 4330 299 4390 ad
333 4329 497 4392 calculum
525 4330 698 4392 sententiae
732 4329 921 4391 diffinitivae
973 4330 1097 4391 illustri
1110 4329 1182 4405 regi
1197 4327 1389 4404 Hungariae,
1406 4327 1547 4388 salutem
1566 4329 1600 4388 ct
1620 4329 1766 4405 Aposto-

124 4427 264 4489 deducta
280 4427 439 4489 remansit
460 4427 621 4490 hactenus
635 4426 805 4502 indecisa;
829 4427 918 4488 unde
973 4428 1072 4488 licam
1083 4425 1360 4488 benedictionem.

123 4525 295 4586 humiliter
312 4523 490 4601 petierunt,
503 4526 540 4585 ut
562 4539 635 4585 eam
659 4523 834 4586 terminari
859 4540 921 4601 por
1012 4525 1179 4594 Delemna,
1194 4523 1323 4600 quoties
1338 4522 1491 4583 audimus
1509 4521 1543 4584 te
1567 4522 1694 4598 aliquid
1711 4521 1726 4582 i
1746 4553 1766 4568 -

123 4622 209 4683 alios
228 4622 472 4694 mandaremus,
488 4621 627 4699 ideoque
649 4635 708 4698 per
728 4621 919 4698 Apostolica
973 4637 1049 4683 cere
1065 4620 1150 4700 quod
1165 4620 1262 4682 famae
1277 4621 1342 4681 tuae
1362 4619 1472 4680 obviet
1496 4619 1528 4680 et
1542 4619 1653 4690 saluti,
1677 4618 1768 4679 desi-

124 4720 247 4796 scripta
261 4721 468 4791 mandamus,
486 4720 648 4794 quatenus
667 4718 809 4795 receptis
823 4719 919 4795 prio·
973 4718 1127 4781 derantos
1143 4719 1179 4779 ut
1192 4733 1324 4794 semper
1348 4715 1452 4778 iacias
1472 4730 1531 4792 per
1557 4731 1631 4791 quae
1653 4717 1720 4776 Deo
1735 4715 1770 4776 et

122 4817 171 4876 ris
186 4817 270 4880 actis
281 4815 412 4893 judicii,
437 4831 573 4876 causam
596 4817 703 4894 ipsam
714 4815 811 4892 juxta
826 4817 919 4892 prio·
972 4815 1161 4878 hominihus
1186 4814 1308 4876 debeas
1332 4812 1550 4888 complacere.
1578 4814 1616 4873 In
1633 4811 1700 4874 tuis
1715 4811 1766 4872 si-

123 4929 197 4974 rum
220 4913 457 4977 continentiam
482 4912 679 4986 litterarum,
696 4913 918 4989 appellatione
973 4913 1104 4990 quidem
1124 4911 1310 4990 privilegiis
1334 4909 1565 4988 perspeximus
1589 4908 1765 4982 contineri,

122 5013 260 5084 remota,
275 5010 404 5073 ratione
419 5011 544 5087 praevia
559 5010 756 5072 terminetis.
779 5011 871 5082 Quod
888 5011 917 5070 si
973 5010 1058 5087 quod
1066 5009 1190 5072 terram
1200 5007 1374 5078 Bozae,aut
1384 5006 1472 5066 ultra
1480 5005 1609 5066 Montes
1619 5005 1766 5093 Nivium,

122 5123 190 5170 non
217 5107 370 5170 omnihus
395 5108 450 5168 his
476 5107 714 5182 cognoscendis
743 5107 917 5183 potueritis
971 5106 1130 5168 iratribus
1144 5105 1258 5167 domus
1274 5102 1553 5166 Theutonicorum
1575 5103 1668 5180 regia
1683 5102 1768 5164 lihe-

122 5204 296 5278 interesse,
311 5208 359 5278 tu,
384 5205 489 5266 frater
513 5204 678 5281 episcope,
702 5221 776 5265 cum
802 5219 917 5266 eorum
970 5204 1104 5266 ralitate
1135 5203 1283 5273 donasti;
1310 5199 1396 5261 unde
1424 5201 1549 5260 terram
1576 5200 1684 5276 ipsam
1706 5200 1767 5261 suh

124 5301 230 5363 altero
249 5317 322 5362 eam
344 5301 561 5364 nihilominus
576 5302 781 5378 exsequens.
799 5302 917 5362 Datum
970 5301 1168 5378 Apostolica
1198 5299 1293 5360 Sedis
1318 5297 1523 5374 protectione
1547 5298 1764 5374 suscepimus,

124 5398 257 5470 Tibure,
283 5401 328 5459 ΙΙΙ
356 5398 429 5459 idus
450 5399 550 5476 junii,
579 5398 791 5476 pontificatus
810 5399 916 5460 nostri
972 5401 1005 5459 et
1028 5397 1182 5459 libertate
1215 5395 1411 5456 donavimus
1440 5395 1589 5472 speciali,
1622 5395 1706 5456 adeo
1731 5395 1767 5456 ut

124 5509 212 5556 anno
226 5511 324 5558 nono.
971 5495 1161 5572 Apostolica
1181 5492 1356 5572 privilegio
1381 5492 1556 5552 statuimus
1580 5507 1653 5553 cam
1669 5491 1769 5560 nulli,

160 5624 201 5699 (l)
217 5625 288 5686 Vide
303 5625 374 5684 intra
387 5627 537 5699 epistolam
551 5627 585 5686 ad
600 5627 756 5696 hndrcam,
771 5640 871 5700 regem
884 5627 1048 5700 hungarie,
1063 5625 1117 5684 col.
1132 5639 1192 5696 seu.
