4222 6374
156 298 195 356 21
408 277 413 291 '
649 249 655 262 ’
771 275 1001 354 33333333.
1023 293 1102 354 urs.
1124 293 1179 356 vr.
1758 293 1800 355 33

157 453 303 517 solvetis.
318 454 354 516 Si
367 452 442 530 quis
455 452 560 530 igitur
570 451 606 514 in
620 447 767 514 futurum
782 449 950 529 archiepi-

156 565 287 630 scopus,
303 551 363 612 aut
384 550 569 628 episcopus,
592 549 773 627 imperator
793 549 851 611 aut
875 563 948 624 rex,

156 647 312 724 princeps
326 647 386 708 aut
404 646 483 718 dux,
506 660 627 718 comes,
643 646 840 718 vicecomes,
855 644 948 719 baro,

156 745 216 807 aut
240 743 468 807 ecclesiastica
493 758 655 821 persona,
679 743 737 805 eut
761 742 948 815 secularis,

155 841 244 904 hanc
259 845 407 904 nostram
422 840 679 911 constitutionis,
701 842 736 901 et
749 839 952 916 acceptatio-

154 940 209 1001 nis
220 939 387 1017 paginam,
402 939 523 1010 sciens,
537 939 652 999 contra
665 952 739 998 eam
753 937 869 998 venire
883 937 952 999 ten·

154 1037 288 1104 taverit,
302 1034 447 1097 secundo
461 1034 602 1097 tertiove
617 1034 829 1104 commonita,
845 1033 875 1094 si
885 1049 950 1096 non

156 1133 386 1196 satisfactione
411 1146 559 1208 congrua
578 1131 816 1204 emendaverit,
841 1133 953 1208 potes·

155 1231 248 1302 tatis,
259 1229 462 1306 honorisque
474 1230 527 1292 sui
540 1229 653 1291 careat
665 1229 836 1305 dignitate,
847 1244 953 1290 ream·

156 1343 222 1404 que
238 1343 274 1388 sa
289 1327 402 1388 divino
413 1327 541 1404 judicio
553 1325 697 1388 existere
710 1327 751 1388 de
763 1327 952 1403 perpetrata

155 1425 335 1501 iniquitate
350 1424 537 1500 cognoscat,
554 1425 588 1485 et
601 1439 621 1484 a
636 1424 864 1486 sacratissimo
877 1438 953 1485 ocr-

156 1537 250 1600 pore,
271 1522 305 1584 et
324 1521 486 1598 sanguine
503 1521 574 1593 Dei,
592 1523 625 1584 et
639 1521 773 1582 Domini
789 1521 954 1598 Redemp-

155 1619 241 1682 tcris
255 1619 363 1682 nostri
374 1622 455 1681 iesu
470 1619 591 1681 Christi
603 1618 713 1681 aliena
726 1618 793 1690 fiat,
805 1620 905 1696 atque
916 1619 952 1679 in

156 1717 309 1779 extremo
337 1717 491 1778 examine
514 1716 674 1778 districtas
697 1716 818 1778 ultioni
839 1716 954 1793 subja-

156 1814 242 1876 ceat.
268 1815 401 1876 Cunctis
416 1815 526 1876 autem
542 1813 649 1874 eidem
665 1813 867 1875 monasterio
892 1827 952 1874 sua

151 1913 233 1987 jura
262 1910 483 1982 servantibus,
513 1909 558 1972 sit
584 1925 651 1987 pax
680 1909 812 1971 Domini
847 1909 952 1972 nostri

154 2010 173 2070 J
176 2023 237 2070 esu
253 2008 388 2079 Christi,
403 2009 566 2084 quatenus
581 2008 615 2069 et
628 2006 683 2068 hic
698 2007 841 2068 fructum
855 2006 951 2069 bonae

155 2105 302 2166 actionis
317 2105 512 2183 percipiant,
529 2104 562 2165 et
582 2103 669 2180 apud
690 2103 877 2165 districtum
894 2107 953 2181 ju·

153 2201 265 2264 dicem
279 2201 416 2279 praemia
431 2201 565 2263 oeternre
580 2202 671 2278 pacis
681 2200 866 2264 inveniant.

193 2299 316 2361 Datum
332 2299 501 2372 Laterani,
513 2301 557 2362 IV
566 2298 642 2360 idus
656 2299 857 2368 novembris,
869 2315 953 2377 pon-

152 2396 302 2460 tidcatus
316 2397 423 2459 nostri
438 2411 526 2460 anno
550 2397 657 2458 sexto.

488 2661 615 2752 XXVI

154 2809 206 2868 Ad
221 2804 474 2867 rnoncstem'nm
485 2805 519 2867 et
530 2805 736 2867 concentum
745 2805 952 2868 3333331333

328 2903 447 2966 833311
460 2903 609 2964 Martini
623 2905 664 2964 de
680 2906 779 2965 Vade.

401 3043 436 3102 to
448 3041 613 3100 novembris
629 3043 707 3101 1222.

316 3162 319 3174 ’
367 3164 520 3231 [Baliarium
530 3165 623 3224 Vatia,
636 3167 656 3226 l,
671 3165 738 3230 101]

154 3287 950 3364 113333133133383331111331131131311331333331333,

275 3379 448 3452 apostolice
463 3377 544 3438 Sedis
559 3377 717 3452 patrocinio
732 3387 835 3438 tuetur.

192 3506 868 3583 Honoriusepiscopusservusservorum
879 3507 949 3580 Dei,

155 3603 287 3665 dilectis
302 3603 381 3664 tiliis
392 3601 503 3665 abbati
516 3605 548 3664 et
564 3604 743 3665 conventui
757 3604 951 3665 monasterii

157 3699 272 3762 Sancti
286 3700 423 3761 Martini
438 3699 478 3761 de
492 3699 598 3772 Valle,
616 3701 766 3772 salutem,
784 3702 845 3763 etc.

196 3799 418 3859 sacrosancta
434 3800 583 3860 Romana
599 3797 747 3860 Ecclesia
758 3798 904 3870 devotos,
921 3798 953 3861 ot

155 3894 300 3956 humiles
325 3894 423 3966 illice,
449 3910 493 3957 ex
513 3895 655 3958 33333133
684 3895 817 3973 pietatis
841 3895 951 3959 ciilcio

156 3993 356 4070 propensius
371 3991 511 4069 diligero
526 3993 708 4064 consuevit,
724 3993 756 4054 et
772 4009 814 4054 ne
831 4007 954 4070 pravo-

156 4105 231 4150 rum
246 4089 416 4151 hominum
433 4089 593 4152 molestiis
608 4089 788 4166 agitentur,
806 4107 864 4152 eos
875 4093 953 4152 tan-

158 4202 257 4263 quam
271 4187 325 4264 pia
336 4189 443 4248 mater
456 4203 524 4248 suec
539 4187 754 4265 protectionis
768 4187 952 4249 munimine

195 4331 236 4407 (1)
257 4334 376 4392 Drimati
394 4339 509 4394 3333233
531 4349 581 4394 eos
597 4334 725 4394 indicent
745 4349 888 4404 nummos,
904 4337 952 4408 qui

157 4412 276 4464 senatus
291 4405 443 4488 populique
464 4407 575 4464 romani
599 4421 702 4463 nomen
721 4405 950 4479 praeseierebant.

158 4475 266 4533 Horum
288 4477 335 4532 3113
358 4491 373 4533 3
396 4475 575 4534 senatoribus
616 4475 720 4546 rocusi,
745 4491 801 4549 quo
824 4484 952 4550 tempore

156 4546 227 4604 urbs
246 4547 335 4629 113333
357 4561 373 4603 3
454 4547 576 4604 tiilcihus
595 4491 770 4618 3133113133
790 4548 848 4616 3111,
867 4546 953 4606 rebus

158 4625 385 4690 compositique
423 4631 528 4674 orneno
547 4618 684 4676 Pontiilce
699 4625 853 4686 annuente,
871 4633 887 4675 a
905 4634 950 4676 33-

158 4695 226 4744 natu
242 4688 378 4759 percussi.
396 4690 464 4746 ltem
481 4687 556 4746 hanc
575 4689 671 4745 multis
686 4695 839 4760 pertractat
852 4690 880 4745 in
900 4704 952 4746 suo

158 4757 950 4832 3333313131133131133333333Ρ3311133313333113,

158 4827 285 4910 eruditus
305 4843 376 4886 sene
390 4830 434 4886 vir
453 4839 487 4886 ac
503 4830 679 4902 antiquitatis
697 4829 843 4888 studiosus
859 4831 949 4888 Bene·

158 4897 249 4958 dictus
269 4899 449 4968 Floravanta,
463 4899 510 4957 bic
528 4899 731 4958 consulendus.
754 4903 890 4958 Putamus
908 4908 951 4958 ta-

159 4984 235 5038 men,
253 4971 409 5028 Honorium
432 4971 595 5042 posterioris
616 4973 734 5044 generis
754 4985 887 5029 nummos
907 4971 953 5029 bic

157 5039 337 5123 intelliger03
359 5055 424 5098 cum
448 5041 553 5113 alioqui
575 5041 685 5098 denarii
705 5043 794 5100 invito
816 5043 952 5100 Pontitice

158 5111 275 5183 signati,
289 5111 456 5168 adulterinis
476 5119 695 5183 accenseantur;
711 5128 783 5185 quos
796 5111 903 5172 idcirco
917 5113 953 5172 ab

157 5195 211 5237 usu
229 5187 314 5254 atque
328 5181 501 5240 commercio
521 5183 633 5254 penitus
653 5183 769 5241 exulare
783 5183 863 5256 jubet
875 5185 951 5240 llar-

158 5251 235 5308 tinus
251 5253 290 5311 lV
308 5253 337 5309 in
360 5253 480 5326 epistola
503 5253 538 5310 ad
562 5253 722 5325 Philippum
747 5255 846 5313 Caveri
872 5255 953 5313 Urbis

157 5322 296 5380 vicarium
317 5324 433 5394 scripta,
454 5322 500 5380 die
522 5323 557 5382 21
580 5323 740 5382 decembris
762 5325 842 5394 2282,
866 5339 952 5396 quam

159 5397 335 5452 memoratus
361 5394 529 5452 l'ioravauta
550 5395 609 5451 suis
627 5395 726 5452 inserit
747 5395 950 5452 lucubrationi·

158 5463 218 5533 133,
235 5478 310 5592 pape
325 5464 370 5522 31.
389 5463 435 5522 Ad
453 5466 599 5538 geminem
616 5465 704 5538 igitur
722 5474 840 5523 senatus
859 5481 954 5525 mone

159 5539 228 5602 turn,
244 5548 277 5590 3ο
289 5534 351 5592 idos
365 5540 482 5592 revocat
493 5535 611 5593 Honorii
625 5537 798 5594 constitutio.

194 5605 262 5673 Quis
276 5619 344 5664 vero
359 5604 513 5664 solidorum
526 5607 606 5664 valor
621 5604 668 5664 bic
681 5607 880 5666 definiendus?
893 5609 952 5666 Nc·

1004 443 1798 544 333133333.1333333133,11133111311333133111111

1002 549 1124 611 vestris
1135 549 1236 626 justis
1250 545 1528 628 postulationibus
1547 551 1643 629 grato
1657 561 1802 612 concur-

1005 647 1115 708 rentes
1133 659 1284 720 assensu,
1307 661 1479 724 personas,
1504 650 1537 711 at
1559 647 1799 711 monasterium

1004 745 1162 816 vestrum,
1179 741 1215 804 13
1232 758 1297 822 quo
1309 743 1422 807 divino
1438 743 1517 807 estis
1532 746 1689 824 obsequio
1704 759 1802 806 man·

1005 841 1117 918 cipati,
1134 857 1208 902 oum
1221 839 1373 904 omnibus
1385 841 1492 911 bonis,
1507 855 1580 919 quta
1595 843 1631 903 in
1646 856 1799 920 333333-

1005 935 1128 996 lienam
1143 935 1389 998 rationabiliter
1402 935 1559 1013 possidet,
1576 937 1634 998 aut
1652 935 1687 996 in
1708 936 1801 998 iutu-

1005 1048 1079 1094 rum
1090 1031 1190 1110 justis
1201 1033 1317 1106 modis,
1330 1035 1508 1110 praestante
1518 1033 1668 1106 Domino,
1678 1031 1801 1111 poterit

1006 1129 1157 1206 adipisci,
1181 1130 1242 1191 sub
1257 1130 1346 1193 beati
1365 1131 1466 1201 Petri,
1489 1133 1522 1193 ct
1539 1131 1653 1194 nostra
1668 1131 1802 1208 protec-

1006 1226 1097 1288 tione
1107 1225 1317 1304 uscipirnus,
1327 1227 1361 1290 et
1372 1228 1546 1304 presentis
1559 1229 1674 1305 scripti
1687 1227 1802 1305 patro-

1006 1323 1095 1386 cinio
1132 1323 1385 1386 communimus.
1416 1325 1465 1386 Ad
1502 1319 1661 1386 indicium
1689 1324 1800 1386 autem

1002 1420 1238 1498 hujusmodis
1265 1421 1349 1483 Sede
1371 1419 1562 1498 Apostolica
1586 1421 1801 1499 protectionis

1008 1518 1182 1595 perceptae,
1210 1517 1292 1580 duos
1319 1517 1442 1580 solidos
1466 1519 1680 1580 denariorum
1702 1531 1802 1579 sena·-

1006 1616 1060 1677 tus
1073 1613 1120 1695 (l)
1133 1615 1238 1691 gratis
1250 1613 1389 1688 oblatos,
1401 1615 1508 1688 nobis,
1520 1616 1709 1693 nostrisque
1723 1629 1802 1676 suo-

1007 1711 1196 1774 cessorihus
1211 1713 1308 1773 annis
1323 1713 1464 1786 singulis
1484 1711 1691 1788 persolvetis.
1708 1711 1802 1774 Nulli
1868 1726 1876 1745 ¹

1007 1823 1087 1884 ergo
1100 1809 1234 1870 omnino
1249 1809 1421 1870 hominum
1432 1808 1533 1870 liceat
1544 1808 1631 1868 hanc
1643 1808 1800 1885 paginam

1007 1907 1129 1967 nostrae
1144 1905 1359 1982 protectionis
1377 1903 1571 1980 intringere,
1592 1906 1646 1966 vel
1666 1905 1697 1966 ei
1717 1919 1802 1983 ausu

1006 2002 1184 2065 temerario
1199 2003 1376 2064 contraire.
1395 2001 1431 2063 Si
1445 2003 1519 2078 quis
1534 2003 1644 2064 autem
1663 2003 1727 2064 hoc
1745 2003 1802 2065 at-

1005 2100 1137 2162 tentare
1147 2099 1408 2176 praesumpserit,
1421 2099 1684 2176 indignationem
1693 2099 1804 2161 omni·
1876 2123 1879 2133 ·

1006 2197 1151 2275 potentis
1180 2198 1241 2258 Dei
1269 2197 1303 2260 at
1328 2196 1501 2260 beatorum
1534 2197 1623 2260 Petri
1646 2199 1679 2259 et
1704 2197 1802 2258 Pauli

1006 2295 1233 2373 apostolorum
1258 2297 1330 2372 ejus
1356 2311 1393 2356 se
1419 2295 1550 2357 novarit
1575 2296 1800 2358 incursurum.

1006 2395 1125 2455 Datum
1141 2393 1308 2466 Laterani,
1325 2393 1368 2453 1v
1382 2391 1458 2453 idus
1472 2392 1673 2466 novembris,
1689 2391 1801 2471 ponti-

1007 2489 1124 2554 iicatus
1139 2489 1246 2552 nostri
1260 2504 1349 2552 anno
1362 2489 1468 2552 sexte.

1328 2757 1477 2846 XXVII

1005 2911 1058 2972 Ad
1074 2907 1303 2984 praepositum
1322 2909 1356 2969 et
1387 2907 1520 2981 tratres
1547 2907 1802 2970 Mortartenscs

1130 3007 1214 3068 iord.
1235 3009 1269 3068 S·
1288 3005 1435 3080 ,1333311
1448 3005 1665 3067 monasterti.

1172 3135 1176 3143 ’
1237 3147 1271 3205 23
1298 3145 1462 3204 novembris
1490 3145 1570 3204 2222.

1069 3270 1220 3336 [13333133.
1230 3270 1299 3324 sacri
1311 3267 1407 3321 ordinis
1424 3269 1573 3320 clericorum
1585 3268 1656 3329 hist,
1670 3267 1739 3333 201]

1006 3395 1164 3453 translatio
1178 3395 1344 3452 monasterii
1360 3393 1396 3452 de
1410 3395 1487 3454 Coelo
1502 3395 1596 3452 Aureo
1613 3393 1647 3451 de
1660 3393 1747 3466 Papia
1765 3391 1802 3451 ad

1042 3485 1247 3542 monasterium
1273 3485 1459 3544 llortariausc
1487 3483 1595 3542 ordinis
1622 3484 1717 3542 Sancti
1741 3483 1800 3541 Au·

1043 3574 1161 3648 333131,
1179 3573 1214 3630 31
1229 3573 1356 3632 Honorio
1374 3573 1568 3632 confirmatur.

1046 3700 1213 3762 Honorius
1226 3699 1411 3778 episcopus,
1422 3714 1538 3762 servus
1546 3713 1718 3761 servorum
1728 3697 1801 3768 Dei,

1007 3797 1136 3860 dilectis
1152 3797 1231 3858 tiliis
1254 3797 1432 3875 praeposito
1447 3798 1481 3858 et
1498 3795 1657 3857 iratribus
1675 3797 1804 3856 Morta-

1006 3893 1185 3966 riensibuS,
1196 3893 1323 3955 ordinis
1333 3893 1446 3954 Sancti
1454 3891 1642 3968 Augustini,
1657 3889 1800 3952 salutem

1007 3993 1041 4053 et
1052 3992 1267 4069 apostolicam
1282 3990 1558 4053 benedictionem.

1047 4093 1126 4164 Quae
1139 4088 1337 4166 Apostolicae
1358 4087 1452 4150 Sedis
1467 4085 1635 4149 firmitatis
1654 4084 1804 4148 auctori-

1006 4186 1074 4249 tate
1096 4185 1233 4264 provide
1255 4187 1463 4259 ordinantur,
1486 4185 1528 4246 ab
1541 4183 1657 4246 eadem
1681 4181 1803 4245 debent

1006 4337 1101 4394 lomus
1120 4335 1156 4394 ab
1177 4349 1212 4394 ea
1227 4350 1313 4409 quam
1332 4335 1493 4394 Grimaldus
1511 4336 1540 4392 in
1560 4349 1647 4408 opere
1662 4331 1696 4392 de
1711 4335 1802 4394 Verc-

1008 4407 1071 4466 nica
1087 4408 1159 4481 figit,
1175 4413 1241 4466 taxe
1259 4407 1402 4465 recedere.
1418 4407 1517 4474 Solidi,
1538 4406 1629 4478 inquit
1649 4406 1804 4474 11133331

1007 4479 1222 4548 contemnerem,
1246 4479 1455 4535 3331313333
1474 4479 1534 4534 Xii
1546 4477 1637 4545 semis,
1661 4492 1711 4549 pro
1731 4490 1801 4548 quo·

1006 4548 1168 4618 tibatone
1197 4550 1288 4622 pretio
1310 4557 1426 4617 statuto,
1451 4548 1680 4621 supputationem
1703 4559 1802 4620 prose·

1007 4621 1128 4692 quitur:
1149 4621 1247 4677 Decem
1265 4620 1350 4676 solidi
1373 4621 1499 4690 33333131
1521 4619 1699 4690 conficiebant
1717 4633 1800 4674 mum·

1006 4707 1083 4747 mum
1103 4707 1223 4747 aureum
1241 4691 1386 4760 juliorum
1398 4693 1427 4748 X
1441 4691 1497 4760 duj,
1518 4689 1586 4747 25...
1603 4689 1696 4746 XXX.
1714 4687 1803 4744 Solidt'

1006 4762 1136 4818 33131331
1161 4776 1289 4817 marcam
1312 4775 1400 4816 anam
1427 4765 1599 4832 crqmtecm,
1627 4759 1732 4815 33111331
1735 4799 1802 4814 ......

1008 4831 1252 4905 (33313)1313131.
1270 4832 1313 4888 rt.
1331 4834 1391 4888 llac
1405 4843 1539 4889 mensura
1555 4836 1682 4911 servata,
1692 4842 1804 4885 333333

1006 4916 1146 4960 censusa
1174 4901 1349 4959 monasterio
1368 4901 1533 4969 solvendus,
1552 4915 1608 4957 non
1629 4900 1683 4955 nisi
1705 4897 1805 4956 obolos

1007 4973 1109 5047 viginti
1128 4972 1254 5044 quinque
1274 4979 1416 5030 nostrates
1440 4972 1577 5029 coniicit:
1598 4969 1702 5026 Tenuis
1721 4983 1802 5038 3333,

1008 5059 1042 5101 33
1062 5051 1141 5101 curta
1161 5043 1298 5115 supellex.
1320 5044 1349 5100 Si
1365 5043 1429 5115 quis
1449 5041 1520 5098 sorte
1534 5039 1660 5122 objiciat,
1679 5040 1801 5098 Grimal-

1007 5115 1086 5183 dum,
1102 5113 1184 5187 cujus
1197 5111 1283 5171 verba
1300 5112 1329 5170 in
1345 5113 1420 5170 notis
1436 5112 1472 5170 ed
1486 5125 1662 5184 superiorem
1684 5111 1805 5169 11333311

1006 5183 1112 5243 bullam
1135 5184 1313 5256 protulimus,
1334 5185 1399 5251 alio,
1419 5184 1447 5239 in
1468 5196 1627 5240 marcarum
1649 5183 1747 5239 valore
1764 5182 1803 5238 li·

1007 5255 1126 5323 133313,
1139 5255 1187 5338 Ι311
1214 5254 1324 5327 pretio;
1345 5254 1520 5381 regentibus,
1545 5251 1713 5309 dissimilem
1732 5267 1802 5334 sup·

1008 5329 1161 5399 putationis
1179 5327 1317 5383 rationem
1340 5338 1355 5381 a
1394 5339 1485 5382 iverss
1507 5337 1668 5381 marcarum
1689 5327 1805 5380 notione

1008 5395 1202 5480 repetendam.
1213 5397 1325 5454 hiarcas
1334 5396 1547 5468 sterlingorum,
1561 5397 1623 5452 sive
1635 5392 1804 5465 anglicanas

1008 5466 1046 5525 ibi
1070 5467 1207 5540 explicst3
1237 5465 1284 5523 hic
1307 5480 1458 5537 vernens,
1483 5479 1605 5540 quarum
1629 5462 1804 5535 frequentior
1901 5516 1907 5529 ,

1009 5539 1107 5597 Rome
1119 5551 1197 5608 usus,
1210 5535 1353 5596 describit.
