4222 6374
151 336 192 396 ra
764 277 992 394 mrsronm
1014 331 1093 394 nm.
1116 331 1171 394 vr.
1747 313 1789 388 eo

29 507 33 515 ·
148 490 307 554 statutum
329 489 530 568 hujusmodi,
547 489 634 552 sicut
650 489 794 567 'provide
818 489 941 552 lactum

147 587 209 660 est,
223 588 419 650 auctoritate
435 587 625 665 apostolica
646 585 892 659 confirmamus,
909 586 942 648 et

148 685 322 762 presentis
342 684 457 760 scripti
478 684 664 760 patrocinio
686 685 938 746 communimus.

147 779 241 841 Nulli
254 795 346 856 ergo,
362 780 437 852 etc.,
454 780 576 841 nostrae
587 778 859 852 confirmationis,
877 781 938 842 etc.

148 878 185 940 Si
199 878 273 955 quis
297 880 497 950 automata.
521 880 639 941 Datum
660 881 827 953 Laterani,
850 883 941 942 XVll

147 973 308 1036 kalendas
318 975 479 1052 januarii,
495 991 581 1038 anno
595 977 701 1039 sexto.

485 1185 587 1329 'ux

267 1396 319 1457 Ad
340 1395 535 1469 episcopum
553 1395 818 1455 Ariminensem.

396 1524 429 1582 lo
437 1523 599 1582 decembris
614 1524 692 1582 litt.
783 1527 786 1535 '

208 1644 502 1709 [Sharaleafflullarium
512 1645 708 1702 franciscanum,
724 1645 744 1702 l,
760 1644 784 1704 8,
800 1659 825 1693 n.
841 1643 878 1710 8.]

146 1761 182 1818 Ul
195 1759 297 1818 iratres
311 1759 347 1818 de
361 1761 527 1834 poenitentia
537 1775 621 1834 super
631 1759 794 1832 juramento
806 1757 841 1816 de
854 1759 940 1816 armis

185 1847 332 1907 sumendis
364 1857 392 1904 et
426 1847 579 1920 sequendis
615 1849 742 1904 locorum
773 1846 941 1920 praetoribus

185 1935 322 2005 exhibito,
335 1933 510 1992 defenderet.

187 2060 355 2120 Honorius
365 2059 549 2136 episcopus,
558 2074 673 2120 servus
686 2073 857 2120 servorum
867 2058 938 2127 Dei,

142 2155 330 2216 venerabili
341 2155 436 2216 fratri
451 2156 606 2232 episcopo
621 2155 835 2227 Ariminensi,
853 2156 940 2216 salu-

144 2253 211 2314 tem
224 2253 257 2313 et
275 2253 491 2329 apostolicam
506 2251 780 2314 benedictionem.

187 2349 415 2425 Significatum
428 2351 478 2410 est
486 2349 592 2420 nobie,
609 2349 696 2425 quod
711 2347 892 2421 Fauentiae,
908 2349 941 2411 et

145 2446 180 2507 in
193 2445 389 2523 quibusdam
403 2446 478 2506 aliis
491 2445 692 2518 civitatibus,
712 2446 744 2507 et
761 2445 843 2506 locis
856 2447 941 2508 vici-

145 2543 198 2604 nis
227 2543 360 2619 quidam
388 2544 483 2614 sunt,
512 2543 632 2620 quibus
659 2543 752 2603 illum
780 2543 939 2604 Dominus

144 2639 323 2717 inspiravit
337 2639 504 2711 affectum,
530 2641 566 2702 ut
583 2640 698 2701 mundi
714 2643 785 2717 jam
799 2640 939 2716 gloriam

143 2752 211 2797 non
227 2738 423 2813 quarentes,
441 2736 498 2797 sed
514 2753 557 2798 ex
571 2736 759 2798 bumilitate
774 2736 938 2813 aincien-

143 2834 195 2896 tes
220 2835 255 2894 in
283 2835 405 2894 saeculo
436 2834 631 2909 semetipsos
655 2832 696 2893 ad
712 2833 939 2910 poenitentiam

144 2929 180 2992 s'e
198 2929 439 3001 converterent,
458 2931 491 2991 et
505 2930 545 2990 ad
564 2929 626 2990 boc
640 2929 745 2991 toturn
760 2929 941 3006 deputave-

143 3027 213 3088 rint
234 3029 365 3103 tempus
390 3043 497 3097 suum,
526 3027 657 3102 signum
680 3025 878 3087 humilitatis
908 3027 940 3087 et

144 3124 349 3201 poenrtentrae
365 3125 398 3185 in
413 3111 529 3185 babitu
539 3123 745 3186 exhibentes.
762 3125 846 3196 Quia
860 3111 939 3186 vero

143 3222 227 3282 tales
256 3237 356 3298 super
373 3222 563 3298 jnramento
583 3221 623 3281 da
643 3222 745 3282 armis
772 3221 939 3282 sumendis

144 3319 178 3380 et
203 3318 381 3395 sequendis
417 3319 565 3378 locorum
595 3317 813 3394 potestatibus
843 3319 941 3380 exhi-

143 3399 467 3488 bendo,'multotiens
492 3415 722 3484 molestantur,
737 3432 780 3476 ex
798 3415 940 3494 eoquod

144 3527 315 3590 nunquam
330 3511 445 3582 detuit,
463 3511 519 3588 qui
540 3512 637 3573 bonis
653 3512 781 3574 actibus
807 3514 940 3576 invide-

143 3611 211 3685 ret3
229 3609 431 3672 fraternitati
450 3610 516 3671 tuae
534 3625 594 3685 per
611 3610 801 3686 Apostolica
818 3609 940 3688 scripta

143 3707 353 3776 mandamus,
378 3707 540 3783 quatenus
563 3723 637 3768 cum
659 3722 679 3767 a
699 3706 823 3768 talibus
837 3706 940 3769 fueris

143 3805 336 3881 requisitus,
353 3803 583 3865 molestatores
602 3791 684 3864 suos
699 3819 800 3880 super
818 3803 940 3883 hujus-

144 3901 233 3963 modi
244 3903 445 3978 juramento,
456 3901 628 3977 praemissa
646 3901 839 3973 monitione,
857 3901 939 3962 sub-

143 3999 212 4060 lato
225 3998 460 4076 appellationis
482 3997 727 4074 impedimenta
743 3999 941 4060 auctoritate

146 4097 261 4157 nostra
285 4109 486 4172 compescas.
513 4097 630 4157 Datum
657 4096 825 4167 Laterani,
849 4097 940 4156 XVll

144 4192 307 4254 kalendas
323 4193 483 4271 januarii,
501 4192 711 4269 pontificatus
731 4193 835 4254 nostri
852 4207 940 4255 anno

145 4290 253 4351 sexto.
309 4347 311 4350 ,

973 483 975 488 ’
997 479 1789 568 etoratoria,quorumindotatasuntallqua,con-

996 586 1201 648 struxerunt.
1227 588 1466 663 Harumigitur
1485 585 1671 656 occasione,
1693 581 1788 649 multi

996 684 1167 744 matricem
1194 684 1408 745 contemnunt
1427 682 1612 754 ecclesiam,
1635 695 1696 741 nec
1710 693 1789 741 ver-

973 765 974 770 ’
996 780 1072 840 bum
1087 780 1146 841 Dei
1163 778 1311 851 audiunt,
1324 781 1360 841 ut
1367 766 1537 840 deberent.
1553 778 1711 840 Volumus
1723 776 1790 837 ita-

996 891 1070 952 que,
1085 875 1283 938 auctoritate
1302 875 1363 938 tibi
1378 873 1593 953 praesentium
1608 873 1790 950 injungen-

994 973 1057 1040 tes,
1082 973 1249 1050 quatinus,
1275 973 1374 1049 prout
1397 971 1498 1033 saluti
1510 969 1644 1047 expedit
1657 970 1789 1030 anima-

995 1084 1080 1140 rum,
1111 1068 1279 1146 superflua
1299 1068 1433 1130 studeas
1454 1083 1497 1130 ex
1519 1065 1709 1144 hujusmodi
1730 1079 1790 1125 ca-

995 1165 1092 1242 pellis
1111 1166 1145 1228 et
1162 1165 1330 1236 oratoriis,
1346 1163 1532 1240 praesertim
1550 1178 1624 1239 quae
1641 1161 1714 1222 sine
1730 1163 1788 1222 tuo

996 1277 1055 1324 seu
1063 1261 1344 1338 praedecessorum
1359 1262 1491 1323 tuorum
1506 1259 1616 1322 erecta
1625 1272 1789 1321 consensu

995 1359 1050 1420 vel
1072 1358 1221 1420 indotata
1250 1358 1468 1430 constiterint,
1496 1370 1683 1429 remover03
1708 1369 1790 1414 con-

994 1455 1191 1517 tradictores
1219 1470 1478 1532 percensuram
1509 1451 1786 1521 ecclesiasticam,

995 1551 1217 1628 appellatione
1237 1537 1430 1627 postposita,
1451 1547 1700 1627 compescendo.
1722 1547 1790 1606 Da-

994 1649 1064 1709 tum
1080 1646 1247 1718 Laterani,
1259 1650 1349 1708 XVII
1363 1647 1523 1708 kalendas
1533 1644 1693 1724 januarii,
1710 1657 1790 1718 pon·

994 1743 1139 1806 tiilcatus
1155 1745 1259 1806 nostri
1274 1759 1361 1805 anno
1377 1744 1481 1806 sexto.

1347 2083 1434 2169 LXI

1094 2236 1145 2294 Ad
1169 2237 1373 2296 Rementem
1396 2235 1690 2320 archiepiscopum

1142 2331 1342 2405 apostolice
1360 2333 1458 2392 Sedis
1476 2332 1637 2405 ceparum.

1229 2461 1262 2518 ll
1288 2460 1448 2518 decembris
1470 2461 1548 2518 lari.

1025 2582 1145 2647 magati,
1157 2582 1203 2634 lib.
1213 2584 1256 2642 vl,
1267 2583 1341 2648 epist.
1353 2584 1406 2635 lll.
1422 2585 1479 2633 llss.
1490 2585 1526 2634 La
1534 2585 1606 2634 Porta
1616 2584 1650 2634 dn
1661 2583 1754 2648 Theti]

994 2697 1182 2757 confirmatur
1203 2706 1337 2756 statutum
1356 2698 1392 2756 ab
1413 2697 1629 2772 archiepiscopo
1647 2697 1683 2755 de
1708 2698 1786 2756 vice·

1029 2788 1102 2844 sima
1117 2786 1253 2844 solvenda
1269 2787 1304 2844 ab
1316 2787 1394 2845 omni
1408 2801 1530 2860 persona
1544 2785 1750 2844 ecclesiastiea.

1034 2910 1217 2983 Honoriim,
1243 2913 1318 2983 etc,
1346 2909 1530 2972 venerabili
1555 2909 1651 2971 fratri
1672 2909 1787 2971 arcbi-

995 3009 1150 3085 episcopo
1175 3011 1309 3070 Romen.
1337 3007 1535 3083 Apostolicae
1552 3006 1646 3068 Sedis
1662 3005 1794 3088 legato.

1035 3107 1115 3166 Cum
1131 3106 1329 3167 auctoritate
1346 3103 1492 3165 mandati
1513 3103 1630 3172 nostri,
1649 3119 1712 3180 quo
1727 3101 1788 3164 tibi

995 3201 1144 3263 dedimus
1169 3201 1364 3278 potestatem
1386 3200 1529 3262 faciendi
1551 3201 1586 3260 in
1607 3200 1790 3262 Rothoma-

994 3299 1089 3373 gensi
1107 3298 1280 3375 provincia
1299 3299 1366 3360 tam
1385 3298 1420 3358 in
1440 3297 1666 3374 indulgentiis,
1688 3311 1788 3373 quam

994 3395 1029 3456 in
1044 3394 1133 3468 aliis,
1149 3395 1260 3456 omnia
1274 3411 1347 3472 quae
1357 3393 1399 3455 ad
1410 3394 1648 3456 relevationem
1662 3393 1790 3470 negotii
1838 3408 1846 3414 ’

995 3491 1083 3565 fidei,
1106 3492 1192 3569 quod
1212 3493 1248 3553 in
1274 3490 1424 3570 partibus
1439 3491 1625 3554 Provinciae
1647 3491 1787 3566 geritur,

995 3603 1213 3665 cognosceres
1222 3588 1391 3668 expedire,
1403 3588 1542 3665 provida
1550 3587 1789 3650 deliberatione
1886 3641 1894 3650 .

996 3685 1162 3757 statueris,
1177 3685 1214 3746 ut
1230 3700 1343 3746 omnes
1361 3685 1496 3745 omnino
1512 3699 1662 3761 personae
1677 3683 1788 3744 eccle-

996 3783 1151 3854 siasticae,
1165 3781 1296 3843 indicta
1312 3781 1483 3858 provincia
1499 3779 1726 3850 consistentes,
1737 3779 1790 3840 vi·

996 3879 1153 3940 cesimam
1176 3877 1479 3938 ecclesiasticorum
1497 3875 1716 3952 proventuum
1732 3890 1791 3935 us-

996 3991 1058 4052 que
1077 3973 1118 4035 ad
1136 3974 1317 4036 triennium
1339 3974 1470 4048 integre
1484 3971 1657 4032 conterant
1677 3970 1718 4031 ad
1733 3982 1790 4032 re·
1849 3969 1851 3988 ⁴

995 4072 1193 4133 levationem
1241 4071 1365 4146 negotii
1408 4068 1604 4141 memorati,
1642 4067 1789 4145 exceptis

994 4167 1238 4238 venationibus,
1260 4165 1501 4244 piscationibus
1526 4166 1560 4227 et
1582 4163 1791 4242 procuratio-

995 4266 1104 4338 nibus,
1127 4281 1200 4342 quae
1220 4265 1260 4325 de
1274 4263 1365 4325 facili
1381 4263 1540 4326 aestimari
1556 4279 1622 4324 non
1638 4261 1788 4339 possunt,

912 4367 915 4374 '
995 4365 1029 4426 et
1051 4357 1344 4440 hujusmodionus
1364 4361 1563 4438 imposueris
1588 4361 1688 4422 etiam
1709 4360 1792 4422 reli*

510 4511 601 4600 LX.

225 4658 277 4717 Ad
299 4657 594 4730 aroritepoeepcm
612 4655 859 4719 Nicostratam.

394 4785 427 4842 lb
442 4783 602 4843 decembris
618 4785 698 4846 llll..

189 4909 253 4974 [llas
265 4907 362 4968 Latris,
376 4908 485 4958 Histoire
499 4909 529 4958 de
540 4909 591 4958 l'ile
605 4907 635 4957 de
647 4909 757 4973 chypre,
771 4908 814 4967 ΙΙΙ,
831 4907 910 4974 ΙΙΙ]ἱ

144 5025 263 5084 blandai
285 5032 317 5082 ut
335 5025 460 5098 capellas
474 5031 504 5082 el
525 5024 649 5081 oratoria
679 5023 804 5080 indotata
829 5031 858 5080 et
879 5023 941 5081 sine

221 5128 366 5171 consensu
377 5114 577 5186 episcoporum
590 5119 685 5170 erecta
694 5119 851 5169 removeat.

184 5240 353 5302 Honorius
362 5240 548 5316 episcopus,
558 5253 674 5300 servus
684 5253 857 5299 servorum
867 5237 939 5306 Dei,

142 5336 329 5400 venerabili
344 5337 440 5398 fratri
462 5336 714 5412 archiepiscopo
738 5335 938 5408 Nicosiensi,

144 5436 284 5498 salutem
300 5434 333 5496 ei
346 5431 561 5509 apostolicam
576 5431 849 5494 benedictionem.

159 5573 164 5580 -
185 5533 413 5608 Significatum
429 5534 479 5592 est
489 5530 585 5592 nobis
595 5530 681 5607 quod
696 5530 809 5606 plures
823 5529 858 5590 in
869 5545 942 5608 pro·

143 5630 227 5709 priis
241 5629 379 5702 laribus,
397 5626 485 5690 inira
501 5628 591 5690 tuam
602 5627 784 5699 dioecesim,
795 5628 940 5706 capellas

995 4461 1098 4536 glosis
1110 4457 1699 4534 omnibus,cistercienffemplariis,
1709 4459 1792 4518 llos·

987 4555 1171 4633 'pitalariis
1187 4557 1220 4617 et
1228 4555 1437 4616 carthusien.
1449 4554 1620 4616 dumtaxat
1630 4553 1789 4632 exceptis.

996 4655 1065 4715 Nos
1082 4653 1241 4714 statutum
1260 4652 1450 4729 hujusmodi
1465 4653 1633 4728 tamquam
1653 4650 1791 4727 provide

997 4751 1117 4812 lactum
1130 4751 1326 4811 auctoritate
1340 4748 1530 4824 apostolica
1543 4748 1788 4818 confirmamus,
1815 4733 1817 4741 ’

996 4848 1088 4908 salvo
1100 4847 1133 4907 in
1147 4845 1505 4922 omnibusApostolicae
1515 4844 1609 4906 Sedis
1622 4843 1788 4904 mandato.

996 4947 1118 5006 Dentes
1143 4942 1202 5006 tibi
1223 4943 1362 5003 liberam
1377 4943 1573 5019 potestatem
1596 4940 1789 5001 contradic-

996 5043 1095 5113 tores,
1111 5041 1140 5101 si
1155 5041 1212 5117 qui
1227 5039 1361 5107 luerint,
1377 5039 1418 5099 ad
1434 5036 1670 5100 exsolvendam
1683 5037 1789 5114 ipsam

995 5139 1189 5200 vicesimam
1218 5136 1427 5198 districtione
1456 5133 1615 5195 canoniea
1645 5136 1793 5211 compel-

996 5237 1097 5298 lendi.
1114 5234 1315 5297 absolvendi
1331 5247 1460 5310 quoque
1472 5231 1569 5309 juxta
1584 5230 1724 5292 sormam
1735 5235 1791 5294 Ec·

996 5335 1118 5405 clesiae,
1134 5335 1200 5394 tuae
1223 5329 1399 5406 legationis
1419 5328 1643 5390 incendiarios
1666 5331 1699 5391 et
1716 5329 1791 5390 vio·

995 5433 1161 5493 lentarum
1174 5443 1333 5490 manuum
1348 5426 1526 5503 injectores
1538 5426 1599 5488 tibi
1621 5426 1791 5487 licentiam

996 5529 1217 5604 indulgemus.
1234 5527 1353 5587 Datum
1368 5524 1536 5598 Laterani,
1553 5525 1614 5588 Xll
1629 5521 1799 5584 kalendas

994 5626 1153 5705 januarii,
1169 5639 1257 5686 anno
1273 5623 1379 5686 sexto.
