4222 6374
323 335 365 396 co
939 335 1181 398 nodosum
1203 333 1350 398 cenna.
1905 323 1964 400 ido
2008 323 2012 330 '

326 495 356 557 si
380 495 459 558 laici
481 494 615 568 inerint,
643 491 774 572 publice
793 494 941 557 candelis
962 495 1114 557 accensis
1167 492 1287 556 naua
1302 491 1424 570 elicere
1438 505 1504 555 non
1519 493 1687 566 verentur,
1707 507 1784 556 cnm
1800 493 1964 560 dederent

324 583 679 646 excommunicationis
706 583 871 646 sententia
903 583 1112 660 percellatis,
1168 600 1226 651 eos
1251 589 1395 666 benigne
1417 597 1457 652 ac
1478 590 1644 667 patienter
1664 591 1783 653 andire
1800 593 1833 654 et
1856 607 1961 668 pare-

325 679 355 742 si
376 695 455 742 vero
475 679 627 742 canonici
648 681 831 757 regulares,
847 680 901 741 vel
916 679 1040 752 clerici,
1056 696 1115 740 seu
1169 685 1307 747 chianos
1330 698 1408 748 snos
1440 685 1481 748 ad
1510 687 1727 750 conterendas
1760 687 1961 767 pauperihus

323 777 479 839 monachi
503 777 717 850 luerinteos,
733 777 955 855 appellatione
974 780 1111 848 remota,
1169 782 1396 859 eleemosynas
1424 783 1582 845 attentius
1610 783 1793 846 exhortari.
1826 784 1962 848 Accedit

324 875 365 936 ab
375 875 486 937 oiilcio
501 878 534 938 et
549 874 711 936 beneficio
723 873 944 951 suspendatis,
963 875 1114 936 neutram
1169 877 1210 940 ad
1235 877 1317 951 haec,
1342 877 1427 956 qnod
1455 879 1557 941 iidem
1582 878 1766 957 presbyteri
1787 881 1963 959 quamdam

324 971 509 1034 relaxaturi
526 972 724 1036 sententiam
739 971 843 1034 donec
861 970 1028 1048 praedictis
1040 970 1113 1032 ira·
1169 975 1294 1052 partam
1316 974 1602 1053 eleemosynarnm
1617 971 1800 1055 pauperum
1825 979 1963 1055 exigunt

323 1069 430 1131 trihus
454 1067 602 1146 plenarie
631 1067 858 1144 satisfaciant3
885 1070 919 1133 et
942 1069 1009 1130 tam
1035 1068 1113 1129 laici
1169 1071 1389 1148 impudenter,
1414 1073 1457 1144 et,
1474 1075 1510 1134 ut
1524 1073 1652 1150 possint
1665 1077 1863 1152 extorquere
1876 1073 1962 1152 quod

324 1169 423 1244 ‘quam
436 1164 548 1227 clerici
560 1165 748 1237 saeculares,
761 1163 1039 1242 quiprorlolenta
1048 1179 1115 1224 ma·
1169 1169 1330 1246 quaerunt,
1359 1168 1572 1246 parochianis
1602 1171 1673 1232 suls
1701 1170 1962 1233 reclamantibus

325 1278 428 1324 nuum
449 1263 628 1342 injectione
642 1261 863 1325 anathematis
884 1261 1017 1324 vinculo
1041 1258 1115 1323 ine-
1169 1277 1354 1342 panpernm
1368 1265 1563 1344 obsequium
1573 1267 1733 1344 impedire
1745 1283 1803 1343 pro
1817 1283 1887 1330 suae
1897 1283 1961 1330 vo-

322 1347 1112 1437 rintinnodati,cumdioecesaniepiscopilitieris,
1168 1362 1307 1424 luntatis
1321 1360 1460 1425 arbitrio
1475 1377 1540 1424 non
1554 1363 1743 1426 formidant.
1759 1363 1863 1437 Unde,
1878 1375 1963 1442 qno·

324 1457 365 1519 ad
387 1457 503 1519 Sedem
521 1455 743 1534 Apostolicam
756 1455 927 1518 venientes
942 1452 982 1516 ah
998 1447 1113 1517 eodem
1168 1457 1258 1519 niam
1281 1459 1408 1520 mnium
1431 1458 1663 1536 praedictorum
1682 1459 1822 1522 fratrum
1836 1475 1961 1537 mava-

322 1552 458 1614 rincnlc
473 1553 664 1614 mereantur
676 1550 816 1613 absolvi.
828 1550 934 1613 villas
949 1550 1113 1622 antemio
1167 1565 1242 1615 men
1266 1557 1299 1615 et
1313 1567 1496 1632 pauperum
1517 1555 1725 1632 dispendium
1746 1552 1870 1618 clausis
1893 1571 1960 1618 non

323 1641 441 1728 quibus
459 1649 546 1711 hona
562 1649 794 1728 praedletorum
815 1647 954 1710 fratrum
969 1649 1022 1710 rel
1047 1649 1112 1709 llo-
1168 1650 1323 1712 debemus
1338 1652 1444 1713 oeulis
1466 1653 1680 1730 pertransire,
1699 1654 1818 1732 qulbus
1836 1669 1879 1715 ex
1902 1653 1964 1716 de·

319 1747 449 1808 minum
461 1757 596 1808 suorum
612 1761 671 1822 per
684 1745 876 1808 violentiam
897 1745 1029 1808 deusta
1044 1745 1115 1806 ine·
1168 1747 1236 1809 bito
1248 1748 1426 1824 pastoralis
1445 1749 1547 1811 cilicii
1570 1750 1791 1826 patrocinium
1810 1752 1964 1812 tenemur

317 1843 401 1917 rint,
421 1843 577 1922 quamdin
592 1843 639 1904 ibi
654 1843 741 1916 sunt,
756 1841 923 1905 interdicti
942 1842 1113 1904 sententiae
1168 1846 1282 1906 contra
1297 1845 1444 1906 omnium
1461 1847 1674 1908 insolentiam
1689 1847 1868 1924 impertiri,
1885 1847 1964 1908 uni·

321 1941 528 2018 supponatis.
556 1941 674 2002 Datum
705 1940 872 2012 Laterani,
899 1937 929 2000 X
953 1937 1113 2000 kalendas
1167 1941 1448 2004 versitatirestrae
1463 1959 1522 2019 per
1535 1943 1723 2020 Apostollca
1737 1945 1860 2021 scripta
1872 1959 1964 2005 man·

319 2037 446 2110 martii,
461 2035 671 2114 pontificatus
685 2037 792 2098 nostrl
806 2051 895 2098 anno
908 2037 1012 2098 sexto.
1167 2036 1285 2097 damus
1295 2039 1623 2116 atquepraeciplmue,
1632 2041 1787 2117 quatinus
1796 2040 1963 2102 universis

361 2163 537 2236 scriptum
567 2161 620 2224 est
652 2163 690 2224 m
721 2165 878 2224 eumdem
909 2161 1050 2224 modum
1080 2160 1114 2221 et
1169 2123 1371 2211 presbytens
1393 2136 1513 2197 restrae
1539 2136 1693 2213 potestati
1716 2137 1874 2214 subjectis
1900 2137 1962 2198 suh

322 2227 440 2320 35de
463 2261 518 2320 die
545 2258 587 2320 ad
615 2246 793 2334 gqgfflqum
828 2253 1114 2334 archiepiscopum
1168 2245 1265 2342 poena
1285 2230 1386 2292 oiiloll
1406 2233 1439 2293 et
1458 2231 1609 2294 beneficii
1629 2231 1827 2314 [amittendi]
1842 2233 1961 2311 injun-

321 2353 1115 2432 Magunqnmsuffraganeosejusaliosqueec,
1168 2328 1495 2405 gatis,utpraedlotos
1505 2329 1625 2391 iratres
1635 2331 1829 2392 ineoclesils
1839 2330 1909 2392 suls
1919 2329 1962 2392 ad

321 2451 499 2514 olesiarum
529 2452 685 2530 praelatos
725 2467 783 2530 per
824 2446 1113 2528 Magantinensem
1168 2439 1250 2501 ⁰l'¹ls
1262 2440 1441 2502 1³³¹¹P⁰¹⁸¹¹ffl
1452 2425 1912 2536 Plaeffiffll'effieletmiisillfls
1923 2427 1961 2488 ¹1·

321 2548 528 2626 provinciam
559 2547 765 2620 constitutos,
789 2549 825 2612 ut
859 2548 1010 2610 abbatem
1039 2547 1111 2609 fra,
1168 2519 1962 2600 benequaerarejuxtaquodersduximusmdul·

320 2647 454 2723 tresque
479 2645 671 2708 monasterti
694 2647 735 2708 de
753 2645 895 2707 saonen
913 2641 1111 2726 (scentia)
1167 2617 1309 2693 genuum
1323 2619 1961 2710 sinsqualibetconnaunmmpmmn-

323 2741 450 2806 orqpnqs
474 2741 704 2807 cqsqercpensqs
718 2742 886 2806 tueamur,
1167 2715 1249 2785 tant,
1266 2713 1359 2784 salva
1383 2715 1611 2778 moderatione
1625 2715 1764 2779 concilii
1779 2717 1959 2793 generalis,

1167 2821 1229 2872 nec
1244 2809 1284 2872 ab
1314 2811 1363 2872 eis
1384 2811 1510 2889 aliquid
1534 2813 1670 2889 exigere
1687 2814 1740 2874 vel
1764 2815 1963 2891 extorquere

1168 2909 1379 2984 presumant.
1392 2909 1428 2970 Si
1438 2923 1517 2971 vero
1530 2909 1736 2986 postmodnm
1751 2909 1793 2971 de
1801 2912 1871 2987 jam
1883 2909 1960 2970 dic·

741 3049 753 3072 ,
1166 3004 1211 3065 tis
1225 3003 1427 3082 preshyteris
1444 3005 1485 3066 ad
1503 3005 1706 3068 audientiam
1720 3006 1864 3068 vestram
1879 3022 1964 3084 que-

656 3047 776 3136 CXM
1166 3100 1238 3162 rola
1260 3102 1460 3178 pervenerit,
1476 3102 1511 3163 in
1521 3105 1787 3179 transgressores
1804 3104 1961 3180 praecepti

317 3199 370 3260 Ad
392 3199 674 3273 archiepiscopos,
702 3199 887 3272 episcopos,
916 3197 1054 3260 abietes
1079 3197 1113 3260 el
1167 3198 1635 3276 nostrijuxtamodumeulpae
1645 3200 1759 3263 taliter
1772 3200 1960 3273 vindicetis,

448 3297 534 3356 altos
559 3297 779 3359 emotionem
798 3294 974 3368 prealotos.
1167 3292 1253 3370 quod
1275 3309 1332 3356 eos
1352 3309 1421 3357 suae
1442 3295 1639 3358 temeritatis
1658 3297 1818 3373 poeniteat
1835 3298 1869 3359 et
1886 3296 1961 3358 ira-

566 3423 602 3482 20
629 3419 762 3481 februarii
786 3423 863 3482 liti.
944 3462 950 3472 Ι
1168 3392 1235 3452 tres
1250 3389 1313 3468 lpsi
1333 3407 1393 3468 pro
1407 3391 1537 3452 delectu
1548 3393 1688 3468 justitiae
1708 3406 1774 3454 non
1797 3396 1963 3468 cogantur

397 3543 531 3611 [Stratike.
543 3546 608 3598 lab.
621 3546 676 3598 orti.
690 3547 791 3606 Theai,
804 3560 830 3612 p.
845 3545 901 3606 ΜΟ,
916 3559 942 3600 n.
957 3545 1026 3612 aon]
1165 3485 1384 3661 ἓξωῖἓίἑῗΐᾶ
1391 3503 1505 3646 11:3ss
1498 3489 1609 3646 Ἐζᾶ
1624 3487 1790 3656 Ιξξὲἑῗέ,
1804 3487 1964 3662 gagen&

319 3673 464 3730 llcnorlus
486 3671 566 3746 jubet
593 3673 725 3745 praelatos
750 3669 879 3729 ordinem
907 3669 1112 3729 mecanicum
1167 3681 1297 3758 quando
1322 3681 1516 3759 pamniam
1538 3681 1643 3743 vestri
1667 3680 1815 3757 praefaqs
1846 3679 1963 3744 fratri.

355 3775 442 3818 ΜΝ]
456 3767 554 3820 ‘essere
570 3763 598 3818 ⁵ss
611 3759 772 3834 (lllaelssssdss
784 3773 834 3856 130?
844 3759 1112 3857 θαξῑθθίθθθῐθθωθ·
1167 3776 1228 3838 hus
1249 3777 1291 3840 de
1308 3777 1408 3839 rebus
1433 3779 1503 3838 suis
1525 3777 1701 3854 quicquam
1716 3778 1750 3837 in
1764 3779 1962 3840 testamento

353 3847 434 3917 Μὴ
443 3853 471 3904 e‘
482 3846 588 3920 ¹0&ss
601 3845 728 3920 P¹⁰⁰³f¹⁰
742 3843 926 3917 ‘mem'
1167 3873 1369 3951 relinquunt,
1392 3874 1542 3936 llaeredes
1557 3889 1684 3944 eorum,
1705 3875 1757 3937 vel
1774 3875 1823 3936 llli
1837 3875 1962 3952 quires

360 3971 528 4032 Honorius
539 3970 726 4048 episeopus,
738 3969 1112 4039 servusservoranel,
1168 3969 1259 4047 ipsas
1280 3985 1383 4048 penes
1408 3985 1444 4032 se
1468 3970 1602 4044 habent,
1628 3972 1736 4049 ipsum
1751 3971 1897 4048 legatum
1912 3973 1962 4033 eis

318 4066 566 4129 venerabilibus
601 4065 758 4128 iratribus
792 4064 1053 4142 archiepiscopis
1081 4067 1115 4129 et
1168 4067 1299 4129 solvere
1331 4067 1571 4130 contradicunt.
1605 4069 1693 4140 -Quia
1718 4083 1798 4130 vem
1825 4083 1962 4146 gravem

318 4165 483 4242 episcopis
498 4165 532 4226 et
550 4162 679 4224 dilectis
695 4161 774 4224 tiliis
791 4161 975 4234 abbatibus,
991 4165 1114 4241 priori·
1168 4161 1274 4236 culpae
1296 4159 1460 4222 maculam
1485 4161 1686 4223 contrahunt
1702 4163 1736 4224 et
1750 4177 1816 4222 non
1834 4161 1963 4224 medio·

318 4261 391 4334 bus,
421 4259 678 4330 archidiaconis,
707 4259 841 4320 decanis
862 4259 895 4320 et
909 4258 986 4320 aliis
1004 4259 1114 4322 eccle·
1167 4259 1270 4319 criter
1288 4257 1402 4318 oeulos
1426 4257 1548 4321 divinae
1572 4258 1756 4336 majestatis
1778 4259 1960 4332 offendunt,

317 4358 444 4420 siarum
471 4355 630 4435 praelatis,
652 4356 693 4418 ad
710 4371 792 4434 quos
807 4355 926 4419 litterae
941 4356 1015 4418 istie
1036 4371 1114 4434 per-
1165 4354 1223 4431 qui
1237 4369 1288 4426 ea,
1302 4369 1375 4442 quae
1387 4356 1494 4416 sacris
1507 4355 1566 4417 Dei
1577 4355 1727 4418 eeclesiis
1742 4355 1867 4418 etvirts
1880 4355 1963 4416 reli-

318 4454 482 4526 vanerlnt,
508 4452 647 4514 salutem
669 4452 704 4513 et
726 4450 942 4527 apostolicam
955 4449 1113 4513 benedic-
1165 4451 1258 4527 giom
1277 4454 1313 4514 et
1337 4452 1504 4542 honestati
1524 4452 1645 4514 deditis
1666 4451 1912 4514 rationabiliter
1924 4451 1962 4512 in

318 4551 454 4614 donem.
552 4542 555 4548 ’
1165 4546 1363 4610 testamento
1395 4549 1569 4625 legantur,
1599 4547 1786 4610 temeritate
1812 4545 1960 4625 qualibet

360 4647 534 4722 Querelam
554 4659 688 4722 marem
710 4645 895 4722 recepimus
917 4644 1112 4708 dilectorum
1165 4643 1316 4706 detinere
1343 4647 1566 4722 praesumunt3
1594 4645 1805 4706 universitati
1839 4645 1961 4706 vestrae

319 4747 466 4809 illiorum
486 4745 639 4805 manum
656 4741 837 4818 Hospitalis
852 4742 981 4803 sancta
996 4743 1112 4804 Mariae
1166 4755 1226 4818 per
1237 4742 1427 4820 apostolica
1442 4742 1565 4818 scripta
1581 4740 1805 4818 praecipiendo
1817 4739 1960 4802 manda·-

318 4841 598 4908 'Pheutonicorum
610 4838 918 4916 Hierosolymitani,
935 4851 1112 4916 quamprae
1167 4850 1251 4910 mus,
1274 4839 1448 4915 quatenus,
1477 4839 1505 4898 sl
1520 4838 1652 4915 quando
1667 4837 1817 4914 praedicti
1840 4836 1961 4898 iratres

317 4937 547 5018 magnitudine
562 4937 668 5014 culpae
684 4949 724 4997 ae
740 4949 922 5012 pauperum
937 4934 1111 5011 dispendio
1166 4933 1253 5010 apud
1267 4951 1327 4996 vos
1341 4934 1462 4996 exinde
1475 4933 1716 5010 querimoniam
1732 4933 1958 5010 deposuerint,

317 5037 531 5098 dissimulare
543 5049 606 5095 neo
620 5029 1019 5096 volumusneedehemus.
1030 5033 1113 5094 Pro-
1166 5031 1255 5104 illos,
1272 5045 1355 5108 quos
1369 5031 1464 5092 vobis
1483 5030 1743 5103 nominaverint,
1761 5028 1789 5089 si
1804 5029 1899 5092 robis
1914 5030 1960 5091 ita

318 5133 501 5213 posuerunt
513 5129 758 5208 siquidemjam
773 5127 854 5189 dieti
868 5127 1000 5199 iratres,
1013 5128 1110 5204 quod,
1166 5141 1240 5190 esse
1266 5129 1463 5200 constiterit,
1493 5125 1656 5190 moneatis
1675 5126 1832 5190 attentius
1842 5129 1875 5189 et
1889 5125 1961 5187 dis·

317 5247 393 5293 cum
408 5244 468 5307 pro
483 5226 672 5289 confratriis
684 5227 718 5288 et
739 5224 960 5301 eleemosynis
982 5239 1111 5301 paupe·
1166 5224 1296 5286 trictius
1322 5224 1539 5302 compellatis,
1570 5227 1606 5287 ut
1624 5239 1675 5293 ea,
1703 5239 1776 5300 quaa
1790 5223 1960 5300 praedictis

319 5345 392 5391 rum
407 5323 614 5403 requirendis
630 5321 811 5385 secundum
827 5320 912 5398 quod
925 5321 975 5382 eis
996 5321 1111 5381 indul·
1167 5321 1323 5383 iratribus
1345 5323 1422 5384 sunt
1435 5322 1470 5383 in
1485 5320 1679 5383 testamento
1692 5319 1815 5396 legata,
1830 5321 1958 5382 remoto

317 5425 423 5487 simus
435 5423 476 5486 ad
491 5405 651 5484 ecclesias
674 5417 890 5497 quorumdam
903 5417 1113 5495 presbytero-
1166 5417 1399 5495 appellationis
1412 5417 1593 5490 obstaculo,
1604 5417 1676 5479 sine
1690 5417 1859 5480 malitiosa
1871 5415 1959 5480 dila·

317 5537 393 5585 rum
419 5519 590 5590 accedunt,
619 5531 677 5578 eoa
709 5515 859 5592 recipere
885 5513 1013 5583 nolunt,
1042 5514 1111 5586 sed,
1166 5515 1257 5576 tione
1271 5513 1395 5592 absque
1414 5513 1643 5586 diminutione,
1658 5511 1850 5590 persolvant
1858 5512 1912 5575 rel
1924 5513 1959 5573 in

319 5619 405 5698 quod
417 5611 833 5694 gravinsetanaceleslis
843 5611 926 5687 ipsis
937 5608 1112 5687 praedio‘tos
1167 5611 1477 5686 praesentiarestra
1493 5609 1962 5688 appellationeremota,exhi-
2024 5616 2026 5622 ’
