4244 6374
947 325 1122 386 HONORII
1145 326 1189 384 III
1212 326 1359 386 ophlal.
1913 329 1974 388 540

326 331 388 394 539

224 565 229 574 ι
326 491 472 556 modiin
500 487 632 565 negotio
656 485 728 562 ipso
752 484 931 562 procedere
959 482 1118 545 hactenus
1173 480 1296 545 habere
1308 485 1343 545 in
1359 485 1506 560 ejusdem
1518 486 1669 548 ecclesiae
1683 487 1796 548 Sancti
1810 485 1971 563 Stephani

327 589 504 652 distulistis
519 589 554 650 in
577 582 724 664 ejusdem
747 582 940 643 monasterii
956 582 1118 658 praejudi-
1174 581 1972 660 praejudiciumahutuntur,facientesalibiquam

327 689 426 760 cium,
443 688 475 749 et
488 699 679 762 gravamen.
697 683 838 758 Ideoque
858 695 916 756 per
929 679 1118 756 Apostolica
1173 677 1208 738 in
1222 677 1310 740 dicta
1323 681 1465 740 ecclesia
1492 683 1523 741 S.
1551 682 1711 758 Stephani
1734 682 1971 742 canonicorum

326 785 421 849 robis
437 785 559 858 scripta
574 779 780 850 mandamus,
796 779 958 855 quatenus
977 779 1005 837 si
1028 777 1119 853 post·
1173 790 1308 836 suorum
1329 792 1470 853 corpora
1489 779 1635 854 sepeliri,
1651 793 1724 856 quae
1750 779 1784 838 iu
1802 795 1842 838 ea
1862 778 1973 842 sonent

327 875 878 960 quamhujusmodiquaestiovobis
895 874 1120 951 estabApos-
1172 869 1397 934 tantummodo
1424 875 1628 936 tumulanda.
1659 878 1768 947 Quare
1792 876 1972 950 predictus

324 979 426 1040 tolica
443 977 526 1037 Sede
541 975 727 1046 commissa,
742 975 777 1034 in
795 990 854 1034 vos
876 973 939 1034 init
959 974 1116 1048 tanquam
1172 973 1369 1045 procurator
1384 971 1527 1048 petebat,
1550 975 1586 1034 ut
1611 973 1744 1034 eosdem
1764 973 1926 1034 decanum
1939 976 1972 1034 et

325 1075 361 1136 in
380 1074 518 1136 arbitrio
543 1073 628 1135 sicut
647 1071 799 1150 superius
815 1087 1009 1148 expressum
1025 1072 1075 1130 est
1098 1085 1117 1129 a
1173 1068 1352 1129 canonicos
1369 1071 1401 1128 S.
1418 1067 1581 1130 Johannis
1603 1071 1644 1130 ab
1663 1071 1798 1146 injuriIs
1818 1071 1971 1130 ecclesiae

324 1172 474 1250 partibus
498 1170 782 1248 compromissum,
802 1169 842 1229 ad
867 1185 997 1245 aequum
1022 1166 1116 1228 arbi·
1174 1165 1206 1224 S.
1231 1165 1390 1241 Stephani
1406 1181 1507 1242 super
1524 1167 1706 1242 praemissis
1720 1168 1852 1243 penitus
1875 1183 1970 1228 oom-

324 1270 425 1331 trium
458 1269 637 1346 procedere
671 1283 737 1329 non
772 1268 922 1328 tardetis.
961 1265 1116 1341 Alioquin
1173 1265 1356 1337 pescentes,
1370 1263 1476 1323 eidem
1490 1264 1640 1325 ecclesiae
1654 1263 1774 1324 abillis
1787 1264 1827 1324 do
1840 1264 1970 1325 damnis

324 1383 425 1445 quum
449 1367 563 1442 petitio
588 1365 692 1442 ipsius
717 1363 945 1425 archidiaconi
967 1361 1008 1424 de
1030 1362 1118 1423 reci·
1171 1358 1286 1426 illatis,
1302 1361 1336 1420 et
1356 1359 1513 1435 irrigatas
1536 1361 1681 1437 injuriis,
1698 1363 1765 1422 tam
1786 1377 1887 1438 super
1907 1379 1971 1422 usu

323 1464 453 1542 piendis
477 1463 616 1525 testibus
639 1463 866 1538 undecumque
888 1461 1068 1538 productis,
1085 1459 1118 1519 et
1172 1457 1366 1528 coemeterii,
1384 1473 1483 1534 quam
1498 1457 1575 1518 aliis
1595 1459 1750 1519 satisfieri
1766 1475 1806 1520 ac
1821 1459 1870 1519 eis
1883 1459 1972 1519 inhi-

1171 1551 1242 1612 beri
1254 1553 1393 1615 iirmIter
1403 1553 1600 1627 faceremus,
1613 1571 1655 1615 ne
1665 1571 1762 1615 usum
1773 1557 1968 1628 coemeterii,

1172 1648 1257 1726 quod
1270 1665 1337 1711 non
1352 1650 1484 1723 habent,
1500 1653 1671 1714 decaetero
1688 1655 1722 1713 in
1737 1653 1970 1729 praejudicium

1171 1747 1322 1809 ecclesiae
1346 1751 1378 1810 S.
1399 1749 1559 1826 Stephani
1572 1764 1736 1828 usurpare
1751 1755 1967 1827 praesumant,

1170 1845 1203 1904 ot
1225 1845 1253 1904 si
1278 1861 1343 1922 qua
1374 1848 1490 1907 contra
1519 1847 1808 1920 consuetudinem,
1840 1849 1877 1909 in
1905 1865 1970 1926 qua

1171 1955 1274 2018 usqne
1292 1943 1334 2004 ad
1354 1943 1532 2006 adrentum
1552 1945 1735 2022 supradicti
1753 1945 1857 2022 legati
1871 1948 1967 2008 ntra-

323 1561 568 1636 interrogandis
583 1560 719 1630 eisdem,
732 1559 840 1621 tenori
851 1557 1032 1635 apostolici
1044 1572 1118 1616 res-

324 1656 423 1733 cripti
442 1655 552 1717 obviet
571 1655 756 1726 manifeste,
774 1669 813 1715 ea
829 1669 1036 1730 nequaquam
1052 1653 1116 1714 ob-

324 1753 442 1826 stante,
460 1753 496 1812 In
517 1753 650 1827 negotio
666 1752 737 1828 ipso
757 1753 854 1828 Juxta
870 1751 1018 1827 ejusdem
1041 1767 1116 1810 res-

323 1851 423 1927 cripti
444 1850 593 1912 tenorem
606 1849 677 1910 sine
693 1864 793 1909 morae
810 1847 985 1924 dispendio
1000 1863 1118 1924 proce-

323 1947 421 2009 datis
442 1948 560 2007 Datum
577 1945 744 2016 Laterani,
765 1946 795 2004 X
815 1945 975 2005 kalendas
991 1945 1113 2016 martii,

323 2060 414 2105 anno
430 2044 557 2106 aotam.

622 2345 818 2433 CXXVIII

380 2511 432 2570 Ad
451 2507 630 2577 Valentia„
645 2508 814 2567 Seducere.
832 2507 1006 2580 episcopos
1022 2506 1055 2566 et

510 2605 714 2665 canonicum
735 2605 924 2678 Ltrrpoaea.

583 2743 618 2802 20
630 2741 764 2800 februarii
778 2743 857 2800 laad.

352 2866 722 2934 [aegest.,lib.vl11,ep.238.
739 2869 795 2918 blas.
804 2867 840 2917 ha
852 2869 926 2917 Porta
940 2866 974 2918 du
988 2865 1082 2930 thail]

320 2997 435 3062 Mandat
458 3009 488 3058 ut
510 3001 538 3057 in
560 3015 645 3057 causa
666 3000 739 3056 inter
757 2999 897 3057 decanum
917 3008 944 3057 et
959 3001 1113 3072 capitulam

354 3091 383 3148 S.
399 3089 537 3147 lobannis
552 3089 690 3146 Bisuntin.
708 3104 741 3144 ex
754 3104 810 3146 una
827 3096 916 3160 parto,
932 3096 960 3144 et
973 3089 1114 3145 decanum

354 3186 383 3237 et
408 3177 563 3250 capitulam
590 3178 618 3234 S.
644 3175 780 3249 Stephani
800 3178 939 3236 bisuntin.
966 3191 1002 3233 ex
1026 3177 1112 3234 altera

355 3267 521 3340 procedant.

358 3402 536 3474 Honorias,
567 3403 642 3472 ete,
679 3400 924 3461 venerabilibus
955 3401 1112 3463 iratribus

318 3501 498 3572 Valentia,
509 3500 673 3561 sedunen.
686 3499 850 3575 episcopis
864 3500 897 3559 et
909 3499 1029 3561 dilecto
1044 3499 1112 3560 filio

319 3599 481 3662 canonico
496 3597 679 3673 Lingonen.

356 3695 475 3758 Dilecti
496 3695 555 3755 iilii
577 3694 723 3755 decanus
738 3695 771 3754 et
786 3694 968 3770 capitulum
993 3696 1025 3754 S.
1048 3697 1109 3756 Jo-

315 3794 438 3857 hannis
460 3792 622 3854 Bisuntin.
640 3805 733 3851 suam
756 3790 797 3851 ad
819 3805 878 3850 nos
894 3791 1110 3852 transmisere

317 3892 504 3972 querelam,
528 3889 613 3966 quod
636 3887 782 3948 decanus
809 3890 841 3950 et
867 3889 1049 3965 capitulum
1074 3893 1108 3950 S.

317 3988 478 4066 Stephani
510 3985 674 4047 Bisuntin.
708 4000 808 4061 super
835 4001 899 4044 usu
928 3987 1109 4048 coemeterii

317 4087 380 4158 sui,
394 4085 427 4147 et
440 4083 540 4145 rebus
553 4083 628 4144 aliis
644 4083 735 4159 ipsos
750 4085 934 4158 aggravant
950 4083 1111 4160 multipli-

319 4184 403 4246 citer
422 4185 455 4244 et
473 4181 660 4243 molestant.
679 4181 879 4241 Procurator
893 4195 971 4242 vero
992 4179 1109 4242 decani

316 4283 349 4345 et
363 4279 500 4358 capituli
516 4281 548 4340 S.
567 4277 726 4354 Stephani
747 4278 910 4338 Bisuntin.
938 4277 1058 4339 litteris
1074 4279 1108 4338 in

314 4377 482 4442 audientia
495 4375 625 4452 publica
637 4375 867 4436 contradicens
881 4375 1053 4452 proposuit
1067 4391 1110 4436 ex

316 4477 467 4546 adverso,
485 4474 569 4551 quod
596 4472 740 4534 decanus
763 4474 796 4534 et
818 4473 970 4534 canonici
995 4475 1026 4533 S.
1050 4476 1109 4550 Jo-

313 4573 435 4636 hannis
447 4575 523 4649 jure
540 4571 673 4648 proprio
694 4587 759 4631 non
782 4570 939 4642 contenti,
956 4570 998 4630 ad
1020 4571 1108 4631 alio-

312 4672 400 4734 rium
411 4673 489 4749 jura
505 4669 634 4730 inhiant
654 4668 855 4744 usurpanda,
873 4668 949 4727 dum
965 4684 1031 4728 non
1054 4685 1109 4729 so-

313 4772 383 4832 lum
400 4783 499 4845 super
514 4765 641 4844 capella
660 4766 772 4826 Sancti
797 4765 946 4840 Eugenii,
968 4782 1106 4842 proces-

1171 2053 1235 2113 que
1248 2040 1391 2101 eeclesia
1406 2041 1525 2112 luerat,
1539 2042 1752 2114 reducantur,
1765 2059 1866 2119 quum
1882 2043 1968 2104 idem

1170 2133 1301 2210 legatus
1313 2137 1390 2198 viva
1405 2153 1485 2200 voce
1501 2155 1540 2200 ac
1558 2139 1679 2200 litteris
1695 2139 1755 2200 sub
1769 2155 1967 2202 excommu-

1170 2232 1348 2294 nicationis
1363 2251 1460 2311 poena
1476 2238 1683 2314 praeceperit,
1706 2239 1742 2299 ut
1754 2238 1788 2298 in
1804 2253 1843 2299 eo
1866 2240 1966 2310 statu,

1169 2328 1204 2389 in
1225 2346 1288 2406 quo
1308 2331 1440 2394 fuerant
1463 2334 1657 2410 priusquam
1671 2336 1744 2411 ipse
1759 2336 1889 2396 venerit
1903 2336 1964 2395 Bi-

1170 2428 1968 2509 santiumremanerent.Nositaqueadtranquil-

1169 2523 1295 2585 litatem
1311 2527 1344 2586 et
1358 2543 1473 2602 pacem
1491 2529 1719 2602 ecclesiarum,
1739 2531 1887 2606 ipsarum
1904 2530 1966 2590 de-

1169 2620 1237 2681 hita
1261 2622 1486 2686 sollicitudine
1521 2625 1747 2699 intendentes,
1774 2627 1966 2689 discretioni

1169 2721 1300 2790 vestrae,
1325 2719 1366 2780 de
1384 2722 1557 2798 utriusque
1579 2725 1684 2799 partis
1714 2726 1966 2801 procuratorum

1169 2831 1321 2888 assensu,
1334 2833 1394 2894 per
1408 2819 1601 2895 apostolica
1617 2822 1740 2898 scripta
1757 2823 1963 2895 mandamus,

1169 2915 1332 2989 quatenns
1351 2917 1539 2978 Bisuntiam
1564 2920 1784 2996 personaliter
1803 2921 1967 2981 acceden-

1168 3011 1227 3082 tes,
1243 3011 1283 3072 de
1301 3013 1443 3088 pristino
1469 3016 1567 3088 stata,
1585 3017 1618 3077 et
1633 3017 1777 3095 antiquis
1793 3019 1825 3079 et
1840 3033 1963 3094 appro-

1168 3107 1252 3170 batis
1266 3111 1562 3174 consuetudinibus
1573 3113 1662 3175 inter
1672 3114 1762 3191 ipsas
1774 3115 1964 3175 ecclesiasa

1167 3205 1276 3283 longis
1288 3210 1377 3271 retro
1387 3211 1591 3287 temporibus
1607 3211 1966 3290 observatisinquira·

1166 3306 1209 3368 tis
1231 3306 1372 3368 sollicite
1394 3308 1566 3370 veritatem
1591 3310 1624 3370 et
1646 3309 1813 3372 revocatis
1829 3311 1870 3371 ad
1886 3327 1964 3372 eum

1167 3403 1299 3475 statum,
1316 3404 1352 3464 in
1380 3421 1444 3480 quo
1471 3406 1566 3466 erant
1590 3407 1722 3482 quando
1750 3407 1962 3484 supradictus

1166 3501 1296 3576 legatus
1325 3500 1492 3562 civitatem
1520 3501 1603 3564 adiit
1624 3503 1824 3574 Bisuntium,
1854 3505 1965 3581 appol·

1165 3596 1289 3660 latione
1300 3599 1437 3669 remota,
1450 3599 1478 3658 si
1492 3615 1564 3676 quae
1585 3615 1686 3675 super
1699 3599 1750 3659 his
1767 3601 1964 3663 inveneritis

1165 3695 1282 3756 illicite
1296 3697 1467 3767 attentata,
1486 3699 1658 3772 postquam
1674 3695 1761 3758 idem
1776 3698 1906 3772 legatus
1922 3698 1964 3759 ab

1166 3792 1279 3853 eadem
1296 3792 1432 3854 civitate
1447 3792 1610 3864 discessit,
1627 3809 1702 3853 cum
1715 3809 1756 3854 ne
1772 3795 1849 3871 quid
1866 3799 1965 3858 novi-

1165 3891 1242 3952 tatis
1255 3891 1494 3965 praesumerent
1507 3889 1568 3950 sub
1582 3907 1679 3967 prena
1696 3895 1963 3956 excommunica·

1164 3986 1264 4048 tionis
1288 3987 1387 4049 suerit
1405 3987 1583 4050 inhibitum
1605 4005 1664 4065 per
1687 3991 1855 4062 eumdem,
1876 3993 1964 4053 sicut

1164 4085 1198 4144 in
1228 4083 1334 4160 ipsius
1369 4084 1490 4146 litteris
1525 4088 1754 4163 perspeximus
1785 4089 1960 4162 contineri,

1164 4181 1309 4244 audiatis
1343 4197 1443 4258 super
1467 4185 1651 4259 praemissis
1678 4201 1752 4262 quae
1780 4185 1963 4247 hincinde

1164 4278 1321 4340 duxerint
1330 4281 1557 4356 proponenda,
1572 4284 1605 4342 et
1621 4297 1767 4355 causam,
1786 4283 1815 4343 si
1830 4283 1870 4344 de
1883 4299 1965 4360 par·

1163 4377 1245 4437 tium
1264 4377 1435 4439 voluntate
1460 4379 1670 4455 processerit,
1689 4381 1754 4441 fine
1769 4379 1877 4441 debito
1893 4382 1964 4442 ter-

1164 4475 1317 4550 minetis;
1335 4475 1484 4553 alioquin
1507 4476 1613 4553 Ipsam
1634 4477 1673 4537 ad
1698 4493 1758 4538 nos
1782 4479 1963 4540 remittatis
2079 4523 2082 4528 ,

1163 4573 1962 4651 sufficienterinstruotam,praefigentespartibus
2053 4585 2057 4594 ’

1164 4670 1341 4732 terminum
1365 4671 1614 4747 competentem,
1642 4688 1706 4748 quo
1737 4673 1873 4749 propter
1897 4673 1962 4734 hoc

1163 4769 1353 4845 apostolico
1396 4785 1432 4829 se
1473 4770 1666 4846 conspectui
1707 4771 1959 4847 repraesentent,

314 4867 475 4938 sionibus,
493 4864 689 4942 quibusdam
711 4861 860 4931 decimis,
875 4864 907 4923 et
919 4863 1018 4924 rebus
1032 4864 1107 4924 aliis
1158 4867 1295 4942 justam,
1322 4865 1421 4926 dante
1445 4867 1595 4939 Domino
1620 4867 1819 4930 sententiam
1844 4884 1962 4945 recep-

314 4964 465 5027 ecolesiae
509 4961 622 5024 Sancti
659 4960 817 5037 Stephani
853 4961 929 5022 sunt
964 4961 1105 5034 molesti,
1162 4965 1256 5026 turae.
1279 4964 1392 5024 Testes
1414 4965 1534 5036 autem,
1558 4967 1621 5026 etc.
1640 4965 1731 5038 Quod
1752 4966 1781 5026 si
1801 4982 1868 5027 non
1888 4982 1962 5027 om-

312 5079 429 5126 verum
464 5061 564 5122 etiam
599 5058 715 5120 contra
749 5057 917 5134 privilegii
958 5061 1107 5121 tenorem
1162 5077 1232 5132 neS,
1250 5062 1407 5133 eto.,n0n
1428 5062 1581 5124 obstante
1599 5063 1835 5125 constitutione
1855 5079 1961 5139 gene-

313 5161 421 5222 eidem
436 5158 585 5220 ecclesIaa
596 5156 636 5217 ab
647 5155 835 5232 Apostolica
848 5156 931 5216 sede
943 5157 1104 5230 concessi,
1162 5159 1243 5219 ralis
1274 5159 1430 5232 concilii,
1457 5177 1521 5236 qua
1546 5162 1683 5223 cavetur
1706 5177 1748 5221 ne
1771 5161 1844 5238 quis
1871 5161 1961 5224 ultra

312 5259 474 5322 utcontra
490 5253 690 5316 venerahilis
713 5253 826 5315 fratris
851 5254 956 5316 nostri
970 5255 1003 5314 G.
1020 5257 1105 5315 Por·
1161 5257 1243 5316 duas
1259 5255 1375 5319 diaetas
1393 5260 1487 5319 extra
1513 5273 1608 5318 suam
1630 5258 1800 5320 dioecesim
1819 5259 1885 5319 nisi
1901 5277 1961 5336 per

311 5358 402 5420 tuen.
418 5354 575 5432 episcopi,
589 5351 874 5430 tunonpostoncae
886 5352 980 5413 Sedis
991 5352 1103 5428 legati,
1161 5354 1289 5416 litteras
1300 5354 1507 5432 apostolicas
1520 5355 1732 5432 adjudicium
1743 5357 1957 5433 trahipossit.

312 5456 529 5534 praeceptum,
554 5450 589 5511 in
613 5449 755 5527 quodam
778 5450 851 5511 loco
876 5449 1014 5526 profano
1043 5465 1105 5510 usu
1160 5454 1279 5513 Datum
1304 5453 1473 5525 Laterani,
1498 5454 1528 5513 X
1550 5453 1711 5515 kalendas
1728 5455 1851 5527 martii,
1868 5469 1958 5517 anno

312 5551 504 5622 coemeterii,
527 5547 611 5627 quod
640 5564 705 5608 non
734 5547 872 5620 habent,
902 5563 962 5609 nec
986 5547 1107 5608 dehent
1160 5551 1287 5611 octavo.
