4244 6374
316 299 374 358 531

315 473 400 528 mus,
424 453 540 516 contra
565 453 633 514 tam
648 450 739 529 pium
758 449 882 513 iactum
903 452 1029 514 temere
1049 469 1109 515 ve-

315 553 445 616 nientes
474 568 517 613 ex
544 565 583 612 eo
610 551 740 625 sumpta
758 549 933 610 occasione
947 549 1033 626 quod
1049 565 1109 627 per

313 667 438 713 annum
449 648 578 719 debent,
591 649 628 708 ut
638 647 770 718 dicitur,
782 645 992 722 praebendam
1006 647 1107 708 dece-

316 749 425 810 dentis
447 745 599 808 canonici
620 745 837 812 carnotenses
855 743 988 815 habere,
1006 743 1107 804 dece-

315 847 412 908 dente
425 845 595 914 canonico,
610 843 663 904 vel
676 841 803 902 vicario
815 841 870 918 qui
883 842 1016 903 tertiam
1027 855 1110 918 prae-

313 943 429 1004 bendae
445 943 566 1004 vestrae
577 940 823 1016 consequuntur
832 939 1028 1016 portionem,
1042 954 1108 999 non

313 1042 422 1102 solum
437 1038 585 1101 eamdem
598 1038 742 1109 tertiam,
754 1037 812 1098 sed
835 1038 938 1098 totam
952 1036 1015 1097 sibi
1024 1052 1108 1097 eon-

315 1138 455 1200 tendunt
478 1135 667 1213 hujusmodi
689 1135 861 1197 vindicare
883 1133 1106 1210 praebendam,

313 1251 380 1297 non
390 1234 639 1296 considerantes
650 1234 782 1309 quantae
798 1232 842 1294 sit
853 1232 1005 1293 avaritiae
1017 1247 1111 1292 men-

314 1331 500 1395 dicantibus
518 1331 715 1392 subtrahere
732 1329 941 1391 necessitatis
962 1327 1109 1390 subsidia

313 1429 521 1500 mendicata,
556 1443 618 1490 nec
650 1427 737 1505 quod
772 1426 937 1502 hospitale
963 1426 1109 1486 vestrum

315 1527 431 1588 mortis
455 1526 621 1603 jacturam
641 1541 708 1586 non
733 1524 868 1601 patitur,
889 1523 1107 1586 attendentes.

315 1624 470 1686 volentes
488 1623 601 1700 itaque
621 1622 716 1685 vobis
740 1622 774 1682 in
795 1621 910 1683 eadem
932 1620 1109 1698 praebenda

308 1724 366 1799 jus
381 1722 531 1784 vestrum
546 1721 676 1796 integre
692 1719 895 1790 conservari,
913 1719 1110 1780 auctoritate

312 1819 526 1894 praesentium
550 1816 733 1878 districtIus
746 1816 949 1886 inhibemus,
966 1831 1009 1875 ne
1023 1830 1110 1890 prae-

312 1914 371 1976 fati
385 1915 486 1976 abbas
502 1917 535 1976 et
550 1915 731 1975 conventus
747 1929 846 1990 super
861 1911 989 1972 duabus
1005 1912 1110 1988 parti-

312 2012 374 2073 bus
407 2010 593 2088 praebendae
631 2011 799 2088 praedictae
840 2009 903 2071 hac
935 2009 1110 2070 occasione

311 2110 459 2185 aliquam
474 2109 568 2169 vobis
588 2108 773 2168 molestiam
793 2106 967 2172 interrant,
990 2106 1043 2166 vel
1059 2105 1111 2166 ia-

313 2207 414 2266 ciant.
426 2204 516 2266 Nulli
528 2221 618 2281 ergo,
628 2205 866 2282 ete.,paginam
879 2205 1001 2265 nostrae
1018 2203 1110 2263 inhi-

312 2302 449 2363 bitionis
467 2302 660 2378 intringere,
677 2305 740 2363 etc.
767 2302 802 2362 sl
816 2301 889 2378 quis
905 2301 1027 2372 autem,
1044 2301 1106 2362 etc.

354 2400 472 2462 Datum
498 2400 664 2472 Laterani,
690 2399 788 2460 rents
818 2398 989 2472 februarii,
1020 2413 1108 2460 anno

315 2498 444 2559 octavo.

653 2719 771 2805 CXXI

313 2873 366 2930 Ad
388 2870 611 2930 Bertedtetem
632 2871 828 2943 episcopum
844 2870 1050 2930 scarensem
1075 2868 1108 2928 et

431 2968 580 3028 Petrum
601 2968 744 3066 electum
758 2969 986 3027 Lunderasem.

576 3098 611 3155 ro
625 3095 757 3154 februarii
771 3097 849 3154 lssl.

395 3221 540 3286 [Liljegrem
556 3220 672 3270 Svensltt
683 3219 800 3284 diplom,
816 3219 836 3276 I,
849 3219 904 3278 2³7,
916 3233 942 3268 n.
956 3219 1024 3284 225]

313 3350 349 3406 Ut
359 3347 461 3404 Oleum
483 3346 687 3416 strangensem
707 3345 873 3416 episcopum
886 3343 1040 3416 Upsalensi
1058 3357 1106 3400 ec-

345 3435 440 3493 clesiae
458 3433 628 3505 praesciant,
654 3432 799 3489 solventes
821 3432 950 3503 ipsume
980 3432 1106 3500 vinculo,

345 3539 402 3597 quo
417 3521 585 3596 Strangeusi
595 3520 724 3578 ecclesis
737 3527 876 3578 teneatur.

347 3651 525 3722 Honorius,
537 3650 611 3722 etc,
624 3649 780 3725 episcopo
793 3647 949 3708 scarensi
958 3647 991 3709 et
1001 3646 1108 3708 electo

312 3749 491 3810 Lundensi.

349 3847 576 3909 Intelleximus
590 3843 676 3922 quod
692 3843 868 3920 Upsalensi
879 3841 1021 3904 ecclesia
1045 3841 1108 3902 du-

291 3986 294 3995 ·
312 3945 390 4006 dum
404 3944 542 4006 viduata
556 3945 700 4020 pastore,
713 3941 823 4003 clerus
840 3941 872 4002 et
882 3941 1022 4017 populus
1038 3941 1108 4016 Up-

308 4043 461 4114 salensis,
482 4040 642 4118 praedicta
668 4038 811 4100 ecclesia
834 4038 1015 4113 capitulum
1039 4053 1106 4098 uon

308 4135 1104 4210 hahente,sibivenerabilemtratremnostrum...

309 4238 543 4312 strangensem
556 4236 747 4312 episcopum
763 4233 797 4293 in
812 4232 1010 4294 executione
1027 4247 1107 4308 pon·

306 4333 440 4395 tifloalis
450 4332 562 4404 othcii,
576 4330 751 4400 utdieitur,
760 4329 989 4405 approbatum,
1000 4331 1054 4391 oui
1066 4329 1107 4390 de

307 4433 376 4494 vita
387 4431 420 4493 et
428 4430 575 4490 moribus
584 4427 984 4488 laudabiletestimonium
997 4427 1107 4504 perhi-

305 4531 413 4601 betur,
426 4529 460 4589 in
476 4525 763 4602 archiepiscopum
770 4525 973 4586 unanimiter
982 4527 1014 4587 et
1025 4541 1107 4586 oon-

306 4627 450 4690 corditer
473 4623 693 4702 postularunt.
727 4621 999 4698 supplicantibus
1024 4638 1105 4698 ergo

307 4718 1107 4788 nobiscarissimoinChristotllionostro...illus-

305 4825 350 4887 tri
360 4838 440 4900 rege
456 4820 596 4892 Sueciae,
612 4819 645 4880 et
656 4817 824 4878 universis
838 4817 984 4895 ejusdem
998 4817 1107 4878 ecclo-

307 4915 1103 4996 siaesuffraganeis,acoleroetiamUpsalensiut,

310 5011 1107 5099 quumUpsalensismetropolispropterindomi·

309 5121 352 5180 tae
368 5114 579 5178 consistentis
591 5113 625 5172 in
638 5127 677 5172 ea
692 5111 799 5187 gentis
811 5109 1016 5181 induritiam,
1029 5109 1105 5170 talis

307 5212 532 5276 sollicitudine
543 5209 687 5286 pastoris
698 5208 856 5283 indigeat.
867 5207 1048 5284 quirinum
1060 5207 1108 5268 in·

306 5309 474 5373 tundendo
483 5301 521 5370 ‘et
530 5308 640 5368 oleum
649 5305 772 5367 mederi
786 5306 918 5367 noverit
933 5305 1104 5376 sauciatis,

307 5410 349 5471 ad
365 5407 451 5487 quod
471 5405 553 5467 satis
574 5405 731 5466 idoneum
758 5404 953 5480 praedictum
976 5403 1108 5480 episco-

306 5521 385 5583 pum
412 5502 628 5573 asseverant,
665 5501 882 5577 postulationi
917 5499 1106 5577 hujusmodi

307 5618 483 5664 assensum
498 5599 695 5663 benevolum
708 5615 752 5660 ex
775 5615 874 5661 causa
898 5600 965 5661 tarn
985 5613 1105 5660 neces-

931 291 1108 354 HONORII
1131 295 1176 354 III
1198 297 1346 358 OPERA.

1869 299 1962 360 -532

1163 455 1252 516 saria
1279 455 1511 532 praeberemus.
1537 459 1607 518 Nos
1632 455 1736 532 igitur
1753 457 1840 535 juris
1860 473 1961 535 super

1163 552 1226 613 hoc
1241 554 1386 630 rigorem
1406 553 1615 630 providentia
1638 555 1872 632 temperantes,
1888 557 1960 618 dis·

1164 651 1304 712 cretIoni
1315 651 1435 712 vestrae
1446 667 1506 728 per
1519 653 1710 728 Apostoliea
1719 653 1843 731 scripta
1858 669 1958 715 mau-

1164 747 1291 819 damus,
1309 751 1471 825 quatenus
1486 749 1515 809 si
1525 749 1620 810 vobis
1633 750 1959 828 constiterItdeprae-

1164 844 1299 917 missis,
1344 845 1495 906 eumdem
1539 847 1730 923 episcopum
1767 848 1959 923 praeficiatis

1163 941 1361 1004 auctoritate
1388 945 1504 1004 nostra
1537 945 1715 1020 Upsalensi
1741 945 1893 1008 ecclesiae
1922 947 1958 1008 in

1164 1041 1344 1115 pastorem,
1356 1039 1564 1102 absolventes
1577 1041 1684 1118 ipsum
1700 1058 1720 1103 a
1737 1042 1883 1112 vinculo,
1893 1059 1958 1120 quo

1165 1137 1358 1212 strangensi
1379 1137 1554 1199 tenebatur
1576 1139 1739 1211 ecclesiae,
1760 1141 1958 1202 transeundi

1164 1233 1205 1294 ad
1221 1235 1412 1311 praedictam
1425 1237 1599 1296 ecclesiam
1612 1237 1827 1313 Upsalensom
1836 1235 1959 1299 tribua-

1164 1330 1207 1392 tis
1230 1330 1447 1412 [licentiaml.
1483 1337 1602 1395 Datum
1626 1335 1793 1406 Laterani,
1818 1336 1861 1398 IV
1882 1335 1957 1396 idus

1164 1429 1335 1503 februarii,
1353 1447 1440 1492 anno
1457 1431 1585 1493 octava.

1491 1672 1632 1759 CXXII

1224 1817 1275 1876 Ad
1287 1817 1445 1890 priorem
1459 1816 1492 1876 et
1507 1817 1712 1877 conventum
1722 1819 1757 1877 S.
1771 1819 1899 1879 Murice

1352 1915 1389 1972 tn
1403 1914 1517 1973 Portu
1530 1915 1766 1974 Ravennates.

1412 2043 1445 2100 ts
1464 2042 1599 2100 februarii
1619 2045 1698 2102 real.

1188 2155 1327 2216 [Faciunt
1341 2157 1498 2207 llonnmenti
1512 2159 1664 2219 Ravennati,
1679 2159 1709 2218 ll,
1723 2173 1750 2224 p.
1764 2161 1818 2219 las,
1832 2175 1857 2211 a.
1869 2160 1936 2227 roa]

1215 2273 1457 2345 Compositionem
1473 2289 1561 2346 super
1579 2274 1756 2347 subjectione
1771 2277 1901 2334 ecclesiae

1357 2363 1469 2419 Sanctae
1485 2363 1582 2420 Mariae
1600 2363 1760 2422 confirmat.

1203 2479 1370 2541 Honorius
1382 2481 1569 2556 episcopus,
1580 2496 1876 2544 servasservorum
1884 2484 1955 2556 Dei,

1163 2575 1283 2638 dilecto
1299 2577 1366 2638 illio
1380 2577 1484 2653 priori
1497 2580 1530 2638 et
1545 2578 1723 2640 conventui
1741 2581 1773 2639 s.
1791 2581 1907 2642 Mariae
1923 2581 1958 2642 in

1164 2675 1266 2736 Portu
1282 2675 1478 2746 Ravennati,
1496 2674 1648 2746 salutem,
1666 2679 1727 2738 etc.

1203 2775 1309 2844 Quum
1320 2772 1408 2834 inter
1421 2789 1481 2834 vos
1496 2786 1539 2834 ex
1549 2774 1718 2850 parteuna
1734 2773 1766 2836 et
1777 2775 1958 2838 venerabi-

1163 2869 1228 2930 lem
1241 2869 1378 2933 tratrem
1393 2872 1543 2931 nostrum
1555 2871 1843 2949 archiepiscopum
1858 2875 1891 2934 et
1905 2889 1958 2936 ca·

1163 2967 1303 3042 pitulum
1318 2969 1512 3030 Ravennate
1521 2983 1563 3029 ex
1574 2969 1691 3042 altera,
1703 2971 1843 3047 quaestio
1857 2987 1959 3049 super

1163 3065 1366 3142 subjectione
1388 3066 1539 3128 ecclosias
1555 3067 1676 3129 vostrae
1690 3068 1807 3130 suisset
1829 3069 1958 3130 diutius

1163 3165 1287 3240 agitata
1303 3165 1335 3225 et
1345 3163 1539 3240 quibusdam
1553 3165 1774 3242 processibus,
1790 3166 1847 3244 qui
1858 3182 1960 3244 super

1163 3261 1225 3321 hoc
1238 3261 1342 3322 habiti
1354 3261 1498 3332 luerunt,
1510 3260 1657 3337 legitime
1668 3265 1844 3336 revocatis,
1855 3279 1959 3327 causa

1162 3356 1326 3418 initianda
1350 3358 1445 3434 quasi
1470 3374 1513 3419 err
1534 3359 1663 3434 integro
1678 3360 1859 3435 judicetur,
1879 3364 1959 3422 tan-

1162 3454 1236 3515 dem
1265 3469 1378 3515 coram
1405 3452 1527 3515 dilecto
1554 3454 1623 3515 tilio
1648 3456 1761 3516 nostro
1796 3460 1839 3530 J.,
1868 3458 1960 3520 tituli

1164 3552 1293 3612 Sanctae
1307 3550 1439 3612 Sabinae
1460 3551 1653 3628 presbytero
1666 3552 1840 3625 cardinali,
1858 3571 1962 3630 quem

1162 3647 1429 3724 dederamusipsi
1440 3648 1690 3724 archiepiscopo
1700 3650 1775 3710 ettl.
1786 3651 1868 3712 Rav.
1880 3666 1962 3713 ves-

1164 3750 1221 3808 trae
1233 3745 1385 3808 ecclesiae
1397 3745 1543 3822 syndicis
1553 3746 1750 3817 auditorem,
1760 3746 1849 3819 talis,
1857 3764 1961 3825 quum

1162 3844 1262 3905 iidem
1285 3843 1414 3920 syndici
1436 3843 1628 3904 mandatum
1647 3844 1715 3904 tam
1736 3843 1777 3904 ad
1794 3846 1959 3921 agendum

1161 3957 1260 4018 quarn
1278 3941 1319 4001 ad
1333 3941 1595 4017 componendum
1609 3939 1781 4015 haberent,
1798 3943 1960 4020 composi-

1161 4039 1207 4100 tio
1229 4038 1447 4101 intervenerit
1463 4037 1549 4116 quod
1564 4037 1721 4101 videlicet
1735 4040 1827 4116 prior
1844 4043 1877 4102 et
1893 4040 1960 4102 lra-

1161 4137 1228 4198 tres
1240 4137 1391 4198 ecclesiae
1406 4137 1602 4198 Portuensis
1614 4138 1794 4199 teneantur
1806 4138 1959 4216 recipere

1161 4233 1294 4295 ordines
1309 4247 1328 4294 a
1342 4233 1546 4294 Ravennatis
1560 4233 1823 4310 archiepiscopo,
1837 4235 1870 4296 et
1884 4251 1959 4296 con-

1161 4331 1381 4392 secretionem
1393 4329 1622 4402 ecclesiarum,
1633 4333 1668 4392 et
1682 4331 1838 4392 altarium
1851 4331 1885 4392 in
1897 4334 1960 4394 Ra-

1160 4427 1500 4492 rennatensidlcecesi
1506 4427 1701 4503 positorum,
1710 4428 1820 4489 oleum
1828 4445 1959 4507 quoque

1161 4527 1310 4588 sanctum
1331 4526 1363 4587 et
1384 4525 1451 4586 alia
1475 4525 1702 4586 ecclesiastica
1727 4528 1956 4599 sacramenta,

1161 4639 1233 4700 quae
1251 4623 1420 4700 abaliquo
1436 4623 1547 4683 essent
1562 4622 1718 4699 episcopo
1730 4623 1908 4700 recepturi,
1926 4625 1957 4684 si

1160 4722 1272 4783 tamen
1282 4721 1353 4798 ipse
1367 4719 1637 4795 archiepiscopus
1647 4719 1830 4780 catholicus
1844 4719 1952 4793 luerit,

1161 4820 1193 4880 et
1202 4833 1241 4880 ea
1257 4818 1360 4894 gratis
1376 4817 1409 4878 et
1423 4817 1548 4893 absque
1563 4816 1632 4876 ulla
1655 4817 1822 4893 pravitate
1839 4819 1957 4880 volue-

1160 4917 1205 4978 rit
1219 4914 1390 4985 exhibere,
1407 4913 1556 4990 alioquin
1577 4914 1762 4990 recipiendi
1777 4929 1817 4976 ea
1839 4929 1961 4993 aquo-

1162 5029 1300 5090 cumque
1327 5012 1507 5073 maluerint
1532 5011 1696 5073 catholico
1725 5011 1880 5090 episcopo
1897 5013 1962 5074 ha-

1161 5111 1262 5173 beant
1288 5110 1495 5186 pctestatem.
1520 5109 1708 5170 Decedente
1734 5124 1814 5170 vero
1847 5110 1960 5186 priore

1161 5210 1267 5287 ipsius
1282 5208 1444 5278 ecclesiae,
1459 5207 1512 5268 vel
1533 5223 1632 5284 quum
1648 5205 1735 5269 alias
1746 5222 1820 5269 eam
1838 5223 1961 5271 vacare

1162 5307 1347 5382 contigerit,
1362 5304 1543 5381 capitulum
1568 5303 1630 5364 sibi
1650 5304 1795 5379 priorem
1819 5305 1958 5380 eligant,

1162 5416 1258 5479 quem
1274 5401 1456 5462 secundum
1470 5400 1584 5470 Deum,
1607 5399 1639 5460 et
1658 5399 1838 5460 canonicas
1851 5402 1884 5461 et
1898 5415 1960 5461 re-

1161 5499 1296 5574 gulares
1311 5497 1542 5559 observantias
1552 5494 1697 5557 viderint
1712 5495 1914 5572 eligendum,
1928 5499 1963 5560 et

1161 5597 1304 5658 electum
1322 5593 1561 5672 repraesentent
1570 5593 1822 5670 archiepiscopo
1837 5595 1964 5656 conflr-
