4262 6382
151 257 213 320 705
766 253 995 316 EPISTOLAE.
1018 254 1097 315 LIB.
1122 255 1176 318 IX.
1676 297 1681 304 .
1734 257 1795 319 706

150 414 193 476 lis
204 417 362 492 Juvenem
376 411 554 478 oriundum
574 409 615 474 de
632 411 769 474 clvltate
781 411 946 474 Narbonae
1000 427 1083 490 quas
1098 410 1140 474 ad
1155 412 1298 475 lnvlcem
1311 409 1435 476 babere
1453 415 1620 488 dicuntur,
1637 417 1745 478 ratum
1761 417 1795 514 et

151 511 340 588 receperint
351 511 392 572 ad
405 510 569 588 quoddam
578 509 724 570 ollloium
734 508 813 571 tunc
822 524 946 570 vacans
1001 509 1132 570 tirmum
1149 509 1305 588 quioquid
1328 526 1402 572 cum
1413 513 1532 589 majori
1547 516 1639 590 parte
1661 515 1795 576 consilii

150 609 186 668 in
210 609 353 670 ecclesia
381 607 592 670 Narbonensi
620 621 660 668 ac
692 621 799 682 nuper
820 606 946 667 vellent
999 609 1036 670 tu
1051 623 1154 684 super
1169 607 1231 668 hoo
1241 607 1369 685 judicio
1378 609 1566 682 concordia,
1578 611 1632 671 vel
1642 611 1794 686 arbitrio,

150 705 271 782 ipsum,
286 705 384 782 prout
396 721 479 766 onus
495 704 644 782 ejusdem
662 703 765 764 oflicii
786 703 890 779 exigit
911 703 947 763 in
1001 720 1060 765 seu
1075 704 1143 765 alio
1158 720 1363 782 quocumque
1376 706 1474 766 modo
1488 705 1618 782 leceris,
1633 708 1791 771 babituri.

151 802 391 864 subdiaconum
418 800 631 878 promoverit,
660 799 793 878 quidam
820 799 947 862 occulte
1001 800 1179 876 Sperantes
1190 801 1302 876 igitur,
1315 801 1399 878 quod
1410 801 1459 862 illi
1469 803 1792 878 persollicitudinem

150 887 218 960 tuis
244 898 382 960 auribus
413 897 623 960 instillarunt
645 913 721 958 eum
752 897 946 958 subdiaconi
999 898 1091 958 tuam
1116 888 1159 958 ad
1185 898 1276 974 pacis
1314 899 1425 959 redire
1453 899 1594 963 debeant
1619 903 1790 976 unitatem,

151 995 256 1058 illium
270 997 443 1058 extitisset
460 993 692 1074 propterquod
707 994 748 1056 ad
764 998 835 1072 ejus
850 993 945 1055 ordi·
999 993 1209 1070 prudentiam
1244 997 1334 1056 tuam
1375 996 1548 1058 hortamur
1583 998 1706 1059 attente
1734 1015 1794 1077 per

150 1093 319 1155 nationem
340 1093 518 1170 procedere
532 1092 693 1154 hactenus
706 1091 875 1160 distulisti,
901 1091 945 1151 li·
999 1091 1189 1167 Apostolioa
1222 1090 1346 1169 scripta
1379 1093 1575 1155 mandantes
1610 1098 1793 1171 quatenus,

150 1191 417 1268 cetoonstetipsi
431 1190 588 1267 capitulo,
606 1189 692 1251 siout
711 1189 835 1260 dicunt,
858 1187 945 1266 quod
1000 1190 1104 1248 Deum
1128 1188 1253 1250 babens
1282 1205 1351 1266 prae
1373 1191 1490 1262 oculis,
1514 1191 1647 1253 studeas
1671 1192 1793 1270 hujus-

149 1289 244 1366 pater
258 1289 291 1350 et
304 1290 412 1350 meter
423 1287 502 1350 dicti
513 1288 648 1366 jnvenis
662 1287 698 1348 in
722 1287 807 1348 lacie
829 1289 945 1349 Eccle-
1000 1285 1089 1345 modi
1113 1287 1326 1347 commissum
1342 1287 1403 1348 tibi
1417 1279 1586 1363 negotium
1600 1281 1792 1362 terminare,

150 1385 210 1446 siae
225 1384 349 1462 absque
365 1385 628 1447 contradictione
643 1383 786 1461 qualiter
807 1382 897 1444 inter
909 1398 945 1444 se
1000 1381 1112 1459 partes
1125 1383 1167 1443 ad
1183 1383 1342 1444 unitatem
1355 1383 1388 1445 et
1399 1399 1515 1460 paoem
1536 1387 1696 1448 reducere
1710 1403 1793 1464 pro-

149 1481 396 1543 metrimonium
423 1481 673 1550 contraxerunt,
700 1495 739 1540 ao
755 1494 813 1556 per
827 1479 946 1554 viginti
1000 1479 1159 1550 curando,
1178 1479 1226 1539 ita
1243 1480 1329 1556 quod
1356 1480 1529 1556 diligentia
1548 1483 1605 1544 tua
1619 1499 1679 1560 per
1693 1485 1796 1547 effec-

148 1593 268 1650 annos,
281 1578 315 1639 et
327 1577 414 1640 ultra
426 1577 562 1638 insimul
576 1577 832 1657 permanserunt
847 1576 946 1638 sicuti
1000 1578 1070 1636 tum
1092 1578 1263 1652 appareat,
1289 1576 1323 1639 at
1343 1577 1420 1638 inde
1439 1579 1547 1654 possis
1567 1581 1685 1642 merito
1698 1597 1794 1642 com-

148 1675 202 1735 vir
221 1676 254 1737 et
268 1689 363 1746 uxor,
379 1673 513 1735 nemine
527 1673 563 1734 in
576 1673 657 1745 vita,
675 1686 744 1745 seu,
758 1673 832 1750 post
851 1689 945 1734 mor·
1000 1673 1162 1745 mandari,
1180 1689 1240 1734 nos
1258 1674 1347 1734 enim
1362 1675 1520 1752 quidquid
1535 1677 1673 1752 provide
1695 1695 1795 1756 super

148 1773 215 1834 tem
227 1772 347 1847 ipsam,
363 1771 569 1833 contractum
585 1770 673 1832 inter
696 1769 757 1832 hos
772 1769 945 1831 matrimo-
999 1769 1063 1830 boc
1077 1771 1234 1832 statueris
1249 1772 1358 1833 retum
1374 1771 1569 1834 habebimus
1580 1775 1613 1836 et
1622 1773 1794 1839 observari

149 1867 243 1928 nium
274 1869 462 1929 accusante.
504 1869 613 1940 Quare
641 1867 738 1928 nobis
775 1867 946 1929 humiliter
999 1859 1139 1928 tirmiter
1162 1869 1298 1930 auctore
1320 1868 1461 1930 Domino
1483 1868 1653 1932 iaciemus.
1674 1875 1792 1934 Datum

149 1964 391 2042 supplicarunt,
408 1965 443 2027 ut
455 1981 555 2042 super
569 1964 633 2026 boc
643 1963 752 2025 debita
768 1963 944 2040 providere
999 1965 1168 2037 Laterani,
1199 1967 1244 2025 IX
1267 1963 1429 2026 kalendas
1465 1967 1673 2042 novembris,
1703 1953 1792 2032 anne

147 2061 372 2124 sollicitudine
390 2060 615 2138 dignaremur.
633 2061 775 2138 ideoque
790 2060 944 2122 fraterni·
999 2075 1098 2145 nono.

147 2152 209 2220 tati
219 2160 285 2220 tuae
296 2157 511 2236 praesentium
526 2158 725 2220 auctoritate
736 2156 942 2231 mandamus,

148 2257 322 2333 quatenus,
344 2255 374 2315 si
396 2254 578 2332 praemissis
592 2256 717 2318 veritas
729 2252 942 2332 suffragatur,
1268 2336 1272 2346 ·
1330 2267 1463 2366 'XVIII

146 2351 181 2414 et
195 2352 282 2415 dicto
297 2353 415 2431 juveni
430 2351 520 2441 aliud
536 2353 733 2414 canonicum
754 2368 821 2415 non
834 2352 944 2414 obsis-

146 2447 197 2521 tit,
215 2449 323 2526 ipsum
338 2450 473 2528 propter
492 2451 739 2513 susurrationes
754 2447 943 2528 hujusmodi
998 2417 1049 2488 Ᾰῑῖ
1070 2427 1226 2490 abbatem
1244 2429 1279 2489 S·
1304 2431 1408 2492 Pauo
1429 2431 1463 2492 θὶ
1476 2433 1519 2492 P·
1538 2433 1662 2493 Amelit
1673 2437 1792 2496 arciri*
1907 2435 1914 2442 “

146 2561 215 2607 non
230 2547 365 2608 differas
388 2547 556 2619 ordinare,
578 2563 652 2608 oum
676 2547 775 2609 natus
800 2547 840 2610 de
866 2563 941 2608 ma·
1036 2525 1218 2586 dimum
1239 2524 1274 2588 ⁶²
1297 2528 1555 2601 mmmm
1584 2533 1792 2592 Narbonen-

144 2643 303 2706 trimonio
316 2644 365 2706 sle
379 2644 560 2717 contracto,
583 2660 603 2706 a
623 2645 834 2721 susceptione
852 2644 944 2706 ordi·
1036 2634 1120 2681 Sem·
1279 2697 1418 2758 Ἑωίου.
1434 2698 1509 2758 {m

145 2757 226 2802 num
238 2756 306 2802 non
320 2741 364 2802 sit
378 2742 553 2804 occasione
565 2741 757 2818 huJusmodi
772 2741 941 2820 repellen-
1505 2743 1512 2758 '
1688 2819 1690 2824 ,

147 2837 221 2898 dus.
238 2838 355 2900 Dolum
370 2838 538 2911 Laterani,
556 2840 601 2900 lx
622 2837 784 2900 kalendas
799 2854 940 2901 novem·
1075 2819 1210 2885 [vam
1228 2821 1291 2872 ΗΜ·
1303 2823 1337 2874 ‘¹¹¹
1353 2822 1513 2886 L²¹¹¹⁸¹¹⁰d⁰⁰'
1526 2829 1545 2875 ἲ·
1557 2823 1599 2884 ¹¹¹’
1610 2837 1636 2890 Ρ·
1647 2825 1715 2892 ¹⁷⁶4

146 2931 230 3007 brie,
247 2950 334 2997 anno
349 2950 448 2997 nono.
996 2944 1792 3019 Mendatutseuteutieexcommunicationis,inhomiues

1031 3034 1259 3108 Capitis-stagni
1273 3042 1302 3092 et
1327 3036 1515 3109 quorumdem
1530 3038 1650 3096 aliorum
1663 3038 1791 3100 locorum

528 3155 531 3164 ·
1030 3122 1226 3182 Narbonensis
1240 3130 1269 3180 et
1294 3125 1462 3182 Biterrensis
1485 3125 1641 3186 dioecesum
1666 3129 1786 3201 prolate,

487 3154 600 3253 XVH
1030 3211 1231 3270 inviolabiliter
1241 3227 1329 3285 esque
1337 3212 1372 3270 ed
1382 3211 1606 3273 satisfactionem
1614 3215 1758 3292 condigne

320 3316 372 3380 Ad
394 3317 514 3379 ducem
533 3317 767 3379 Venettorom,
1030 3299 1206 3358 observetur.
1750 3326 1755 3336 -

411 3447 447 3506 24
473 3446 566 3506 octob.
592 3447 670 3505 llll.
1033 3407 1202 3502 Honorius
1211 3407 1397 3498 episcopus,
1407 3435 1524 3486 servus
1534 3438 1705 3488 servorum
1716 3412 1787 3500 De'i,

336 3569 454 3635 [ophelte
467 3569 523 3620 lta,
539 3583 619 3628 sacre,
632 3571 663 3628 V,
676 3569 744 3632 aaa]
995 3514 1124 3578 dilectis
1140 3517 1218 3578 tiliis
1231 3517 1344 3582 abbati
1356 3521 1469 3580 Sancti
1485 3521 1592 3594 Pauli,
1610 3525 1646 3583 P.
1668 3525 1789 3587 Amelii

931 3685 933 3692 y
993 3614 1230 3675 archidiacono
1268 3616 1301 3676 et
1328 3617 1526 3693 praeoentori
1565 3620 1787 3694 Narbonensi,

137 3697 217 3756 Eum
231 3694 358 3753 hortetur
369 3701 457 3766 utper
471 3709 554 3752 suam
573 3694 792 3752 sollicitudinem
808 3689 895 3751 iaciat
909 3699 940 3751 ut
994 3710 1134 3772 saputem
1157 3710 1191 3772 01
1203 3712 1427 3787 Apostoljcam
1440 3712 1716 3778 benedictionem,

181 3783 336 3857 Philippus,
360 3783 512 3840 Feltrensis
535 3789 563 3840 et
582 3783 760 3840 Bellunensis
775 3782 937 3854 episcopus,
1032 3808 1151 3869 [macti
1173 3807 1234 3868 fflii
1256 3807 1346 3870 cives
1361 3809 1596 3871 Narbonenses
1610 3813 1706 3874 nobis
1719 3815 1786 3875 hun,

179 3873 336 3945 etpopulus
346 3872 509 3929 {tervisinus
520 3871 555 3928 ed
568 3872 647 3944 pacis
662 3871 779 3928 redeant
789 3871 936 3927 unitatem.
993 3905 1117 3967 militer
1131 3904 1372 3982 supplicarunt,
1389 3907 1425 3966 ut
1433 3910 1786 3972 excommunicationis

184 3994 352 4069 Honorius
363 4008 548 4082 episcopus,
558 4021 856 4066 servusservorum
865 4005 935 4076 Dei,
993 4002 1192 4063 sententiam
1218 4016 1317 4077 quam
1338 4001 1541 4064 venerabilis
1556 4003 1659 4068 irater
1673 4011 1786 4070 noster

142 4103 249 4166 nobili
272 4102 344 4164 viro
366 4103 442 4164 duol
468 4103 701 4174 venetiarum,
735 4102 877 4162 salutem
906 4103 939 4163 et
992 4095 1189 4178 C[onradus]
1213 4099 1406 4160 Portuensis
1431 4101 1617 4178 episcopus,
1644 4103 1724 4166 tuno
1748 4107 1784 4168 in

140 4200 367 4278 apostolicam
381 4199 657 4261 benedictionem.
992 4194 1140 4272 partibus
1165 4195 1231 4255 illis
1256 4195 1402 4256 osticium
1417 4196 1592 4274 legationis
1610 4209 1781 4276 exercens,

184 4298 275 4370 Quod
287 4297 340 4358 vir
352 4299 398 4358 sis
412 4297 529 4366 fidelis
542 4312 582 4356 ac
592 4295 725 4373 probus,
738 4296 795 4356 tua
806 4295 935 4368 merita,
992 4292 1027 4354 in
1047 4293 1199 4354 homines
1214 4293 1338 4370 Capitis
1366 4294 1492 4370 Stagni,
1516 4296 1549 4357 et
1566 4301 1783 4376 quorumdam

141 4412 217 4474 quae
249 4396 326 4458 sunt
353 4397 443 4466 nota,
468 4392 645 4466 testantur,
671 4393 704 4455 et
730 4393 937 4469 cicumpositi
991 4389 1134 4451 aliorum
1157 4389 1306 4452 locorum
1332 4393 1399 4452 tam
1426 4393 1655 4457 Narbonensis
1684 4414 1782 4475 quam

141 4491 937 4574 populi,quivicinioresexistunt,eoidamplius
991 4487 1192 4548 Biterrensis
1216 4487 1406 4560 dioecesum,
1432 4507 1492 4567 pro
1523 4490 1652 4554 damnis
1678 4495 1783 4559 illatis

141 4591 337 4654 didicerunt.
357 4581 406 4651 Ex
420 4590 482 4652 hoc
497 4605 576 4666 ergo
597 4587 747 4650 noscitur
759 4587 935 4660 accidisse,
991 4583 1116 4647 eisdem
1131 4583 1260 4646 civibus
1273 4587 1507 4664 promulgavit,
1523 4591 1712 4666 Apostolioo
1728 4593 1783 4653 di-

142 4688 228 4766 quod
241 4687 443 4750 venerabilis
456 4687 560 4748 irater
581 4687 695 4749 noster
711 4686 890 4746 Feltrensis
906 4687 938 4746 et
991 4695 1171 4758 gnaremur
1209 4683 1393 4744 munimine
1429 4684 1606 4760 roborare;
1643 4687 1784 4766 ideoque

142 4785 352 4848 Bellunensis
368 4786 542 4861 episcopus
555 4800 616 4860 pro
631 4782 795 4844 Feltrensi
809 4783 843 4844 et
856 4782 936 4843 Bel·
991 4779 1184 4841 discretioni
1208 4780 1327 4841 vestrae
1356 4796 1415 4857 per
1439 4782 1629 4858 apostolica
1660 4785 1784 4863 scripta

142 4882 273 4944 lunensi
309 4879 500 4942 civitatibus
524 4884 693 4942 eteorum
720 4879 873 4941 districtu
895 4895 938 4940 ex
992 4877 1198 4949 mandamus
1233 4878 1394 4953 quatenus
1428 4880 1627 4941 senteutiam
1659 4881 1782 4958 ipsam,

143 4983 237 5056 parte
252 4994 329 5046 una,
340 4981 372 5039 et
386 4976 527 5054 populus
541 4976 735 5038 'tarvisinus
748 4991 806 5054 pro
822 4991 937 5038 eorum
991 4976 1077 5036 sicut
1090 4973 1335 5036 rationabiliter
1345 4977 1395 5036 est
1409 4975 1548 5050 prolata,
1565 4976 1696 5041 faciatis
1710 4997 1787 5043 auo·

144 5077 278 5139 civitate
303 5093 343 5138 ac
367 5073 519 5136 districtu
541 5089 585 5134 ex
609 5074 728 5145 altera,
755 5074 812 5150 qui
837 5089 936 5150 quum
989 5072 1124 5135 toritate
1136 5072 1249 5133 nostra
1262 5087 1366 5148 usque
1376 5071 1419 5132 ad
1429 5072 1690 5137 satisfactionem
1704 5093 1786 5139 con-

144 5173 229 5235 sicut
249 5173 353 5234 vicini
369 5172 492 5238 certius
522 5169 687 5232 noverunt
709 5172 800 5231 tuam
821 5169 937 5248 probi·
991 5169 1136 5246 dignam,
1148 5168 1371 5244 appellatione
1385 5170 1524 5242 remota,
1546 5170 1786 5237 inviolabiliter

143 5269 243 5332 tatem
265 5270 413 5332 attidem
438 5269 478 5331 de
504 5271 537 5330 te
550 5283 610 5346 per
632 5255 696 5328 hoc
709 5267 841 5343 plenius
856 5283 937 5328 con·
991 5255 1174 5336 observari,
1194 5265 1294 5325 nullis
1316 5265 1437 5328 litteris
1451 5267 1585 5330 veritati
1598 5271 1631 5332 et
1645 5273 1787 5350 justitiae

144 5364 291 5438 fidentes,
317 5366 404 5428 siout
432 5382 538 5442 nuper
576 5365 718 5427 relatum
752 5365 802 5424 est
841 5363 936 5424 nobis
992 5362 1286 5439 praejudicantibus
1310 5378 1331 5423 a
1356 5363 1440 5424 Sede
1467 5367 1659 5441 Apostolica
1680 5369 1789 5446 impe-

144 5465 441 5540 compromiserunt
454 5465 532 5525 inte
545 5478 645 5540 super
659 5476 792 5538 guerra,
809 5460 937 5522 discor·
991 5460 1105 5535 tretis3
1122 5459 1248 5537 quodsi
1261 5475 1328 5522 non
1343 5473 1458 5521 omnes
1476 5465 1699 5539 exsequendis
1723 5482 1787 5545 po-

143 5557 210 5633 dia,
225 5562 257 5623 et
269 5560 421 5623 omnibus
431 5561 670 5639 quaestionibus
685 5557 934 5636 temporalibus,
991 5556 1123 5622 tueritis
1137 5557 1311 5632 interesse,
1326 5557 1391 5621 dlro
1405 5561 1605 5622 vestrumea
1619 5562 1788 5630 nibilomi-

287 5705 401 5749 elrson.
421 5705 495 5749 roim
515 5692 562 5748 lv.
1576 5691 1611 5798 id

630 5876 639 5914 t
