4262 6382
768 303 997 368 nrrsronm.
1021 307 1100 368 111.
1123 307 1210 370 vui.
1305 275 1339 361 f

158 309 218 371 669
1742 315 1802 376 670

158 467 276 528 cedere
292 465 507 542 dignaremur
526 464 695 528 licentiam
710 463 973 548 eligendisNos
1004 463 1128 537 161116,
1159 465 1247 528 sicut
1267 480 1307 528 ea
1330 467 1445 530 omnia
1465 482 1539 546 quas
1557 470 1649 546 juste
1678 471 1713 534 et
1745 487 1806 536 ca·

157 565 261 641 igitur
273 564 492 636 attendentes,
508 563 595 641 qnod
619 563 655 625 in
671 563 820 640 partibus
830 563 950 626 1611111
1005 562 1126 624 nonice
1148 562 1337 639 possidetis,
1361 562 1456 626 robis
1483 565 1516 630 et
1549 583 1611 644 per
1639 582 1699 632 161
1729 584 1806 632 mo·

157 663 264 738 magis
279 679 377 739 quam
392 662 473 724 alibi
493 662 717 738 periculosum
737 661 851 722 existit
872 675 950 722 ores
1004 659 1153 724 nestorio
1168 660 1290 733 vestro,
1307 659 1505 724 auctoritate
1518 665 1708 740 apostolica
1724 683 1806 730 con-

157 775 225 821 non
253 759 379 820 habere
402 760 581 837 pastorem,
607 759 647 820 de
662 759 951 820 fratrum-nostro-
1005 756 1176 822 firmamus
1205 758 1238 820 et
1263 759 1438 835 praesentis
1471 761 1587 837 scripti
1618 763 1803 838 patrocinio

156 858 390 926 rumconsilio,
405 856 729 919 discretionivestrae
743 857 951 932 6611116116-
1006 856 1258 918 communimus.
1291 856 1383 918 Nulli
1417 871 1497 932 ergo
1532 858 1619 920 hanc
1647 861 1804 937 paginam

157 955 222 1016 lica
247 955 369 1031 scripta
387 954 593 1025 mandamus
614 954 776 1031 quatenus
796 953 951 1015 invocata
1005 954 1128 1014 nostrae
1144 952 1406 1015 confirmationis
1421 954 1522 1016 liceat
1537 955 1733 1032 intringere,
1750 959 1804 1020 161

158 1052 282 1128 Spiritu
298 1052 412 1112 Sancti
426 1051 535 1128 gratia
550 1053 583 1113 et
598 1050 839 1112 deliberatione
860 1066 951 1127 prae·
1005 1050 1138 1117 eiausu
1155 1049 1334 1111 temerario
1350 1051 1528 1133 contraire.
1546 1052 1581 1112 Si
1597 1055 1670 1130 quis
1693 1055 1803 1116 autem

155 1149 268 1211 habita
295 1149 462 1225 diligenti,
497 1165 572 1210 cum
604 1148 809 1210 venerabilis
836 1148 950 1209 fratris
1005 1145 1068 1206 hoc
1082 1147 1246 1208 6116111616
1261 1149 1526 1226 praesumpserit,
1540 1150 1804 1226 indignationem

155 1246 297 1308 nostri...
311 1246 514 1308 Arelatensis
530 1246 774 1324 archiepiscopi
789 1249 951 1323 metropo-
1005 1245 1240 1320 omnipotentis
1253 1245 1313 1305 Dei
1323 1261 1363 1306 ac
1373 1245 1546 1308 beatorum
1559 1247 1649 1308 Petri
1665 1249 1698 1309 et
1708 1248 1804 1310 Pauli

155 1344 250 1406 litani
264 1345 367 1406 vestri
383 1345 452 1405 61...
467 1344 615 1421 episcopi
625 1343 794 1406 Valentini
810 1343 949 1404 consilio
1005 1341 1229 1416 apostolorum
1256 1345 1329 1420 ejus
1356 1358 1392 1404 se
1421 1344 1551 1406 noverit
1576 1345 1800 1407 incursurum.

154 1457 330 1518 personam
362 1442 527 1514 idoneam,
560 1455 633 1518 qnae
665 1441 756 1502 tanto
789 1441 951 1516 congruat
1005 1438 1124 1500 Datum
1144 1437 1312 1512 Laterani,
1329 1455 1435 1501 nonas
1449 1441 1548 1517 junii,
1569 1457 1656 1503 anno
1672 1443 1801 1506 octavo.

156 1540 250 1601 oneri
277 1541 309 1601 61
336 1539 467 1610 honori,
498 1539 659 1599 canonice
687 1537 780 1601 vobis
809 1539 845 1598 in
866 1539 951 1615 epis·

156 1653 273 1714 copum
288 1636 431 1712 eligatis.
448 1636 567 1700 Datum
582 1636 750 1704 Laterani,
767 1637 811 1696 IV
826 1635 949 1697 kalen-

156 1735 215 1796 das
225 1734 327 1811 junii,
342 1749 430 1795 anno
440 1734 568 1794 octavo.

194 1831 385 1892 Arelatensi
413 1829 663 1908 archiepiscopo
692 1830 763 1892 61...
794 1831 949 1907 episcopo

156 1929 332 1990 Valentino
347 1933 384 1990 ia
407 1931 565 1990 6161616111
588 1929 663 2000 scra
683 1928 947 2004 6616616116-

154 2025 223 2086 turn
239 2025 300 2098 est,
316 2025 428 2085 verbis
445 2024 668 2101 competenter
682 2024 829 2096 mutatis,
843 2037 949 2098 usqae

155 2123 190 2183 in
211 2121 319 2183 fidem.
346 2122 487 2199 Ideoque
511 2120 712 2183 fraternitati
737 2122 857 2182 1611166
890 2137 950 2198 per
1079 2109 1084 2118 ’

152 2221 344 2296 Apostolica
380 2220 504 2296 scripta
538 2218 750 2290 mandamus,
785 2219 949 2296 6116161111

153 2317 329 2378 consilium
341 2317 498 2388 vestrum,
510 2315 596 2393 quod
611 2316 714 2378 veluti
725 2315 948 2393 opportunum

152 2414 358 2490 providimus
382 2413 605 2474 adhibendum
631 2427 733 2491 super
758 2410 948 2494 [electione]

151 2509 335 2572 efficaciter
351 2511 551 2588 impendatis
578 2511 724 2588 capitulo
744 2510 946 2588 supradicto.

151 2609 272 2670 Datum
287 2609 455 2681 Laterani,
487 2610 517 2669 ll
541 2608 703 2670 kalendas
726 2608 827 2686 junii,
859 2623 948 2670 anno

152 2707 284 2768 661616.

1274 1757 1539 1846 CLXXXVIII

1031 1908 1083 1967 Ad
1099 1909 1295 1982 episcopam
1306 1912 1552 1971 Lamcseascm
1566 1911 1600 1971 61
1613 1914 1779 1974 moniales

1216 2015 1251 2075 S.
1267 2015 1370 2075 Petri
1384 2018 1425 2076 alc
1440 2019 1590 2076 Araura.

1306 2145 1324 2202 1
1333 2143 1406 2217 junii
1423 2145 1501 2204 1221.

1098 2265 1247 2332 [biennique
1259 2267 1372 2318 1111116161
1386 2268 1572 2328 Cistercienscs,
1586 2269 1628 2328 IV,
1641 2269 1685 2320 231
1692 2271 1710 2336 .J

1004 2379 1138 2439 Concedit
1160 2388 1191 2439 ut
1214 2383 1355 2441 moniales
1379 2385 1407 2442 S.
1433 2385 1511 2442 Petri
1535 2385 1571 2442 de
1592 2385 1705 2444 Aronca
1728 2387 1805 2460 nigri

1039 2469 1147 2528 ordinis
1161 2470 1260 2530 vivant
1278 2479 1387 2530 mutato
1413 2469 1512 2530 habitu
1531 2473 1584 2532 sub
1603 2474 1805 2534 observatione

1039 2565 1068 2615 et
1082 2557 1260 2616 districtione
1273 2560 1468 2618 cisterciensis
1482 2561 1602 2619 ordinis.

1043 2693 1802 2767 Litteraerestraenobisexhibiteecontinebant,

1004 2789 1090 2866 quod
1105 2806 1180 2852 cum
1195 2791 1433 2853 monasterium
1447 2794 1479 2854 S.
1497 2793 1590 2856 Petri
1602 2794 1643 2856 de
1655 2798 1799 2869 Aronca,

428 2925 673 3013 GCXXXVII

192 3080 245 3140 aa
272 3077 426 3138 abbatam
452 3076 725 3149 concentumque
749 3077 909 3138 Flaboais

216 3174 355 3247 moratis,
371 3173 724 3236 praemonstratenses
739 3175 881 3236 ordiaris.

451 3303 552 3376 {ejunii
568 3301 646 3360 1221.

267 3429 358 3493 [liuga
371 3427 464 3478 Annal.
477 3425 754 3492 Praenonst.,1,prob.
767 3427 835 3492 1151]
864 3479 865 3484 ,

212 3554 396 3615 Confirmatio
407 3553 512 3626 jurium
525 3561 553 3611 et
568 3553 708 3612 bonorum
723 3553 888 3612 monasterii

418 3643 551 3700 Flabonis
566 3641 681 3701 montis.

190 3761 358 3824 Honorius
366 3760 553 3838 episcopus,
562 3776 678 3822 servus
691 3776 863 3822 servorum
874 3761 946 3835 Dei,

150 3859 281 3920 dilectis
297 3859 376 3919 tiliis
390 3857 519 3920 abbatis
539 3859 573 3923 et
592 3857 772 3920 conventui
789 3857 948 3920 Flabonis

150 3957 283 4029 montis,
300 3955 631 4019 praemonstratensis
648 3954 788 4028 ordinis,
805 3955 947 4020 salutem

151 4054 187 4116 et
199 4053 421 4130 apostolicam
436 4052 714 4116 benedictionem.
797 4099 798 4102 ,

1004 2887 1217 2948 Lameoensis
1232 2887 1398 2959 dioecesis,
1415 2889 1498 2952 adeo
1513 2891 1601 2952 esset
1618 2891 1803 2968 collapsum

1003 2982 1039 3044 in
1054 2982 1303 3060 temporalibus,
1321 2985 1354 3047 et
1368 2985 1598 3061 spiritualibus
1614 2989 1650 3050 ut
1665 3002 1732 3051 non
1744 3003 1803 3052 es-

1004 3082 1055 3142 set
1063 3095 1138 3158 spes
1154 3080 1281 3143 ordinis
1296 3081 1383 3158 nigri
1394 3082 1527 3145 habitus
1539 3083 1746 3156 monialium,
1760 3085 1802 3148 ab

1004 3177 1139 3255 antiquo
1170 3178 1293 3240 ibidem
1328 3179 1532 3253 institutum,
1560 3197 1660 3258 possa
1694 3184 1730 3244 in
1763 3197 1803 3246 co

1003 3276 1103 3338 facile
1115 3276 1309 3353 reformari3
1324 3277 1365 3340 ad
1380 3278 1574 3342 instantiam
1590 3279 1712 3345 nobilis
1726 3297 1804 3343 mu-

1003 3375 1096 3436 lieris
1116 3375 1287 3446 Masaldae,
1310 3375 1388 3437 tiliae
1409 3377 1509 3439 clarae
1530 3379 1698 3440 memoriae
1713 3381 1804 3456 regis

1005 3473 1141 3544 sanctii,
1166 3489 1238 3551 quae
1260 3473 1296 3534 in
1320 3489 1360 3535 eo
1375 3477 1432 3551 jus
1449 3475 1576 3537 obtinet
1595 3476 1803 3553 patronatus,

1002 3570 1036 3632 61
1064 3569 1241 3632 abbatissae
1267 3586 1306 3633 ac
1333 3572 1529 3634 monialium
1561 3573 1710 3650 ejusdem
1736 3575 1805 3638 loci

1002 3667 1197 3730 instantiam
1212 3670 1439 3740 concessistis,
1455 3670 1491 3731 ut
1504 3670 1573 3730 tam
1588 3670 1757 3735 abbatissa
1771 3673 1804 3736 61

1002 3765 1166 3826 moniales
1186 3766 1268 3841 ipsae
1293 3781 1392 3842 quam
1417 3766 1600 3829 decaetero
1625 3768 1661 3829 in
1687 3769 1804 3832 eodem

1002 3862 1205 3924 monasterio
1231 3863 1470 3940 reciperentur,
1500 3865 1708 3941 susciperent
1730 3866 1804 3928 Cis·

1001 3959 1179 4023 terciensis
1192 3960 1318 4021 ordinis
1332 3959 1482 4022 instituta
1495 3983 1502 4020 :
1515 3976 1589 4022 eam
1602 3961 1802 4032 libertatem,

1002 4058 1161 4136 quantum
1173 4071 1233 4133 por
1244 4072 1304 4119 vos
1317 4057 1392 4118 tieri
1406 4057 1523 4134 potuit,
1540 4059 1648 4120 eidem
1663 4076 1801 4124 monas-

192 4153 297 4224 Quum
311 4167 332 4212 a
346 4149 442 4212 nobis
457 4150 580 4227 petitur
599 4149 684 4226 quad
697 4148 823 4226 justum
843 4149 894 4212 est
914 4151 949 4212 et
1002 4155 1086 4218 tario
1101 4154 1333 4226 concedentes,
1348 4170 1447 4232 quam
1460 4155 1585 4218 babent
1599 4158 1802 4222 monasteria

150 4249 338 4320 honestum,
355 4249 422 4310 tam
441 4249 537 4323 vigor
558 4247 726 4323 aequitatis
747 4263 846 4324 quam
866 4248 948 4310 ordo
1002 4253 1129 4314 ordinis
1155 4251 1338 4328 supradicti
1356 4253 1392 4313 in
1414 4252 1491 4314 aliis
1516 4253 1715 4318 dioecesibus
1740 4279 1748 4318 :
1770 4259 1804 4322 61

150 4347 258 4422 exigit
275 4346 428 4419 rationis,
446 4347 482 4408 ut
496 4345 528 4406 id
544 4360 603 4422 per
618 4343 876 4406 sollicitudinem
891 4344 946 4407 61-
1002 4351 1157 4428 quoniam
1180 4365 1328 4410 annuum
1343 4365 1479 4412 censum
1496 4367 1557 4413 sex
1571 4367 1751 4416 aureorum
1767 4354 1803 4418 in

151 4444 219 4506 11611
234 4445 340 4506 nostri
355 4444 396 4506 ad
411 4441 556 4507 debitum
571 4443 771 4520 perducatur
781 4441 944 4506 effectum.
1002 4448 1117 4510 eodem
1153 4448 1357 4510 munasterio
1392 4448 1583 4522 habebatis,
1620 4453 1804 4527 proventus

149 4543 349 4618 Eapropter,
372 4541 484 4604 dilecti
504 4542 540 4602 in
562 4540 702 4602 Domino
726 4541 803 4614 11111,
826 4541 946 4603 1611111
1000 4545 1102 4608 trium
1117 4546 1297 4606 cassellum
1310 4546 1634 4624 interminoPaynae
1648 4547 1803 4627 (duorum

145 4639 248 4717 iustis
272 4637 424 4715 precibus
448 4637 613 4709 inclinati,
635 4635 795 4714 personas
818 4639 947 4702 1611161
1002 4642 1131 4704 16111661
1157 4643 1192 4704 in
1216 4643 1307 4716 loce,
1334 4644 1421 4720 quod
1452 4644 1575 4706 dicitur
1601 4646 1741 4718 Peneia,
1772 4646 1805 4710 61

150 4740 183 4800 61
197 4735 435 4800 monasterium
446 4735 481 4796 in
493 4751 557 4812 quo
568 4735 682 4798 divino
698 4736 778 4798 estis
789 4736 946 4814 obsequio
1002 4741 1101 4801 nnius
1113 4741 1149 4802 in
1162 4741 1248 4814 loco,
1261 4741 1347 4817 quod
1361 4741 1485 4803 dicitur
1495 4741 1640 4820 Carasa)
1654 4744 1805 4820 praedicti

149 4833 341 4910 mancipati,
359 4849 433 4894 cum
448 4832 600 4895 omnibus
614 4833 711 4894 bonis
724 4849 797 4911 quae
810 4833 845 4895 in
860 4850 948 4910 prae·
1002 4853 1121 4901 census
1143 4838 1452 4915 recompensatione
1477 4839 1627 4915 recipitis
1642 4861 1650 4900 ε
1665 4855 1801 4904 censum

150 4932 334 4994 sentiarum
362 4928 607 4992 rationabiliter
630 4931 805 5007 possidetis
829 4933 887 4994 aut
911 4932 947 4993 in
1002 4935 1109 5012 ipsum
1128 4937 1287 5012 perpetuo
1299 4935 1505 4997 remittentes
1520 4937 1710 5012 supradicto
1730 4953 1804 5001 mo-

150 5031 297 5093 iuturum
320 5027 421 5106 justis
447 5027 564 5097 modis,
588 5031 766 5103 praestante
794 5030 946 5101 Domino,
1002 5032 1161 5094 nasterio.
1190 5032 1283 5094 Unde
1308 5047 1380 5104 161,
1410 5033 1444 5094 61
1469 5033 1580 5094 dilecti
1610 5033 1673 5095 iiiii
1699 5034 1802 5100 abbas

150 5129 302 5206 poteritis
327 5125 481 5204 adipisci,
498 5124 559 5186 sub
578 5124 667 5187 beati
689 5127 779 5188 Petri
804 5128 836 5188 et
862 5143 946 5188 nos·
1002 5130 1243 5202 Cisterciensis,
1263 5129 1295 5191 ct
1312 5128 1449 5192 abbates
1469 5130 1596 5192 ordinis
1615 5131 1668 5192 sui
1690 5133 1724 5192 in
1739 5149 1803 5209 ge·

150 5228 203 5288 tra
238 5225 444 5302 protectione
484 5221 707 5300 spiscipimus.
750 5224 948 5300 specialiter
1002 5227 1109 5288 nerali
1130 5228 1277 5304 capitulo
1297 5227 1502 5303 congregati,
1519 5228 1616 5291 nobis
1630 5229 1804 5294 humiliter

151 5324 262 5386 autem
283 5321 457 5386 ecclesiam
481 5321 522 5383 de
543 5319 742 5393 bresciane
758 5321 946 5396 Sandicort,
1002 5325 1230 5401 supplicastis,
1258 5326 1295 5386 ut
1328 5325 1413 5401 quod
1447 5337 1547 5402 super
1581 5325 1704 5390 lactum
1740 5329 1802 5400 est,

151 5422 191 5482 de
224 5419 469 5491 Hadonisvilla,
502 5418 542 5480 de
578 5421 721 5491 Boenes,
752 5419 793 5482 de
818 5421 946 5488 Auiier,
1001 5423 1191 5499 apostolico
1203 5421 1364 5484 roborare
1377 5423 1561 5484 munimine
1575 5424 1801 5500 dignaremur.

152 5518 192 5580 de
219 5517 400 5582 Bellodono
437 5517 595 5593 grangias
627 5532 704 5578 cum
734 5517 947 5593 pertinentiis
1002 5521 1071 5582 Nos
1099 5519 1203 5596 igitur
1228 5521 1349 5582 1611111
1377 5521 1410 5582 61
1436 5521 1627 5582 eorumdem
1649 5522 1803 5588 abbatum

152 5614 237 5688 suis;
271 5627 331 5676 nec
359 5629 424 5676 non
447 5615 675 5690 possessiones
705 5616 738 5676 et
766 5615 832 5678 alia
859 5615 946 5678 bona
1002 5617 1155 5693 precihus
1179 5618 1341 5692 inclinati,
1368 5619 1611 5680 ordinationem
1634 5635 1802 5682 saucom-
