4262 6382
322 272 382 334 767

323 427 401 490 filiis
412 427 577 490 universis
588 423 805 488 ecclesiarum
819 426 965 504 praelatis
978 443 1038 504 per
1054 443 1113 489 re-

321 540 423 602 gnum
443 525 592 586 Franciaa
608 523 805 595 constitutis,
823 522 973 595 salutern,
990 524 1052 584 etc.

363 625 469 699 Super
494 636 607 681 muros
621 620 808 682 Jerusalem
824 621 976 682 custodes
1001 620 1111 697 positi,

320 721 443 800 quanto
470 717 721 779 eminentiorem
748 716 915 793 speculam
942 717 1113 792 dignitatis

229 881 232 886 ,
320 816 531 885 attendimus
543 815 636 875 tanto
650 815 685 874 in
696 813 908 875 eminentiori
923 813 1033 874 debito
1045 814 1114 874 sol-

319 913 488 975 licitamur
502 911 615 982 officii,
632 911 668 972 ut
682 909 835 985 vigilanti
853 910 1002 972 custodia
1018 910 1112 970 nobis

320 1009 442 1072 etatiis
458 1008 642 1084 vigilemus,
660 1005 755 1068 nobis
774 1023 904 1084 quoque
928 1023 987 1083 per
1009 1007 1112 1068 meri-

319 1108 400 1178 tum,
416 1106 493 1166 atiis
503 1121 563 1182 per
575 1105 773 1182 exemplum,
791 1107 953 1181 quatenus
963 1104 998 1163 in
1014 1119 1114 1164 cons-

319 1205 417 1282 pactu
427 1204 587 1265 altissimi
603 1203 815 1264 conscientiae
836 1203 962 1278 puritas
977 1214 1113 1262 conser-

318 1301 425 1371 vetur,
443 1301 477 1362 et
496 1300 532 1359 in
545 1299 630 1360 facie
650 1299 793 1375 propriae
817 1297 913 1358 famae
940 1298 1112 1372 integritas

318 1413 386 1460 non
400 1397 552 1458 laedatur.
562 1395 700 1456 Multum
714 1395 802 1455 enim
815 1395 903 1456 cedit
915 1395 955 1454 ad
967 1410 1113 1455 commo-

320 1493 409 1564 dum,
425 1494 460 1554 ut
481 1494 514 1554 et
535 1491 771 1553 conscientiam
787 1491 873 1552 fama
890 1506 956 1551 non
969 1491 1110 1563 deserat,

319 1594 353 1652 et
365 1590 486 1650 famam
500 1587 703 1650 conscientia
720 1587 885 1649 contemni
901 1587 948 1666 (1)
971 1604 1037 1648 non
1052 1605 1113 1648 ex-

317 1689 433 1764 ponat3
451 1686 508 1747 sed
524 1687 633 1763 potius
642 1685 765 1747 mutuis
778 1686 1034 1762 promoveantur
1042 1686 1112 1746 suf-

318 1783 448 1859 fragiis,
465 1783 497 1845 et
512 1783 634 1844 mutuis
645 1780 708 1842 sibi
723 1781 984 1858 promotionibus
996 1781 1113 1842 suffra·

318 1882 466 1958 gantur:
494 1880 740 1958 propterquod
768 1880 804 1940 in
828 1880 974 1941 vestibus
1000 1883 1112 1940 Aaron

270 2033 274 2045 ,
319 1976 1109 2054 malapunicacumtintinnabulisdependebant.

319 2077 436 2146 Porro,
460 2075 536 2134 dum
552 2074 751 2136 attendimus
766 2073 844 2150 quid
867 2090 949 2134 onus
975 2072 1111 2134 honoris

317 2173 487 2248 exposcat,
497 2171 575 2248 quid
586 2171 717 2232 sarcina
728 2161 925 2244 dignitatum
934 2169 1109 2243 desideret,

318 2268 422 2329 multa
443 2282 504 2328 nos
519 2283 598 2328 cura
615 2267 781 2338 sollicitat,
799 2267 909 2328 multae
929 2283 990 2327 nos
1017 2268 1111 2328 solli-

319 2363 476 2426 citudinis
499 2379 656 2439 urgemur
682 2364 853 2436 instantia,
875 2363 1017 2440 qualiter
1043 2367 1110 2425 Deo

318 2461 562 2523 satisfaciamus
575 2462 608 2523 et
628 2460 767 2533 homini,
789 2461 822 2521 et
837 2461 865 2521 si
881 2476 948 2521 non
965 2462 1001 2523 ut
1014 2461 1111 2522 votu-

317 2574 391 2618 mus
415 2559 448 2618 et
462 2557 629 2630 debemus
644 2557 760 2618 saltem
776 2558 874 2634 prout
887 2558 1111 2634 permittimur

317 2655 522 2717 etvatemus.

358 2755 445 2814 Sane
460 2751 581 2812 multos
603 2750 793 2813 multotiens
809 2752 842 2813 et
868 2751 1055 2813 audivimus
1078 2751 1110 2813 et

314 2847 459 2912 vidimus
498 2851 742 2911 murmurantes
775 2850 910 2927 propter
944 2865 1109 2926 expensas

316 2963 398 3024 quas
406 2945 578 3008 venientes
587 2945 627 3006 ad
643 2946 758 3006 Sedem
773 2945 996 3022 Apostolicam
1011 2945 1110 3007 facie·

248 3057 257 3072 ⁸
315 3043 406 3104 bant.
427 3043 556 3104 Scimus
576 3045 686 3104 autem
702 3043 780 3120 quid
800 3059 843 3104 ex
867 3043 990 3104 talibus
1019 3043 1071 3103 inf
1089 3076 1107 3089 -

316 3139 636 3217 rebatpraesumptio
658 3139 897 3215 detractorum;
923 3139 999 3217 quid
1019 3140 1107 3200 labia

316 3237 442 3310 dolosa,
457 3236 535 3314 quid
555 3237 670 3313 lingua
695 3237 906 3313 magniloqua
923 3253 1107 3314 praesume-

314 3333 405 3406 bant,
433 3350 508 3395 curn
535 3335 687 3395 nonnulli
716 3349 887 3396 sermones
912 3335 946 3393 in
976 3333 1107 3410 publico

314 3432 549 3502 monstrantes,
566 3433 600 3492 et
614 3431 781 3492 mittentes
809 3431 1030 3507 periculosius
1053 3433 1107 3507 ja-

315 3528 390 3589 cula
406 3528 441 3588 in
455 3527 594 3598 occulto,
608 3530 790 3589 Romanam
806 3528 993 3588 niterentur
1014 3543 1106 3589 mor-

314 3626 392 3686 dere
415 3624 607 3696 Ecclesiam,
625 3625 732 3700 parati
746 3639 812 3684 non
837 3625 944 3684 solum
968 3640 1007 3685 ea
1034 3642 1106 3702 quae

313 3721 411 3797 vigor
433 3720 585 3798 justitiae,
616 3720 672 3781 sad
707 3720 806 3782 etiam
840 3737 913 3797 quae
944 3719 1106 3797 jndicium

314 3819 492 3895 aequitatis,
517 3833 646 3880 necnon
671 3817 887 3894 benignitatis
903 3819 1011 3894 gratia
1027 3834 1107 3878 con-

313 3915 518 3984 summabat,
547 3909 616 3976 suis
652 3915 877 3976 locutionibus
910 3915 1105 3992 depravare,

312 4013 498 4090 praesertim
522 4011 608 4088 apud
637 4012 770 4088 eosqui
797 4027 896 4072 auras
919 4012 1107 4087 prurientes

312 4109 480 4172 habehant
495 4109 672 4183 etgraves,
698 4111 731 4169 et
748 4108 875 4169 erectas
902 4107 942 4168 ad
970 4109 1105 4169 malum.

311 4207 391 4267 Illos
407 4221 536 4284 quoque
562 4205 597 4266 in
620 4204 741 4266 talibus
764 4205 955 4282 frequenter
978 4207 1107 4282 experti

312 4319 426 4364 sumus
450 4302 634 4372 ostendero,
649 4302 706 4378 qui
731 4301 826 4362 missi
841 4317 1021 4378 procurare
1041 4319 1105 4363 ne-

311 4400 414 4475 gotia,
431 4399 563 4459 dumea
587 4398 743 4474 quasillis
767 4398 808 4458 ad
824 4400 1032 4460 necessarias
1047 4399 1106 4460 de·

311 4496 514 4574 putabantur
525 4511 689 4572 expensas
707 4495 777 4556 suis
801 4495 1025 4572 voluptatibus
1041 4512 1104 4574 ap-

204 4605 210 4621 ‘
311 4592 930 4672 plicabant,admiserabilesubsidium
941 4595 1105 4656 mendacii

310 4692 531 4762 recurrentes,
548 4689 668 4750 alienis
694 4689 841 4750 moribus
866 4691 1102 4767 impingebant,

310 4788 397 4866 quod
409 4789 542 4866 proprie
553 4787 844 4849 defraudaverant.

352 4886 434 4958 Quia
443 4900 522 4946 vero
535 4884 621 4944 iniis
632 4887 747 4945 contra
757 4883 1103 4960 Sedemhpostolicam

310 4983 526 5044 detractionis
544 4980 723 5059 obrepebat
738 4981 881 5050 occasio,
907 4982 940 5042 et
954 4981 1104 5042 ecclesiis

310 5083 344 5143 et
354 5080 571 5142 ecclesiarum
583 5078 731 5157 praelatis
744 5094 873 5139 necnon
884 5079 916 5139 et
926 5077 1002 5138 aliis
1017 5079 1106 5140 vide-

309 5177 407 5239 batur
423 5177 598 5238 imminere
618 5191 811 5252 gravamen,
843 5191 916 5237 curn
945 5175 1104 5237 fratribus

309 5274 434 5336 nostris
456 5273 635 5348 diligenter
654 5273 843 5334 curavimus
866 5271 990 5335 habere
1010 5274 1103 5336 trac·

309 5373 425 5444 tatum,
443 5385 507 5448 quo
529 5369 649 5443 studio,
667 5385 732 5447 qua
754 5370 895 5444 cautela,
921 5372 1103 5433 secundum

346 5571 387 5647 (t)
403 5573 486 5631 Forte
497 5571 682 5645 contemptui.

941 267 1118 332 nonoan
1139 268 1183 330 111
1205 251 1353 330 ornan.

1903 267 1963 330 768

1168 428 1271 487 Deum
1285 425 1759 498 ethomiuemsinvaniremus
1780 423 1815 486 in
1837 423 1961 486 talibus

1169 522 1335 584 salubrem
1352 521 1552 599 provisionis
1575 521 1744 596 effectum3
1767 523 1800 584 et
1813 522 1959 594 tandem,

1168 620 1266 695 prout
1279 619 1418 680 Domino
1429 618 1566 695 placuit,
1582 619 1748 679 communi
1762 621 1795 680 et
1809 619 1961 679 unanimi

1168 715 1407 778 deliberatione
1431 715 1563 776 consilii
1591 731 1660 776 rem
1684 732 1751 776 non
1764 730 1883 776 novam
1898 731 1961 777 nec

1168 813 1454 887 inexcogitatama
1467 812 1765 888 praedecessoribus
1776 812 1898 874 nostris
1909 829 1961 872 su·

1168 925 1240 969 mus
1269 911 1429 984 aggressi,
1457 909 1607 970 volentes
1639 910 1723 985 quod
1753 909 1804 969 illi
1834 908 1960 970 salubri

1167 1005 1307 1067 consitio
1318 1005 1535 1082 providerint,
1553 1005 1680 1067 efficaci
1694 1021 1961 1083 opereconsum-

1167 1117 1259 1164 mare
1279 1103 1459 1164 :videlicet
1481 1104 1517 1164 ut
1531 1102 1572 1163 ad
1588 1119 1670 1180 opus
1697 1103 1792 1163 Sedis
1819 1104 1961 1179 Aposto-

1167 1199 1240 1261 licae
1260 1199 1296 1260 in
1321 1200 1460 1275 singulis
1482 1199 1728 1261 cathedralibus
1756 1200 1908 1260 ecclesiis
1928 1202 1960 1263 et

1167 1296 1243 1356 aliis
1255 1295 1520 1373 praebendalibus
1544 1297 1684 1374 singulae
1700 1296 1886 1373 praebendae
1905 1312 1961 1358 ra-

1168 1395 1352 1462 serventur,
1369 1395 1402 1454 et
1413 1393 1557 1465 interim,
1572 1393 1676 1454 donec
1690 1394 1724 1454 id
1740 1394 1808 1465 liat,
1822 1409 1959 1470 compe-

1166 1490 1273 1550 tentes
1287 1490 1320 1550 in
1331 1489 1537 1551 eisredditus
1548 1491 1770 1566 assignentur.
1782 1493 1819 1552 In
1829 1506 1960 1552 monas·

1166 1587 1260 1648 tariis
1274 1602 1352 1648 vero
1376 1587 1411 1649 at
1424 1587 1555 1648 caeteris
1583 1587 1734 1649 domibus
1748 1587 1958 1663 regularibus

1167 1685 1199 1745 et
1209 1684 1285 1744 aliis
1295 1683 1479 1760 collegiatis
1491 1685 1653 1756 ecclesiis,
1666 1700 1797 1744 necnon
1810 1683 1958 1746 debonis

1166 1780 1407 1857 episcoporum,
1439 1783 1618 1843 secundum
1650 1782 1824 1844 facultates
1866 1797 1955 1853 suas,

1166 1879 1413 1940 constituantur
1447 1879 1530 1940 certi
1572 1878 1720 1940 redditus
1762 1878 1957 1955 praebendas

1166 1975 1346 2050 aequantes,
1366 1990 1504 2052 quorum
1526 1977 1706 2052 proventus
1723 1976 1758 2037 in
1783 1991 1958 2037 commune

1165 2073 1301 2148 recepti,
1315 2073 1382 2134 tam
1398 2074 1432 2133 in
1447 2075 1579 2134 nostras
1597 2089 1695 2150 quarn
1717 2073 1857 2135 fratrum
1879 2089 1959 2134 nos-

1165 2169 1290 2229 trorum
1305 2169 1533 2243 necessitates,
1552 2171 1810 2248 capellanorum,
1827 2187 1958 2233 necnon

1165 2267 1385 2338 cancellariae,
1403 2268 1626 2340 ostiariorum,
1643 2268 1851 2344 aliorumque
1863 2268 1957 2330 Sedis

1165 2362 1362 2439 Apostolicae
1376 2363 1580 2430 officialium,
1595 2367 1840 2437 convertantur,
1858 2367 1894 2427 ut
1909 2366 1957 2426 sic

1165 2463 1199 2521 et
1210 2461 1423 2536 provideatur
1444 2463 1567 2524 nostris
1584 2463 1618 2522 in
1641 2463 1718 2524 vitae
1744 2463 1954 2536 necessariis,

1165 2557 1198 2618 et
1209 2558 1313 2633 gratis
1329 2558 1481 2618 omnibus
1496 2559 1606 2620 omnia
1620 2575 1679 2637 pro
1695 2559 1956 2637 quibuscumque

1164 2654 1373 2716 venientibus
1398 2657 1539 2731 negotiis
1562 2657 1807 2732 ministrentur3
1830 2673 1891 2718 nec
1914 2657 1958 2719 sit

1165 2753 1219 2828 qui
1232 2767 1291 2828 per
1305 2768 1341 2812 se
1352 2753 1404 2814 vel
1418 2769 1477 2829 per
1489 2754 1603 2826 alium,
1613 2770 1770 2832 expresse
1782 2755 1835 2816 vel
1843 2755 1954 2828 tacite,

1164 2849 1289 2926 aliquid
1302 2849 1415 2925 exigat
1425 2851 1477 2911 vel
1489 2851 1588 2912 etiarn
1602 2853 1718 2928 sponte
1732 2851 1843 2914 oblata
1863 2853 1955 2914 reci-

1162 2946 1243 3022 piat,
1258 2947 1388 3026 praeter¹
1398 2947 1486 3009 villae
1503 2947 1550 3026 (2)
1564 2949 1729 3009 redditum
1745 2951 1954 3011 consuetum.

1164 3043 1297 3114 Quodsi
1312 3046 1386 3122 quis
1397 3045 1569 3106 Gieziacus
1580 3048 1680 3108 tautae
1696 3047 1869 3123 cupiditati
1882 3047 1958 3108 ani-

1163 3156 1250 3200 mam
1263 3141 1399 3203 audebit
1407 3159 1585 3218 exponere,
1595 3143 1696 3206 tantae
1707 3159 1812 3220 poenae
1824 3145 1957 3206 duritiae

1163 3236 1356 3313 subjacebit,
1372 3239 1469 3315 quod,
1492 3242 1615 3316 praeter
1629 3240 1770 3316 publicae
1786 3241 1958 3302 confusio-

1163 3334 1215 3394 nis
1231 3333 1455 3411 opprobrium,
1468 3336 1598 3413 culpam
1610 3337 1646 3398 in
1658 3353 1755 3414 poena
1767 3339 1955 3413 cognoscet.

1163 3431 1243 3503 Quis
1265 3432 1369 3506 igitur
1395 3431 1499 3494 frater
1526 3433 1654 3510 gratiae,
1672 3435 1746 3512 quis
1771 3435 1956 3497 devotionis

1162 3527 1261 3600 tilius,
1277 3529 1351 3605 quis
1371 3530 1484 3606 sponsi
1510 3532 1543 3593 et
1569 3547 1700 3609 sponsae
1728 3533 1881 3606 dilectus,
1912 3535 1955 3594 ad

1161 3625 1351 3702 hujusmodi
1359 3628 1481 3688 statum
1494 3629 1644 3690 ecclesiae
1655 3628 1794 3691 consilio
1811 3631 1845 3692 et
1857 3615 1957 3692 auxi-

1162 3722 1207 3783 lio
1229 3738 1294 3784 non
1310 3725 1480 3799 assurget?
1494 3740 1537 3786 an
1553 3741 1619 3786 non
1645 3725 1733 3798 licet,
1758 3743 1826 3788 non
1849 3727 1954 3802 decet,

1162 3835 1228 3880 non
1242 3820 1385 3897 expedit,
1403 3822 1439 3882 ut
1453 3821 1501 3882 sic
1512 3821 1589 3883 tiliae
1611 3823 1762 3902 dextram
1784 3825 1957 3901 porrigant

1161 3916 1203 3978 ad
1232 3916 1381 3978 subsidia
1417 3918 1544 3991 matris,
1574 3937 1647 3996 quae
1683 3920 1956 3998 occupationibus

1161 4014 1273 4076 multis
1287 4015 1319 4076 et
1334 4017 1462 4091 magnis
1481 4016 1664 4079 involvitur
1685 4035 1743 4095 pro
1768 4021 1954 4081 necessita-

1161 4111 1248 4173 tibus
1264 4112 1555 4174 filioruthonne
1571 4113 1602 4175 id
1619 4115 1832 4192 quamplures
1847 4117 1957 4178 eccle·

1161 4207 1286 4269 siarum
1312 4210 1453 4286 praelati,
1471 4211 1650 4289 magnique
1671 4213 1852 4274 testimonii
1878 4213 1953 4286 viri,

1160 4307 1308 4380 tempore
1353 4308 1521 4383 generalis
1551 4307 1713 4378 Concilii,
1753 4309 1956 4372 suadebant?

1160 4403 1278 4464 Nonne
1292 4403 1331 4463 ad
1349 4403 1380 4464 id
1396 4405 1463 4465 toto
1477 4404 1676 4466 videbantur
1684 4405 1849 4468 desiderio
1864 4407 1956 4484 aspi-

1160 4501 1254 4560 raret
1268 4502 1359 4561 Tunc
1371 4502 1482 4562 tamen
1497 4501 1598 4562 Sedes
1613 4503 1803 4578 Apostolica
1815 4503 1952 4577 distulit,

1160 4612 1201 4658 ne
1217 4596 1437 4658 videreturad
1451 4597 1514 4659 hoc
1536 4599 1714 4660 concilium
1729 4615 1896 4662 evocasse.

1199 4695 1249 4756 Ne
1276 4693 1377 4770 igitur
1404 4697 1471 4756 tam
1500 4696 1558 4772 pii,
1580 4697 1647 4758 tam
1665 4697 1771 4759 sancti
1794 4699 1954 4774 propositi

1150 4791 1398 4852 ¹consummatio
1413 4792 1611 4866 retardetur,
1629 4810 1688 4870 per
1702 4795 1788 4872 quod
1804 4811 1954 4857 crescere

1159 4888 1280 4965 poterit
1294 4887 1393 4949 decor
1417 4890 1573 4950 Ecclesiae
1593 4890 1665 4962 Dei,
1686 4891 1856 4969 multaque
1870 4893 1953 4953 sub-

1158 4983 1246 5045 trahi
1258 4985 1389 5046 occasio
1398 4984 1605 5060 detranendi,
1618 4987 1868 5051 universitatem
1883 5006 1955 5052 ves·

1158 5081 1243 5142 tram
1262 5095 1444 5155 monemus,
1467 5099 1622 5160 rogamus
1635 5087 1669 5147 et
1683 5087 1900 5148 exhortamur
1918 5087 1953 5150 in

1158 5179 1309 5251 Domino,
1327 5195 1386 5255 per
1400 5181 1591 5257 apostolica
1611 5183 1733 5259 scripta
1748 5183 1842 5244 vobis
1858 5200 1954 5244 man-

1158 5275 1286 5347 dantes,
1311 5278 1484 5353 quatanus,
1514 5278 1556 5339 ad
1580 5280 1810 5341 executionem
1836 5281 1952 5356 provi-

1158 5373 1262 5434 sionis
1295 5373 1510 5451 hujusmodi,
1534 5377 1603 5437 tam
1637 5377 1670 5436 in
1707 5365 1952 5439 cathedralibus

1194 5571 1235 5648 (Ξ)
1250 5576 1333 5632 Forte
1347 5575 1412 5632 vite.
