4274 6388
181 319 240 379 aar
796 305 1024 380 amaruan.
1047 320 1125 380 nna.
1149 307 1218 380 vri.
1332 290 1335 304 '
1760 319 1820 380 aaa

181 476 410 554 persequatur.
423 479 498 540 Jam
513 462 629 539 revera
642 477 750 554 ipsum
760 477 820 540 Dei
832 460 975 540 latemur
1029 477 1173 554 plorare,
1186 478 1222 538 nt
1236 491 1367 553 semper
1381 477 1434 550 sit,
1456 477 1655 557 ubicumque
1669 475 1821 540 ambula-

181 573 440 645 athletam,cum
461 574 502 635 ad
520 574 754 636 vindicandum
779 576 974 651 sanguinem
1028 575 1115 636 verit
1129 575 1209 651 ipse,
1226 589 1349 646 secum,
1366 576 1399 635 et
1421 575 1457 634 in
1482 579 1643 637 aeternum
1672 573 1821 636 stabiliat

182 670 300 732 christi
320 674 404 748 ejus,
421 672 477 749 qui
495 669 535 732 de
548 673 638 732 terra
654 671 776 734 elamat
797 673 972 749 adipsum,
1028 687 1167 747 regnum
1183 687 1290 744 suum,
1303 669 1541 748 iaciatquesibi
1552 687 1671 734 nomen
1681 671 1818 748 grande,

180 767 351 843 regalibus
366 767 507 844 negotiis
518 768 751 844 praetermissis
763 769 923 832 intendat.
1028 783 1068 830 ao
1084 767 1124 828 ab
1135 767 1287 829 omnibus
1298 768 1441 828 inimicis
1455 769 1524 828 suis
1537 769 1569 829 ei
1583 769 1731 847 requiem
1746 768 1818 829 lar-

219 864 341 927 Audito
362 864 494 941 quidem
516 879 560 925 ex
576 865 695 928 litteris
717 867 848 938 vestris,
875 882 974 943 qnam
1028 865 1150 940 giatur.
1166 881 1185 924 s
1199 863 1298 928 Addit
1311 867 1347 927 ut
1365 864 1607 942 parricidarum
1628 867 1746 938 terras,
1764 865 1821 944 qui

181 961 426 1022 abhorrendum
441 960 582 1034 facinus,
599 978 762 1041 quamque
782 962 975 1025 detestabile
1029 976 1065 1023 se
1080 962 1227 1039 episcopi
1240 962 1330 1023 caede
1348 961 1576 1039 inquinarunt,
1594 961 1821 1024 ecclesiastico

181 1057 305 1118 malum
318 1057 441 1118 dudum
463 1058 507 1119 sit
534 1059 569 1119 in
593 1073 696 1134 regno
719 1075 780 1120 suo
795 1060 973 1136 patratum,
1030 1058 1205 1120 interdicto
1221 1057 1353 1130 feriant,
1370 1060 1475 1119 donec
1488 1059 1553 1120 rite
1568 1057 1609 1120 ab
1633 1059 1676 1119 lis
1695 1060 1821 1121 crimen

181 1154 444 1230 nosterexpavit
460 1155 601 1227 animus,
629 1170 686 1216 cor
708 1157 916 1228 contremuit,
943 1159 976 1218 et
1029 1155 1198 1232 expiatum
1229 1154 1339 1216 luerit.
1374 1158 1492 1218 Datum
1523 1155 1689 1228 Laterani,
1711 1155 1822 1216 idibus

182 1265 281 1314 aures
294 1267 336 1313 ex
357 1252 462 1328 ipsius
486 1251 708 1313 horribilitate
734 1252 893 1314 facinoris
908 1253 976 1315 tin·
1029 1251 1200 1325 februarii,
1217 1251 1429 1330 pontificatus
1446 1254 1552 1314 nostri
1567 1269 1655 1314 anno
1668 1253 1818 1330 septimo.

181 1349 325 1410 nierunt.
344 1348 406 1410 Sed
417 1365 461 1410 ex
474 1351 664 1411 earumdem
679 1349 867 1412 litterarum
880 1351 976 1412 intel-

182 1445 268 1508 lecto
278 1447 405 1519 tenore,
416 1461 514 1523 quam
527 1447 677 1508 animose
691 1447 778 1509 idem
793 1463 854 1510 rex
864 1448 975 1509 insur-

182 1544 310 1606 rexerit
338 1545 453 1606 contra
486 1544 586 1621 hujus
614 1544 750 1606 sceleris
777 1543 973 1623 patratores,
1346 1544 1503 1636 LXXXI

181 1639 339 1714 dolorem,
354 1655 450 1718 quem
466 1641 561 1703 nobis
582 1639 660 1704 iacti
675 1642 834 1704 atrocitas
850 1642 973 1714 intulit,

181 1753 243 1815 pro
256 1755 377 1814 magna
392 1741 487 1816 parte
501 1741 666 1800 sensimus
679 1755 722 1801 ex
732 1755 792 1800 sua
803 1739 975 1817 diligentia

181 1835 379 1911 mitigatum.
390 1836 521 1898 Eaedem
532 1852 612 1897 sane
624 1837 972 1908 litteraecontinebant,
1306 1825 1341 1882 ²⁶
1355 1826 1450 1882 martii
1470 1825 1548 1884 ¹²²3·

182 1933 269 2010 quod
291 1933 364 1995 orta
387 1933 475 1995 inter
499 1933 687 1995 recolendae
713 1935 882 1996 memoriae
907 1937 972 1996 A...
1030 1943 1822 2015 [neuquet‚aaeueilaasnna.rr1x,praenominavit,

183 2029 422 2092 cathenensem
446 2031 636 2108 episcopum
660 2031 819 2108 exparte
842 2047 919 2104 una,
942 2036 975 2094 et
1354 2026 1428 2091 epist.
1439 2027 1492 2092 ⁷⁰-l

181 2127 402 2203 parochianos
424 2143 501 2189 suos
518 2143 561 2188 ex
582 2128 698 2200 altera,
716 2143 816 2204 super
836 2129 973 2212 decimis
1028 2131 1163 2190 Pactione
1182 2147 1247 2190 eum
1268 2131 1418 2190 Frederico
1434 2135 1468 2202 ll,
1488 2135 1680 2192 Romanorum
1695 2135 1818 2207 impera·

181 2223 303 2285 etaliis
323 2225 539 2286 cathenensis
556 2225 706 2286 ecclesiae
723 2225 857 2302 jnribus
871 2243 976 2303 quaes·
1063 2227 1133 2288 tore,
1164 2219 1237 2277 sicta
1268 2227 1298 2278 ut
1330 2221 1440 2278 cladem
1463 2223 1599 2279 Damieioe
1618 2236 1633 2279 θ
1654 2223 1822 2281 christianis

180 2319 282 2391 tione,
309 2320 449 2397 ipsaque
472 2321 506 2381 in
533 2322 711 2398 praesentia
739 2323 828 2398 regis
853 2322 972 2399 ipsius,
1064 2315 1211 2380 lssoelllffi
1240 2323 1373 2384 ‘Olmie
1409 2310 1456 2367 1¹¹0
1483 2318 1611 2380 0⁰⁰⁶1¹¹b
1648 2311 1820 2384 Philippum,

181 2416 402 2479 mediantibus
416 2417 611 2494 quibusdam
627 2419 778 2497 personis
791 2419 973 2481 ecclesias·
1064 2411 1145 2498 ‘58¹¹'
1161 2399 1344 2466 Ff³⁰⁰⁰f¹¹ffl2
1357 2405 1385 2456 0¹
1398 2399 1469 2499 F¹i⁰⁸
1482 2413 1573 2500 leals·
1587 2399 1714 2458 h⁰¹¹⁰¹uf
1729 2403 1823 2459 ³⁰⁰⁰·

180 2512 257 2574 ticis
271 2513 439 2576 amicabili
459 2515 697 2591 compositione
719 2515 838 2592 sopita,
871 2517 966 2578 rede·
1063 2500 1123 2543 '¹¹¹⁸
1134 2483 1171 2542 θα
1185 2499 1264 2542 ⁸¹¹¹¹³
1277 2501 1328 2560 ΡΝ
1342 2485 1452 2546 Chf¹⁸¹⁰
1470 2487 1660 2560 ⁸⁰⁵⁰¹P¹⁰¹¹d⁸·

181 2611 260 2672 unte
292 2609 426 2672 tandem
457 2613 612 2688 episcopo
645 2612 717 2689 ipsc
748 2612 789 2674 ad
826 2614 971 2689 propria,
1068 2611 1821 2690 Honoriusepiscopus...carissimoinChristo

180 2707 319 2785 ipsoque
331 2723 409 2785 rege
424 2709 459 2770 in
478 2709 633 2784 Angliam
662 2725 722 2786 pro
745 2710 860 2771 arduis
878 2710 973 2786 regni
1029 2707 1097 2768 illio
1109 2709 1180 2784 regi
1196 2711 1410 2783 Francorum,
1428 2711 1580 2784 salutem,
1598 2712 1660 2773 etc.

181 2805 234 2865 sui
246 2805 388 2882 negotiis
410 2807 620 2883 properante,
638 2807 739 2868 iidem
763 2807 972 2884 parochiani,
1067 2807 1181 2868 Justus
1195 2807 1355 2867 Dominus
1370 2808 1405 2867 in
1417 2807 1568 2868 omnibus
1581 2807 1645 2870 viis
1661 2809 1743 2880 suis,
1761 2809 1816 2886 qui

179 2903 337 2979 tanquam
352 2905 432 2965 moti
447 2904 609 2965 adversus
624 2920 712 2976 enm,
728 2903 807 2981 quia
823 2905 973 2966 ecclesiae
1028 2902 1207 2979 unicuique
1218 2918 1277 2979 pro
1296 2904 1594 2980 meritiscondigna
1604 2903 1820 2967 retributione

180 3014 250 3060 suae
266 3015 399 3062 causam
415 3001 529 3076 egerat
547 3001 662 3062 contra
681 3003 783 3077 ipsos,
807 3001 842 3062 in
857 3001 972 3078 pasto·
1028 2999 1215 3075 respondet,
1243 3001 1332 3062 circa
1362 3002 1530 3077 negotium
1552 3005 1664 3064 Terrae
1689 3004 1819 3066 Sanctae

180 3111 252 3158 rem
263 3097 353 3173 pium
366 3098 596 3174 lupirapaceS,
608 3098 780 3174 inpetrem
794 3097 974 3174 degeneres
1029 3112 1120 3173 spem
1161 3097 1274 3174 populi
1307 3097 1486 3159 Christiani
1523 3098 1605 3161 fovit
1641 3101 1820 3178 aliquando

180 3193 254 3266 lilii,
272 3210 311 3256 ac
337 3195 370 3254 in
394 3195 555 3255 christum
571 3195 703 3255 Domini
724 3194 848 3258 diaboli
867 3195 972 3257 satel-
1028 3194 1206 3271 prosperis,
1224 3195 1256 3257 et
1276 3193 1441 3256 interdum
1458 3195 1642 3258 debilitavit
1656 3197 1817 3259 adversis.

180 3289 257 3352 lites
273 3292 450 3364 irruentes,
467 3293 542 3352 eum
563 3291 710 3353 vestibus
726 3292 869 3368 propriis
891 3308 972 3370 spo·
1029 3291 1225 3367 Oquantum
1243 3291 1448 3353 Christicolis
1471 3291 1648 3356 videbatur
1671 3295 1821 3357 arridere

180 3387 309 3459 liatum,
326 3403 458 3460 caesum,
483 3388 676 3465 lapidatum,
702 3391 735 3450 et
748 3388 884 3467 bipenni
899 3391 975 3452 vul·
1028 3389 1241 3465 prosperitas!
1255 3391 1279 3452 0
1291 3391 1449 3466 quantum
1463 3389 1616 3452 illuxisse
1624 3391 1824 3454 credebatur

180 3485 333 3546 neretum
358 3484 398 3545 ad
424 3487 574 3558 mortem,
598 3487 633 3546 in
655 3487 796 3564 coquina
825 3487 971 3564 propria,
1028 3485 1181 3547 fidelibus
1231 3485 1378 3547 felicium
1425 3503 1547 3548 aurora
1591 3504 1817 3564 successuum,

180 3583 252 3658 ejus
268 3581 421 3644 interitus
432 3582 642 3651 nimisavidi‚
652 3583 894 3646 cremaverunt.
902 3587 975 3646 Rex
1028 3583 1158 3659 quando
1174 3583 1479 3659 crucesignatorum
1504 3585 1671 3647 exereitus
1691 3589 1822 3665 AEgyp-

179 3692 260 3740 vero
276 3677 434 3755 praelatus
449 3681 502 3756 qui
518 3679 731 3756 proficiscens
751 3681 786 3740 in
807 3680 970 3757 angliam,
1027 3681 1096 3742 tum
1108 3680 1318 3756 aggrediens,
1348 3684 1422 3758 post
1435 3681 1554 3742 turrim
1580 3687 1721 3758 captam,
1747 3687 1824 3761 post

175 3775 247 3852 jam
262 3775 304 3836 ad
319 3776 468 3837 extrema
483 3775 579 3852 regni
604 3777 655 3837 sui
671 3778 880 3854 pervenerat,
909 3778 973 3839 hoo
1027 3778 1203 3839 transitum
1218 3777 1376 3850 fluminis,
1398 3780 1471 3854 post
1494 3777 1606 3840 hostes
1628 3780 1819 3856 exterritos,

180 3871 293 3934 audito
308 3871 433 3940 dolens,
451 3873 483 3934 et
499 3873 648 3935 extante
662 3875 880 3949 perversitate
899 3891 974 3936 soe-
1027 3875 1062 3935 in
1073 3874 1341 3936 adversariorum
1357 3873 1554 3936 stationibus
1563 3876 1674 3937 castra
1689 3876 1772 3949 lixit,
1787 3879 1821 3942 et

179 3969 260 4030 leris
276 3969 500 4042 conturbatus,
518 3970 557 4031 ad
575 3970 811 4032 vindicandum
823 3972 890 4033 tam
902 3988 973 4033 cru·
1027 3971 1223 4042 Damiatam,
1238 3985 1312 4047 quae
1333 3971 1435 4032 robur
1449 3972 1648 4035 censebatur
1670 3975 1818 4052 AEgypii,

178 4065 287 4128 delem
309 4065 456 4143 episcopi
484 4065 563 4128 dicti
585 4069 736 4139 mortem,
763 4069 795 4130 et
820 4067 861 4130 ad
886 4070 973 4131 male
1028 4067 1120 4127 duris
1140 4067 1323 4128 obsidionis
1342 4068 1505 4144 angustiis
1530 4072 1727 4134 coarctavit!
1754 4074 1819 4135 Res

179 4163 382 4239 perdendum
397 4163 514 4235 malos,
534 4164 590 4241 qui
610 4164 760 4225 eumdem
781 4165 973 4242 episcopum
1028 4164 1159 4241 quidem
1172 4161 1333 4240 agebatur
1347 4165 1511 4239 miraculi,
1534 4184 1633 4244 quum
1647 4171 1817 4244 Dominus,

179 4259 228 4320 sic
240 4259 463 4337 perdiderant,
475 4276 610 4336 prorsus
623 4261 766 4334 omissis,
779 4279 852 4340 quae
864 4263 972 4339 ipsum
1028 4262 1085 4339 qni
1112 4261 1214 4337 elegit
1236 4261 1369 4324 infirma
1397 4263 1512 4325 mundi
1541 4267 1577 4328 ut
1602 4267 1822 4330 confunderet

181 4355 365 4429 trabebant,
382 4356 535 4432 negotiis,
550 4371 586 4417 se
601 4358 750 4434 protinus
770 4359 972 4420 exercitibus
1027 4357 1140 4431 fortia,
1159 4358 1326 4420 civitatem
1342 4362 1581 4437 expugnationi
1597 4363 1765 4426 difficilem
1780 4381 1820 4427 eo

178 4453 249 4514 suis
277 4453 425 4515 collectis
460 4453 618 4525 accinxit,
649 4455 762 4531 aperte
796 4455 972 4517 insinuans
1027 4456 1175 4532 tempore
1199 4455 1336 4518 tradidit
1361 4458 1554 4534 gerentibus
1581 4458 1703 4522 bellum
1735 4465 1818 4540 ejus,

178 4551 265 4629 quod
293 4567 368 4612 eum
394 4550 518 4628 injuria
547 4549 670 4614 Christi
695 4552 806 4628 angat,
837 4554 870 4614 et
903 4569 971 4614 suae
1027 4569 1091 4630 quo
1114 4552 1304 4615 invaluerat
1318 4555 1458 4616 multum
1479 4557 1583 4632 partis
1598 4558 1746 4620 adversae
1760 4575 1822 4636 po-

177 4647 303 4710 zeletur
323 4647 474 4710 ecclesiae
489 4648 677 4710 libertatem
702 4664 761 4726 pro
786 4652 883 4727 cujus
910 4651 971 4711 de·
1011 4641 1142 4720 tentia,
1166 4651 1200 4712 et
1224 4650 1441 4714 abbreviatus
1461 4653 1534 4714 erat
1559 4669 1627 4714 non
1653 4656 1819 4717 modicum

178 4745 330 4808 tensione
357 4747 496 4807 mortem
520 4744 622 4809 subiit
645 4746 820 4823 episcopus
842 4763 971 4809 memo·
1026 4749 1214 4810 nostrorum
1243 4765 1402 4809 numerus
1428 4747 1637 4811 bellatorum.
1670 4751 1826 4815 Habebat

178 4845 283 4906 ratus.
1026 4847 1137 4906 autem
1158 4845 1193 4906 in
1217 4846 1270 4906 his
1291 4846 1493 4906 universitas
1520 4847 1708 4909 Christiana
1733 4849 1828 4918 unde

218 4941 321 5002 ‹Nos
334 4955 413 5017 ergo
431 4941 528 5018 Juxta
545 4941 800 5018 postulationem
813 4946 970 5014 vestram,
1026 4941 1246 5018 praetenderet
1274 4941 1369 5018 quasi
1393 4944 1492 5003 certae
1514 4945 1584 5019 spei
1610 4943 1764 5005 fiduciam
1786 4945 1821 5007 in

177 5038 284 5115 ipsius
304 5038 394 5113 regis
410 5053 511 5115 super
531 5038 594 5099 hoc
621 5040 853 5102 excellentiam
881 5056 970 5102 com·
1026 5037 1190 5112 futurum3
1213 5054 1339 5112 verum,
1360 5039 1613 5100 succedentibus
1638 5043 1819 5120 prosperis,

177 5135 382 5207 mandantes,
395 5151 434 5196 ac
450 5138 687 5213 prosequentes
699 5137 884 5199 actionibus
899 5153 972 5214 gra·
1025 5135 1169 5197 victores
1191 5134 1285 5198 obliti
1314 5151 1433 5197 nomen
1456 5135 1587 5197 Domini
1613 5139 1687 5214 post
1700 5139 1823 5202 trium-

177 5233 311 5305 tiarum,
329 5250 405 5295 enm
420 5249 479 5310 per
493 5235 616 5310 scripta
641 5237 754 5296 nostra
769 5235 969 5307 monuimus
1027 5232 1137 5310 phum,
1151 5232 1226 5295 dato
1241 5232 1421 5294 virtutibus
1437 5233 1551 5293 libello
1571 5236 1713 5312 repudii,
1735 5253 1826 5300 con-

177 5331 214 5392 ut
228 5333 432 5408 assumptum
443 5333 648 5408 propositum
664 5331 846 5394 ulciscendi
862 5334 972 5394 Decet
1025 5332 1159 5392 traxere
1182 5347 1255 5390 cum
1271 5330 1373 5401 vitiis,
1391 5331 1476 5406 quod
1490 5331 1727 5395 detrahebatur
1744 5333 1829 5397 ildei·

177 5427 334 5490 Ecclesiae
347 5445 448 5504 super
461 5427 524 5489 hoo
539 5428 667 5490 illatam
682 5421 851 5506 injuriam,
869 5428 973 5490 uleis—
1025 5427 1083 5488 ubi
1096 5427 1309 5489 convertendi
1330 5426 1462 5491 fuerant
1477 5429 1640 5502 infideles,
1667 5434 1700 5492 et
1715 5435 1829 5509 major

177 5525 282 5587 condo
296 5526 410 5588 taliter
423 5529 656 5603 prosequatur,
673 5525 758 5604 qnod
771 5542 831 5604 pro
845 5543 884 5588 eo
899 5528 971 5604 ipsa
1025 5526 1098 5588 erat
1108 5525 1318 5602 peccatorum
1326 5525 1514 5596 commissio
1526 5527 1581 5588 ubi
1593 5529 1699 5604 major
1708 5529 1823 5592 remis·

178 5623 332 5684 teneatur
359 5624 508 5686 Ecclesia
533 5623 593 5684 Dei
620 5623 883 5686 misericordiam
907 5624 972 5685 im·
1027 5621 1295 5700 siosperabatur.

1100 1695 1152 1754 Ad
1170 1697 1367 1770 Philippum
1385 1710 1504 1772 repam
1518 1661 1745 1758 Francorum.
