<?xml version="1.0" encoding="UTF-8"?>
<!DOCTYPE html PUBLIC "-//W3C//DTD XHTML 1.0 Transitional//EN"
    "http://www.w3.org/TR/xhtml1/DTD/xhtml1-transitional.dtd">
<html xmlns="http://www.w3.org/1999/xhtml" xml:lang="en" lang="en">
 <head>
  <title>
</title>
<meta http-equiv="Content-Type" content="text/html;charset=utf-8" />
  <meta name='ocr-system' content='tesseract 3.04.00' />
  <meta name='ocr-capabilities' content='ocr_page ocr_carea ocr_par ocr_line ocrx_word'/>
</head>
<body>
  <div class='ocr_page' id='page_1' title='image "./mediiaevibiblio00unkngoog_0276.png"; bbox 0 0 4258 6394; ppageno 0'>
   <div class='ocr_carea' id='block_1_1' title="bbox 318 263 1344 340">
    <p class='ocr_par' dir='ltr' id='par_1_1' title="bbox 318 263 1344 340">
     <span class='ocr_line' id='line_1_1' title="bbox 318 263 1344 340; baseline -0.005 -11"><span class='ocrx_word' id='word_1_1' title='bbox 318 274 378 340; x_wconf 81' lang='grc'><strong>507</strong></span> <span class='ocrx_word' id='word_1_2' title='bbox 931 263 1108 326; x_wconf 85' lang='lat' dir='ltr'>HONORII</span> <span class='ocrx_word' id='word_1_3' title='bbox 1130 263 1175 324; x_wconf 85' lang='lat'><strong>111</strong></span> <span class='ocrx_word' id='word_1_4' title='bbox 1197 265 1344 332; x_wconf 78' lang='lat' dir='ltr'>OPERA.</span> 
     </span>
    </p>
   </div>
   <div class='ocr_carea' id='block_1_2' title="bbox 318 422 1111 510">
    <p class='ocr_par' dir='ltr' id='par_1_2' title="bbox 318 422 1111 510">
     <span class='ocr_line' id='line_1_2' title="bbox 318 422 1111 510; baseline -0.018 -10"><span class='ocrx_word' id='word_1_5' title='bbox 318 433 441 506; x_wconf 77' lang='lat' dir='ltr'><strong>vando,</strong></span> <span class='ocrx_word' id='word_1_6' title='bbox 452 431 500 496; x_wconf 86' lang='lat' dir='ltr'><strong>ita</strong></span> <span class='ocrx_word' id='word_1_7' title='bbox 511 429 598 510; x_wconf 84' lang='lat' dir='ltr'><strong>quod</strong></span> <span class='ocrx_word' id='word_1_8' title='bbox 613 443 673 507; x_wconf 86' lang='lat' dir='ltr'><strong>per</strong></span> <span class='ocrx_word' id='word_1_9' title='bbox 685 427 874 506; x_wconf 72' lang='lat' dir='ltr'><strong>promptam</strong></span> <span class='ocrx_word' id='word_1_10' title='bbox 885 422 1111 488; x_wconf 69' lang='lat' dir='ltr'>obedientiam</span> 
     </span>
    </p>
   </div>
   <div class='ocr_carea' id='block_1_3' title="bbox 319 520 1961 603">
    <p class='ocr_par' dir='ltr' id='par_1_3' title="bbox 319 520 1961 603">
     <span class='ocr_line' id='line_1_3' title="bbox 319 520 1961 603; baseline -0.007 -7"><span class='ocrx_word' id='word_1_11' title='bbox 319 532 477 603; x_wconf 59' lang='lat' dir='ltr'><strong>vescam,</strong></span> <span class='ocrx_word' id='word_1_12' title='bbox 490 529 526 592; x_wconf 94' lang='lat' dir='ltr'><strong>et</strong></span> <span class='ocrx_word' id='word_1_13' title='bbox 539 529 597 590; x_wconf 90' lang='lat' dir='ltr'><strong>ille</strong></span> <span class='ocrx_word' id='word_1_14' title='bbox 611 527 646 588; x_wconf 93' lang='lat' dir='ltr'><strong>in</strong></span> <span class='ocrx_word' id='word_1_15' title='bbox 659 540 740 588; x_wconf 90' lang='lat' dir='ltr'><strong>cura</strong></span> <span class='ocrx_word' id='word_1_16' title='bbox 754 522 927 600; x_wconf 79' lang='lat' dir='ltr'><strong>regiminis</strong></span> <span class='ocrx_word' id='word_1_17' title='bbox 942 521 1006 584; x_wconf 89' lang='lat' dir='ltr'><strong>sibi</strong></span> <span class='ocrx_word' id='word_1_18' title='bbox 1019 537 1113 583; x_wconf 88' lang='lat' dir='ltr'><strong>com-</strong></span> <span class='ocrx_word' id='word_1_19' title='bbox 1166 523 1283 584; x_wconf 86' lang='lat' dir='ltr'><strong>Datum</strong></span> <span class='ocrx_word' id='word_1_20' title='bbox 1311 521 1479 594; x_wconf 82' lang='lat' dir='ltr'><strong>Laterani,</strong></span> <span class='ocrx_word' id='word_1_21' title='bbox 1507 523 1538 583; x_wconf 93' lang='lat' dir='ltr'><strong>ll</strong></span> <span class='ocrx_word' id='word_1_22' title='bbox 1564 520 1640 583; x_wconf 85' lang='lat' dir='ltr'><strong>idus</strong></span> <span class='ocrx_word' id='word_1_23' title='bbox 1673 523 1840 600; x_wconf 87' lang='lat' dir='ltr'><strong>januarii,</strong></span> <span class='ocrx_word' id='word_1_24' title='bbox 1869 539 1961 586; x_wconf 91' lang='lat' dir='ltr'><strong>anno</strong></span> 
     </span>
    </p>
   </div>
   <div class='ocr_carea' id='block_1_4' title="bbox 268 621 1112 1181">
    <p class='ocr_par' dir='ltr' id='par_1_4' title="bbox 268 621 1112 1181">
     <span class='ocr_line' id='line_1_4' title="bbox 319 621 1110 700; baseline -0.018 -8"><span class='ocrx_word' id='word_1_25' title='bbox 319 627 414 692; x_wconf 87' lang='lat' dir='ltr'><strong>missi</strong></span> <span class='ocrx_word' id='word_1_26' title='bbox 424 625 593 690; x_wconf 83' lang='lat' dir='ltr'><strong>efficacius</strong></span> <span class='ocrx_word' id='word_1_27' title='bbox 605 621 738 700; x_wconf 89' lang='lat' dir='ltr'><strong>operari</strong></span> <span class='ocrx_word' id='word_1_28' title='bbox 745 621 867 693; x_wconf 85' lang='lat' dir='ltr'><strong>valeat,</strong></span> <span class='ocrx_word' id='word_1_29' title='bbox 882 621 915 682; x_wconf 88' lang='lat' dir='ltr'><strong>et</strong></span> <span class='ocrx_word' id='word_1_30' title='bbox 927 634 1110 694; x_wconf 78' lang='lat' dir='ltr'><strong>congruum</strong></span> 
     </span>
     <span class='ocr_line' id='line_1_5' title="bbox 319 715 1110 790; baseline -0.021 0"><span class='ocrx_word' id='word_1_31' title='bbox 319 727 497 790; x_wconf 79' lang='lat' dir='ltr'><strong>afferentes</strong></span> <span class='ocrx_word' id='word_1_32' title='bbox 525 718 741 784; x_wconf 78' lang='lat' dir='ltr'><strong>sollicitudini</strong></span> <span class='ocrx_word' id='word_1_33' title='bbox 767 733 837 778; x_wconf 80' lang='lat' dir='ltr'><strong>suae</strong></span> <span class='ocrx_word' id='word_1_34' title='bbox 872 715 1110 778; x_wconf 80' lang='lat' dir='ltr'><strong>adminiculum</strong></span> 
     </span>
     <span class='ocr_line' id='line_1_6' title="bbox 320 813 1112 900; baseline -0.018 -14"><span class='ocrx_word' id='word_1_35' title='bbox 320 824 397 886; x_wconf 90' lang='lat' dir='ltr'><strong>inde</strong></span> <span class='ocrx_word' id='word_1_36' title='bbox 424 820 559 900; x_wconf 88' lang='lat' dir='ltr'><strong>possitis</strong></span> <span class='ocrx_word' id='word_1_37' title='bbox 587 817 705 880; x_wconf 88' lang='lat' dir='ltr'><strong>merito</strong></span> <span class='ocrx_word' id='word_1_38' title='bbox 734 815 928 892; x_wconf 89' lang='lat' dir='ltr'><strong>promereri.</strong></span> <span class='ocrx_word' id='word_1_39' title='bbox 953 813 1112 890; x_wconf 78' lang='lat' dir='ltr'><strong>Alioquin</strong></span> 
     </span>
     <span class='ocr_line' id='line_1_7' title="bbox 268 907 1110 994; baseline -0.018 -9"><span class='ocrx_word' id='word_1_40' title='bbox 268 907 277 920; x_wconf 84' lang='grc'><em>’</em></span> <span class='ocrx_word' id='word_1_41' title='bbox 319 919 519 984; x_wconf 83' lang='lat' dir='ltr'><strong>sententiam</strong></span> <span class='ocrx_word' id='word_1_42' title='bbox 541 931 640 994; x_wconf 80' lang='lat' dir='ltr'><strong>quam</strong></span> <span class='ocrx_word' id='word_1_43' title='bbox 665 911 911 976; x_wconf 78' lang='lat' dir='ltr'><strong>rationabiliter</strong></span> <span class='ocrx_word' id='word_1_44' title='bbox 934 911 1050 973; x_wconf 90' lang='lat' dir='ltr'><strong>tulerit</strong></span> <span class='ocrx_word' id='word_1_45' title='bbox 1075 910 1110 970; x_wconf 91' lang='lat' dir='ltr'><strong>in</strong></span> 
     </span>
     <span class='ocr_line' id='line_1_8' title="bbox 318 1006 1111 1086; baseline -0.019 -5"><span class='ocrx_word' id='word_1_46' title='bbox 318 1016 472 1086; x_wconf 86' lang='lat' dir='ltr'><strong>rebelles,</strong></span> <span class='ocrx_word' id='word_1_47' title='bbox 503 1015 610 1077; x_wconf 87' lang='lat' dir='ltr'><strong>ratam</strong></span> <span class='ocrx_word' id='word_1_48' title='bbox 646 1009 855 1081; x_wconf 81' lang='lat' dir='ltr'><strong>habebimus,</strong></span> <span class='ocrx_word' id='word_1_49' title='bbox 885 1009 919 1070; x_wconf 91' lang='lat' dir='ltr'><strong>et</strong></span> <span class='ocrx_word' id='word_1_50' title='bbox 950 1006 1111 1068; x_wconf 84' lang='lat' dir='ltr'><strong>faciemus</strong></span> 
     </span>
     <span class='ocr_line' id='line_1_9' title="bbox 319 1105 1110 1181; baseline -0.015 -5"><span class='ocrx_word' id='word_1_51' title='bbox 319 1115 455 1176; x_wconf 90' lang='lat' dir='ltr'><strong>auctore</strong></span> <span class='ocrx_word' id='word_1_52' title='bbox 480 1109 630 1181; x_wconf 89' lang='lat' dir='ltr'><strong>Domino,</strong></span> <span class='ocrx_word' id='word_1_53' title='bbox 653 1107 851 1170; x_wconf 88' lang='lat' dir='ltr'><strong>inconcusse</strong></span> <span class='ocrx_word' id='word_1_54' title='bbox 874 1105 1014 1168; x_wconf 78' lang='lat' dir='ltr'><strong>servari.</strong></span> <span class='ocrx_word' id='word_1_55' title='bbox 1039 1106 1110 1166; x_wconf 89' lang='lat' dir='ltr'><strong>Da-</strong></span> 
     </span>
    </p>
   </div>
   <div class='ocr_carea' id='block_1_5' title="bbox 318 1211 575 1284">
    <p class='ocr_par' dir='ltr' id='par_1_5' title="bbox 318 1211 575 1284">
     <span class='ocr_line' id='line_1_10' title="bbox 318 1211 575 1284; baseline -0.031 -9"><span class='ocrx_word' id='word_1_56' title='bbox 318 1212 390 1276; x_wconf 89' lang='lat' dir='ltr'><strong>tum</strong></span> <span class='ocrx_word' id='word_1_57' title='bbox 403 1211 575 1284; x_wconf 78' lang='lat' dir='ltr'><strong>utsupra.</strong></span> 
     </span>
    </p>
   </div>
   <div class='ocr_carea' id='block_1_6' title="bbox 317 1325 1112 2084">
    <p class='ocr_par' dir='ltr' id='par_1_6' title="bbox 317 1325 1112 2084">
     <span class='ocr_line' id='line_1_11' title="bbox 359 1325 1110 1405; baseline -0.015 -8"><span class='ocrx_word' id='word_1_58' title='bbox 359 1337 402 1397; x_wconf 86' lang='lat' dir='ltr'><strong>In</strong></span> <span class='ocrx_word' id='word_1_59' title='bbox 425 1335 542 1396; x_wconf 70' lang='lat' dir='ltr'><strong>eodan</strong></span> <span class='ocrx_word' id='word_1_60' title='bbox 564 1333 664 1392; x_wconf 81' lang='lat' dir='ltr'><strong>modo</strong></span> <span class='ocrx_word' id='word_1_61' title='bbox 691 1328 851 1405; x_wconf 86' lang='lat' dir='ltr'><strong>scriptum</strong></span> <span class='ocrx_word' id='word_1_62' title='bbox 881 1327 934 1388; x_wconf 85' lang='lat' dir='ltr'><strong>est</strong></span> <span class='ocrx_word' id='word_1_63' title='bbox 964 1325 1110 1402; x_wconf 87' lang='lat' dir='ltr'><strong>capitulo</strong></span> 
     </span>
     <span class='ocr_line' id='line_1_12' title="bbox 320 1423 1112 1503; baseline -0.016 -10"><span class='ocrx_word' id='word_1_64' title='bbox 320 1431 487 1495; x_wconf 87' lang='lat' dir='ltr'><strong>Lundensl</strong></span> <span class='ocrx_word' id='word_1_65' title='bbox 501 1443 610 1503; x_wconf 79' lang='lat' dir='ltr'><strong>usqne</strong></span> <span class='ocrx_word' id='word_1_66' title='bbox 620 1427 741 1498; x_wconf 86' lang='lat' dir='ltr'><strong>teneri,</strong></span> <span class='ocrx_word' id='word_1_67' title='bbox 755 1425 789 1487; x_wconf 89' lang='lat' dir='ltr'><strong>et</strong></span> <span class='ocrx_word' id='word_1_68' title='bbox 809 1425 866 1502; x_wconf 84' lang='lat' dir='ltr'><strong>qui</strong></span> <span class='ocrx_word' id='word_1_69' title='bbox 881 1423 946 1484; x_wconf 87' lang='lat' dir='ltr'><strong>sub</strong></span> <span class='ocrx_word' id='word_1_70' title='bbox 961 1425 1033 1500; x_wconf 79' lang='lat' dir='ltr'><strong>ejus</strong></span> <span class='ocrx_word' id='word_1_71' title='bbox 1047 1438 1112 1498; x_wconf 80' lang='lat' dir='ltr'><strong>gu-</strong></span> 
     </span>
     <span class='ocr_line' id='line_1_13' title="bbox 317 1519 1112 1602; baseline -0.015 -10"><span class='ocrx_word' id='word_1_72' title='bbox 317 1527 453 1592; x_wconf 86' lang='lat' dir='ltr'><strong>bernari</strong></span> <span class='ocrx_word' id='word_1_73' title='bbox 465 1525 629 1602; x_wconf 77' lang='lat' dir='ltr'><strong>regimine</strong></span> <span class='ocrx_word' id='word_1_74' title='bbox 642 1525 747 1601; x_wconf 89' lang='lat' dir='ltr'><strong>ipsius</strong></span> <span class='ocrx_word' id='word_1_75' title='bbox 765 1521 916 1584; x_wconf 86' lang='lat' dir='ltr'><strong>doctriua</strong></span> <span class='ocrx_word' id='word_1_76' title='bbox 938 1519 1057 1581; x_wconf 86' lang='lat' dir='ltr'><strong>instrni</strong></span> <span class='ocrx_word' id='word_1_77' title='bbox 1077 1521 1112 1580; x_wconf 87' lang='lat' dir='ltr'><strong>et</strong></span> 
     </span>
     <span class='ocr_line' id='line_1_14' title="bbox 318 1617 1111 1692; baseline -0.015 -5"><span class='ocrx_word' id='word_1_78' title='bbox 318 1624 493 1688; x_wconf 88' lang='lat' dir='ltr'><strong>informari</strong></span> <span class='ocrx_word' id='word_1_79' title='bbox 516 1620 663 1684; x_wconf 89' lang='lat' dir='ltr'><strong>moribus</strong></span> <span class='ocrx_word' id='word_1_80' title='bbox 685 1619 878 1690; x_wconf 82' lang='lat' dir='ltr'><strong>affectastls,</strong></span> <span class='ocrx_word' id='word_1_81' title='bbox 904 1617 944 1678; x_wconf 85' lang='lat' dir='ltr'><strong>de</strong></span> <span class='ocrx_word' id='word_1_82' title='bbox 971 1629 1111 1692; x_wconf 86' lang='lat' dir='ltr'><strong>snpera-</strong></span> 
     </span>
     <span class='ocr_line' id='line_1_15' title="bbox 318 1715 1111 1783; baseline -0.014 0"><span class='ocrx_word' id='word_1_83' title='bbox 318 1720 479 1783; x_wconf 88' lang='lat' dir='ltr'><strong>bundanti</strong></span> <span class='ocrx_word' id='word_1_84' title='bbox 494 1723 604 1781; x_wconf 90' lang='lat' dir='ltr'><strong>tamen</strong></span> <span class='ocrx_word' id='word_1_85' title='bbox 620 1715 871 1778; x_wconf 78' lang='lat' dir='ltr'><strong>unirersltatem</strong></span> <span class='ocrx_word' id='word_1_86' title='bbox 885 1716 1031 1776; x_wconf 81' lang='lat' dir='ltr'><strong>vestram</strong></span> <span class='ocrx_word' id='word_1_87' title='bbox 1043 1727 1111 1772; x_wconf 89' lang='lat' dir='ltr'><strong>mo-</strong></span> 
     </span>
     <span class='ocr_line' id='line_1_16' title="bbox 318 1809 1110 1893; baseline -0.015 -12"><span class='ocrx_word' id='word_1_88' title='bbox 318 1819 570 1881; x_wconf 83' lang='lat' dir='ltr'><strong>nemusettente</strong></span> <span class='ocrx_word' id='word_1_89' title='bbox 585 1831 644 1893; x_wconf 89' lang='lat' dir='ltr'><strong>per</strong></span> <span class='ocrx_word' id='word_1_90' title='bbox 664 1813 853 1891; x_wconf 83' lang='lat' dir='ltr'><strong>Apostolica</strong></span> <span class='ocrx_word' id='word_1_91' title='bbox 869 1811 962 1874; x_wconf 82' lang='lat' dir='ltr'><strong>vobis</strong></span> <span class='ocrx_word' id='word_1_92' title='bbox 986 1809 1110 1887; x_wconf 86' lang='lat' dir='ltr'><strong>scripta</strong></span> 
     </span>
     <span class='ocr_line' id='line_1_17' title="bbox 319 1907 1111 1990; baseline -0.016 -11"><span class='ocrx_word' id='word_1_93' title='bbox 319 1917 525 1988; x_wconf 73' lang='lat' dir='ltr'><strong>mandantes,</strong></span> <span class='ocrx_word' id='word_1_94' title='bbox 542 1915 706 1990; x_wconf 85' lang='lat' dir='ltr'><strong>quatenus</strong></span> <span class='ocrx_word' id='word_1_95' title='bbox 720 1911 752 1972; x_wconf 90' lang='lat' dir='ltr'><strong>ei</strong></span> <span class='ocrx_word' id='word_1_96' title='bbox 766 1911 925 1986; x_wconf 81' lang='lat' dir='ltr'><strong>tanquam</strong></span> <span class='ocrx_word' id='word_1_97' title='bbox 940 1909 1027 1984; x_wconf 85' lang='lat' dir='ltr'><strong>patri</strong></span> <span class='ocrx_word' id='word_1_98' title='bbox 1041 1907 1111 1968; x_wconf 82' lang='lat' dir='ltr'><strong>ani·</strong></span> 
     </span>
     <span class='ocr_line' id='line_1_18' title="bbox 319 2004 1107 2084; baseline -0.016 -8"><span class='ocrx_word' id='word_1_99' title='bbox 319 2029 447 2076; x_wconf 88' lang='lat' dir='ltr'><strong>marum</strong></span> <span class='ocrx_word' id='word_1_100' title='bbox 473 2011 672 2081; x_wconf 84' lang='lat' dir='ltr'><strong>vestrarum,</strong></span> <span class='ocrx_word' id='word_1_101' title='bbox 698 2009 773 2081; x_wconf 72' lang='lat' dir='ltr'><strong>etc„</strong></span> <span class='ocrx_word' id='word_1_102' title='bbox 802 2019 906 2084; x_wconf 84' lang='lat' dir='ltr'><strong>usqne</strong></span> <span class='ocrx_word' id='word_1_103' title='bbox 934 2005 968 2065; x_wconf 90' lang='lat' dir='ltr'><strong>in</strong></span> <span class='ocrx_word' id='word_1_104' title='bbox 996 2004 1107 2065; x_wconf 82' lang='lat' dir='ltr'><strong>finem</strong></span> 
     </span>
    </p>
   </div>
   <div class='ocr_carea' id='block_1_7' title="bbox 317 2097 622 2182">
    <p class='ocr_par' dir='ltr' id='par_1_7' title="bbox 317 2097 622 2182">
     <span class='ocr_line' id='line_1_19' title="bbox 317 2097 622 2182; baseline -0.016 -10"><span class='ocrx_word' id='word_1_105' title='bbox 317 2112 435 2172; x_wconf 83' lang='lat' dir='ltr'><strong>catum</strong></span> <span class='ocrx_word' id='word_1_106' title='bbox 450 2097 488 2172; x_wconf 77' lang='lat' dir='ltr'><strong>at</strong></span> <span class='ocrx_word' id='word_1_107' title='bbox 502 2121 622 2182; x_wconf 82' lang='lat' dir='ltr'><strong>snpra.</strong></span> 
     </span>
    </p>
   </div>
   <div class='ocr_carea' id='block_1_8' title="bbox 653 2381 776 2470">
    <p class='ocr_par' dir='ltr' id='par_1_8' title="bbox 653 2381 776 2470">
     <span class='ocr_line' id='line_1_20' title="bbox 653 2381 776 2470; baseline -0.016 0"><span class='ocrx_word' id='word_1_108' title='bbox 653 2381 776 2470; x_wconf 77' lang='lat' dir='ltr'><strong>xciv</strong></span> 
     </span>
    </p>
   </div>
   <div class='ocr_carea' id='block_1_9' title="bbox 317 2527 1110 2804">
    <p class='ocr_par' dir='ltr' id='par_1_9' title="bbox 317 2527 1110 2804">
     <span class='ocr_line' id='line_1_21' title="bbox 317 2527 1110 2612; baseline -0.014 -13"><span class='ocrx_word' id='word_1_109' title='bbox 317 2539 370 2600; x_wconf 81' lang='lat' dir='ltr'><strong>Ad</strong></span> <span class='ocrx_word' id='word_1_110' title='bbox 408 2539 546 2612; x_wconf 76' lang='lat' dir='ltr'><strong>priores</strong></span> <span class='ocrx_word' id='word_1_111' title='bbox 578 2536 614 2596; x_wconf 80' lang='lat' dir='ltr'><strong>S.</strong></span> <span class='ocrx_word' id='word_1_112' title='bbox 654 2533 791 2596; x_wconf 70' lang='lat' dir='ltr'><strong>viciant</strong></span> <span class='ocrx_word' id='word_1_113' title='bbox 824 2529 1048 2600; x_wconf 75' lang='lat' dir='ltr'><strong>anncionen,</strong></span> <span class='ocrx_word' id='word_1_114' title='bbox 1076 2527 1110 2590; x_wconf 80' lang='lat' dir='ltr'><strong>et</strong></span> 
     </span>
     <span class='ocr_line' id='line_1_22' title="bbox 356 2627 1106 2709; baseline -0.015 -12"><span class='ocrx_word' id='word_1_115' title='bbox 356 2635 390 2696; x_wconf 82' lang='lat' dir='ltr'><strong>S.</strong></span> <span class='ocrx_word' id='word_1_116' title='bbox 405 2634 569 2709; x_wconf 81' lang='lat' dir='ltr'><strong>Stephani</strong></span> <span class='ocrx_word' id='word_1_117' title='bbox 587 2635 629 2694; x_wconf 82' lang='lat' dir='ltr'><strong>de</strong></span> <span class='ocrx_word' id='word_1_118' title='bbox 649 2630 878 2700; x_wconf 82' lang='lat' dir='ltr'><strong>Mauritania,</strong></span> <span class='ocrx_word' id='word_1_119' title='bbox 895 2627 1106 2690; x_wconf 70' lang='lat' dir='ltr'><strong>xanctonen.</strong></span> 
     </span>
     <span class='ocr_line' id='line_1_23' title="bbox 357 2729 945 2804; baseline -0.015 -10"><span class='ocrx_word' id='word_1_120' title='bbox 357 2733 466 2804; x_wconf 79' lang='lat' dir='ltr'><strong>dtoec,</strong></span> <span class='ocrx_word' id='word_1_121' title='bbox 476 2731 511 2792; x_wconf 85' lang='lat' dir='ltr'><strong>et</strong></span> <span class='ocrx_word' id='word_1_122' title='bbox 524 2730 702 2792; x_wconf 84' lang='lat' dir='ltr'><strong>cantorem</strong></span> <span class='ocrx_word' id='word_1_123' title='bbox 714 2729 945 2804; x_wconf 73' lang='lat' dir='ltr'><strong>Enpcltamen.</strong></span> 
     </span>
    </p>
   </div>
   <div class='ocr_carea' id='block_1_10' title="bbox 325 2857 1096 3050">
    <p class='ocr_par' dir='ltr' id='par_1_10' title="bbox 325 2857 1096 3050">
     <span class='ocr_line' id='line_1_24' title="bbox 575 2857 849 2932; baseline -0.022 -14"><span class='ocrx_word' id='word_1_124' title='bbox 575 2859 609 2918; x_wconf 79' lang='lat' dir='ltr'><strong>lt</strong></span> <span class='ocrx_word' id='word_1_125' title='bbox 625 2857 749 2932; x_wconf 75' lang='lat' dir='ltr'><strong>ianuarii</strong></span> <span class='ocrx_word' id='word_1_126' title='bbox 770 2857 849 2916; x_wconf 81' lang='lat' dir='ltr'><strong>lata.</strong></span> 
     </span>
     <span class='ocr_line' id='line_1_25' title="bbox 325 2975 1096 3050; baseline -0.014 -13"><span class='ocrx_word' id='word_1_127' title='bbox 325 2985 448 3050; x_wconf 63' lang='lat' dir='ltr'><strong>marest,</strong></span> <span class='ocrx_word' id='word_1_128' title='bbox 460 2983 505 3035; x_wconf 88' lang='lat' dir='ltr'><strong>lib.</strong></span> <span class='ocrx_word' id='word_1_129' title='bbox 516 2983 583 3042; x_wconf 85' lang='lat' dir='ltr'><strong>vill,</strong></span> <span class='ocrx_word' id='word_1_130' title='bbox 594 2981 668 3046; x_wconf 84' lang='lat' dir='ltr'><strong>epist.</strong></span> <span class='ocrx_word' id='word_1_131' title='bbox 682 2979 735 3030; x_wconf 76' lang='lat' dir='ltr'><strong>ibt.</strong></span> <span class='ocrx_word' id='word_1_132' title='bbox 749 2981 807 3030; x_wconf 87' lang='lat' dir='ltr'><strong>llss.</strong></span> <span class='ocrx_word' id='word_1_133' title='bbox 820 2980 858 3030; x_wconf 84' lang='lat' dir='ltr'><strong>La</strong></span> <span class='ocrx_word' id='word_1_134' title='bbox 868 2979 944 3029; x_wconf 82' lang='lat' dir='ltr'><strong>Ponte</strong></span> <span class='ocrx_word' id='word_1_135' title='bbox 956 2977 990 3028; x_wconf 78' lang='lat' dir='ltr'><strong>du</strong></span> <span class='ocrx_word' id='word_1_136' title='bbox 1002 2975 1096 3042; x_wconf 79' lang='lat' dir='ltr'><strong>rheti]</strong></span> 
     </span>
    </p>
   </div>
   <div class='ocr_carea' id='block_1_11' title="bbox 318 3101 1106 3357">
    <p class='ocr_par' dir='ltr' id='par_1_11' title="bbox 318 3101 1106 3357">
     <span class='ocr_line' id='line_1_26' title="bbox 318 3101 1106 3174; baseline -0.014 -5"><span class='ocrx_word' id='word_1_137' title='bbox 318 3109 433 3170; x_wconf 80' lang='lat' dir='ltr'><strong>blandai</strong></span> <span class='ocrx_word' id='word_1_138' title='bbox 457 3115 488 3166; x_wconf 90' lang='lat' dir='ltr'><strong>ut</strong></span> <span class='ocrx_word' id='word_1_139' title='bbox 512 3107 542 3163; x_wconf 90' lang='lat' dir='ltr'><strong>ln</strong></span> <span class='ocrx_word' id='word_1_140' title='bbox 566 3106 738 3164; x_wconf 85' lang='lat' dir='ltr'><strong>monasterio</strong></span> <span class='ocrx_word' id='word_1_141' title='bbox 759 3105 787 3162; x_wconf 87' lang='lat' dir='ltr'><strong>S.</strong></span> <span class='ocrx_word' id='word_1_142' title='bbox 811 3103 951 3162; x_wconf 83' lang='lat' dir='ltr'><strong>Johannis</strong></span> <span class='ocrx_word' id='word_1_143' title='bbox 969 3101 1106 3174; x_wconf 77' lang='lat' dir='ltr'><strong>Angelis·</strong></span> 
     </span>
     <span class='ocr_line' id='line_1_27' title="bbox 351 3191 1105 3268; baseline -0.013 -11"><span class='ocrx_word' id='word_1_144' title='bbox 351 3195 531 3268; x_wconf 68' lang='lat' dir='ltr'><strong>causisque</strong></span> <span class='ocrx_word' id='word_1_145' title='bbox 546 3195 730 3252; x_wconf 80' lang='lat' dir='ltr'><strong>comestionis</strong></span> <span class='ocrx_word' id='word_1_146' title='bbox 746 3200 774 3250; x_wconf 88' lang='lat' dir='ltr'><strong>et</strong></span> <span class='ocrx_word' id='word_1_147' title='bbox 794 3191 1004 3249; x_wconf 81' lang='lat' dir='ltr'><strong>reformationis</strong></span> <span class='ocrx_word' id='word_1_148' title='bbox 1018 3205 1105 3248; x_wconf 86' lang='lat' dir='ltr'><strong>nove·</strong></span> 
     </span>
     <span class='ocr_line' id='line_1_28' title="bbox 351 3281 942 3357; baseline -0.01 -14"><span class='ocrx_word' id='word_1_149' title='bbox 351 3285 409 3343; x_wconf 88' lang='lat' dir='ltr'><strong>rint</strong></span> <span class='ocrx_word' id='word_1_150' title='bbox 420 3283 561 3357; x_wconf 77' lang='lat' dir='ltr'><strong>indigere,</strong></span> <span class='ocrx_word' id='word_1_151' title='bbox 577 3283 722 3356; x_wconf 77' lang='lat' dir='ltr'><strong>corrigant</strong></span> <span class='ocrx_word' id='word_1_152' title='bbox 735 3289 764 3338; x_wconf 90' lang='lat' dir='ltr'><strong>et</strong></span> <span class='ocrx_word' id='word_1_153' title='bbox 778 3281 942 3338; x_wconf 86' lang='lat' dir='ltr'><strong>reforment.</strong></span> 
     </span>
    </p>
   </div>
   <div class='ocr_carea' id='block_1_12' title="bbox 312 3415 1108 5628">
    <p class='ocr_par' dir='ltr' id='par_1_12' title="bbox 318 3415 1108 3787">
     <span class='ocr_line' id='line_1_29' title="bbox 359 3415 1108 3492; baseline -0.005 -11"><span class='ocrx_word' id='word_1_154' title='bbox 359 3421 538 3492; x_wconf 87' lang='lat' dir='ltr'><strong>Honorius,</strong></span> <span class='ocrx_word' id='word_1_155' title='bbox 566 3418 642 3486; x_wconf 76' lang='lat' dir='ltr'><strong>eto„</strong></span> <span class='ocrx_word' id='word_1_156' title='bbox 667 3417 797 3478; x_wconf 88' lang='lat' dir='ltr'><strong>dilectis</strong></span> <span class='ocrx_word' id='word_1_157' title='bbox 825 3416 903 3476; x_wconf 86' lang='lat' dir='ltr'><strong>liliis</strong></span> <span class='ocrx_word' id='word_1_158' title='bbox 906 3459 966 3477; x_wconf 89' lang='grc'><strong>.....</strong></span> <span class='ocrx_word' id='word_1_159' title='bbox 995 3415 1108 3477; x_wconf 88' lang='lat' dir='ltr'><strong>Sancti</strong></span> 
     </span>
     <span class='ocr_line' id='line_1_30' title="bbox 319 3512 1107 3589; baseline -0.01 -9"><span class='ocrx_word' id='word_1_160' title='bbox 319 3517 453 3580; x_wconf 83' lang='lat' dir='ltr'><strong>viviani</strong></span> <span class='ocrx_word' id='word_1_161' title='bbox 472 3516 690 3586; x_wconf 70' lang='lat' dir='ltr'><strong>xanctonen„</strong></span> <span class='ocrx_word' id='word_1_162' title='bbox 707 3516 740 3576; x_wconf 88' lang='lat' dir='ltr'><strong>et</strong></span> <span class='ocrx_word' id='word_1_163' title='bbox 742 3557 803 3574; x_wconf 91' lang='grc'><strong>.....</strong></span> <span class='ocrx_word' id='word_1_164' title='bbox 820 3513 932 3575; x_wconf 86' lang='lat' dir='ltr'><strong>Sancti</strong></span> <span class='ocrx_word' id='word_1_165' title='bbox 948 3512 1107 3589; x_wconf 87' lang='lat' dir='ltr'><strong>Stephani</strong></span> 
     </span>
     <span class='ocr_line' id='line_1_31' title="bbox 319 3609 1107 3687; baseline -0.008 -11"><span class='ocrx_word' id='word_1_166' title='bbox 319 3615 360 3676; x_wconf 96' lang='lat' dir='ltr'><strong>de</strong></span> <span class='ocrx_word' id='word_1_167' title='bbox 374 3613 575 3676; x_wconf 83' lang='lat' dir='ltr'><strong>Mauritania</strong></span> <span class='ocrx_word' id='word_1_168' title='bbox 594 3613 802 3674; x_wconf 86' lang='lat' dir='ltr'><strong>Xanctonen.</strong></span> <span class='ocrx_word' id='word_1_169' title='bbox 817 3611 925 3682; x_wconf 69' lang='lat' dir='ltr'><strong>dioec,</strong></span> <span class='ocrx_word' id='word_1_170' title='bbox 941 3609 1107 3687; x_wconf 88' lang='lat' dir='ltr'><strong>prioribus</strong></span> 
     </span>
     <span class='ocr_line' id='line_1_32' title="bbox 318 3707 1055 3787; baseline -0.011 -12"><span class='ocrx_word' id='word_1_171' title='bbox 318 3714 352 3775; x_wconf 89' lang='lat' dir='ltr'><strong>ct</strong></span> <span class='ocrx_word' id='word_1_172' title='bbox 354 3756 414 3773; x_wconf 91' lang='grc'><strong>.....</strong></span> <span class='ocrx_word' id='word_1_173' title='bbox 431 3711 560 3773; x_wconf 90' lang='lat' dir='ltr'><strong>cantori</strong></span> <span class='ocrx_word' id='word_1_174' title='bbox 574 3709 810 3787; x_wconf 69' lang='lat' dir='ltr'><strong>Engolismen„</strong></span> <span class='ocrx_word' id='word_1_175' title='bbox 827 3707 978 3779; x_wconf 88' lang='lat' dir='ltr'><strong>salutem,</strong></span> <span class='ocrx_word' id='word_1_176' title='bbox 994 3709 1055 3768; x_wconf 89' lang='lat' dir='ltr'><strong>etc.</strong></span> 
     </span>
    </p>

    <p class='ocr_par' dir='ltr' id='par_1_13' title="bbox 312 3805 1108 5628">
     <span class='ocr_line' id='line_1_33' title="bbox 356 3805 1107 3886; baseline -0.009 -15"><span class='ocrx_word' id='word_1_177' title='bbox 356 3811 408 3871; x_wconf 83' lang='lat' dir='ltr'><strong>Ex</strong></span> <span class='ocrx_word' id='word_1_178' title='bbox 443 3809 536 3886; x_wconf 87' lang='lat' dir='ltr'><strong>parte</strong></span> <span class='ocrx_word' id='word_1_179' title='bbox 540 3851 599 3870; x_wconf 90' lang='grc'><strong>.....</strong></span> <span class='ocrx_word' id='word_1_180' title='bbox 637 3805 765 3868; x_wconf 88' lang='lat' dir='ltr'><strong>abbatis</strong></span> <span class='ocrx_word' id='word_1_181' title='bbox 800 3805 833 3866; x_wconf 89' lang='lat' dir='ltr'><strong>et</strong></span> <span class='ocrx_word' id='word_1_182' title='bbox 869 3805 1107 3868; x_wconf 90' lang='lat' dir='ltr'><strong>monachorum</strong></span> 
     </span>
     <span class='ocr_line' id='line_1_34' title="bbox 318 3901 1104 3982; baseline -0.01 -12"><span class='ocrx_word' id='word_1_183' title='bbox 318 3909 351 3970; x_wconf 84' lang='lat' dir='ltr'><strong>S.</strong></span> <span class='ocrx_word' id='word_1_184' title='bbox 360 3905 522 3970; x_wconf 82' lang='lat' dir='ltr'><strong>iohannis</strong></span> <span class='ocrx_word' id='word_1_185' title='bbox 530 3904 757 3982; x_wconf 73' lang='lat' dir='ltr'><strong>Angeliacen„</strong></span> <span class='ocrx_word' id='word_1_186' title='bbox 773 3901 978 3963; x_wconf 76' lang='lat' dir='ltr'><strong>xanctonen.</strong></span> <span class='ocrx_word' id='word_1_187' title='bbox 996 3901 1104 3973; x_wconf 74' lang='lat' dir='ltr'><strong>diosc„</strong></span> 
     </span>
     <span class='ocr_line' id='line_1_35' title="bbox 316 3997 1105 4080; baseline -0.011 -14"><span class='ocrx_word' id='word_1_188' title='bbox 316 4002 379 4066; x_wconf 85' lang='lat' dir='ltr'><strong>fuit</strong></span> <span class='ocrx_word' id='word_1_189' title='bbox 411 4003 613 4080; x_wconf 90' lang='lat' dir='ltr'><strong>propositum</strong></span> <span class='ocrx_word' id='word_1_190' title='bbox 638 4015 749 4062; x_wconf 89' lang='lat' dir='ltr'><strong>coram</strong></span> <span class='ocrx_word' id='word_1_191' title='bbox 775 3997 881 4070; x_wconf 89' lang='lat' dir='ltr'><strong>nobis,</strong></span> <span class='ocrx_word' id='word_1_192' title='bbox 899 3998 985 4074; x_wconf 89' lang='lat' dir='ltr'><strong>quod</strong></span> <span class='ocrx_word' id='word_1_193' title='bbox 1005 4014 1105 4075; x_wconf 84' lang='lat' dir='ltr'><strong>quum</strong></span> 
     </span>
     <span class='ocr_line' id='line_1_36' title="bbox 316 4093 1107 4178; baseline -0.008 -16"><span class='ocrx_word' id='word_1_194' title='bbox 316 4101 463 4178; x_wconf 85' lang='lat' dir='ltr'><strong>ipsorum</strong></span> <span class='ocrx_word' id='word_1_195' title='bbox 479 4097 716 4161; x_wconf 87' lang='lat' dir='ltr'><strong>monasterium</strong></span> <span class='ocrx_word' id='word_1_196' title='bbox 728 4097 849 4158; x_wconf 90' lang='lat' dir='ltr'><strong>horror</strong></span> <span class='ocrx_word' id='word_1_197' title='bbox 860 4111 926 4158; x_wconf 89' lang='lat' dir='ltr'><strong>non</strong></span> <span class='ocrx_word' id='word_1_198' title='bbox 939 4093 1019 4157; x_wconf 90' lang='lat' dir='ltr'><strong>ordo</strong></span> <span class='ocrx_word' id='word_1_199' title='bbox 1034 4110 1107 4170; x_wconf 87' lang='lat' dir='ltr'><strong>pos·</strong></span> 
     </span>
     <span class='ocr_line' id='line_1_37' title="bbox 316 4192 1108 4273; baseline -0.011 -13"><span class='ocrx_word' id='word_1_200' title='bbox 316 4197 434 4270; x_wconf 89' lang='lat' dir='ltr'><strong>sideat,</strong></span> <span class='ocrx_word' id='word_1_201' title='bbox 457 4196 566 4273; x_wconf 84' lang='lat' dir='ltr'><strong>sitque</strong></span> <span class='ocrx_word' id='word_1_202' title='bbox 580 4195 758 4272; x_wconf 90' lang='lat' dir='ltr'><strong>plurimum</strong></span> <span class='ocrx_word' id='word_1_203' title='bbox 779 4192 978 4254; x_wconf 88' lang='lat' dir='ltr'><strong>dissolutum</strong></span> <span class='ocrx_word' id='word_1_204' title='bbox 999 4193 1032 4254; x_wconf 89' lang='lat' dir='ltr'><strong>et</strong></span> <span class='ocrx_word' id='word_1_205' title='bbox 1045 4207 1108 4252; x_wconf 85' lang='lat' dir='ltr'><strong>ex·</strong></span> 
     </span>
     <span class='ocr_line' id='line_1_38' title="bbox 314 4289 1103 4368; baseline -0.01 -12"><span class='ocrx_word' id='word_1_206' title='bbox 314 4294 467 4356; x_wconf 68' lang='lat' dir='ltr'><strong>maneum</strong></span> <span class='ocrx_word' id='word_1_207' title='bbox 491 4309 512 4354; x_wconf 90' lang='lat' dir='ltr'><strong>a</strong></span> <span class='ocrx_word' id='word_1_208' title='bbox 539 4290 686 4368; x_wconf 80' lang='lat' dir='ltr'><strong>regulari</strong></span> <span class='ocrx_word' id='word_1_209' title='bbox 713 4289 924 4352; x_wconf 85' lang='lat' dir='ltr'><strong>observantia</strong></span> <span class='ocrx_word' id='word_1_210' title='bbox 940 4289 1103 4360; x_wconf 85' lang='lat' dir='ltr'><strong>videatur,</strong></span> 
     </span>
     <span class='ocr_line' id='line_1_39' title="bbox 315 4385 1107 4470; baseline -0.005 -20"><span class='ocrx_word' id='word_1_211' title='bbox 315 4405 376 4470; x_wconf 87' lang='lat' dir='ltr'><strong>per</strong></span> <span class='ocrx_word' id='word_1_212' title='bbox 393 4388 540 4450; x_wconf 87' lang='lat' dir='ltr'><strong>nostram</strong></span> <span class='ocrx_word' id='word_1_213' title='bbox 561 4387 699 4464; x_wconf 80' lang='lat' dir='ltr'><strong>exigunt</strong></span> <span class='ocrx_word' id='word_1_214' title='bbox 720 4385 975 4448; x_wconf 89' lang='lat' dir='ltr'><strong>sollicitudinem</strong></span> <span class='ocrx_word' id='word_1_215' title='bbox 998 4385 1107 4446; x_wconf 84' lang='lat' dir='ltr'><strong>refor-</strong></span> 
     </span>
     <span class='ocr_line' id='line_1_40' title="bbox 316 4481 1105 4560; baseline -0.009 -10"><span class='ocrx_word' id='word_1_216' title='bbox 316 4487 412 4550; x_wconf 91' lang='lat' dir='ltr'><strong>mari.</strong></span> <span class='ocrx_word' id='word_1_217' title='bbox 431 4487 537 4558; x_wconf 86' lang='lat' dir='ltr'><strong>Quare</strong></span> <span class='ocrx_word' id='word_1_218' title='bbox 559 4483 729 4546; x_wconf 89' lang='lat' dir='ltr'><strong>humiliter</strong></span> <span class='ocrx_word' id='word_1_219' title='bbox 752 4484 972 4560; x_wconf 88' lang='lat' dir='ltr'><strong>postularunt,</strong></span> <span class='ocrx_word' id='word_1_220' title='bbox 994 4485 1032 4544; x_wconf 89' lang='lat' dir='ltr'><strong>ut</strong></span> <span class='ocrx_word' id='word_1_221' title='bbox 1063 4481 1105 4543; x_wconf 93' lang='lat' dir='ltr'><strong>ad</strong></span> 
     </span>
     <span class='ocr_line' id='line_1_41' title="bbox 316 4581 1105 4660; baseline -0.008 -13"><span class='ocrx_word' id='word_1_222' title='bbox 316 4583 586 4647; x_wconf 80' lang='lat' dir='ltr'><strong>reformationem</strong></span> <span class='ocrx_word' id='word_1_223' title='bbox 608 4581 713 4660; x_wconf 88' lang='lat' dir='ltr'><strong>ipsius</strong></span> <span class='ocrx_word' id='word_1_224' title='bbox 728 4581 795 4644; x_wconf 91' lang='lat' dir='ltr'><strong>tam</strong></span> <span class='ocrx_word' id='word_1_225' title='bbox 817 4581 987 4660; x_wconf 89' lang='lat' dir='ltr'><strong>incapite,</strong></span> <span class='ocrx_word' id='word_1_226' title='bbox 1007 4596 1105 4658; x_wconf 86' lang='lat' dir='ltr'><strong>quam</strong></span> 
     </span>
     <span class='ocr_line' id='line_1_42' title="bbox 314 4677 1106 4753; baseline -0.009 -9"><span class='ocrx_word' id='word_1_227' title='bbox 314 4682 350 4744; x_wconf 89' lang='lat' dir='ltr'><strong>in</strong></span> <span class='ocrx_word' id='word_1_228' title='bbox 365 4679 532 4753; x_wconf 88' lang='lat' dir='ltr'><strong>membris,</strong></span> <span class='ocrx_word' id='word_1_229' title='bbox 545 4695 587 4740; x_wconf 88' lang='lat' dir='ltr'><strong>no</strong></span> <span class='ocrx_word' id='word_1_230' title='bbox 601 4678 696 4740; x_wconf 87' lang='lat' dir='ltr'><strong>nobis</strong></span> <span class='ocrx_word' id='word_1_231' title='bbox 708 4679 739 4740; x_wconf 87' lang='lat' dir='ltr'><strong>ei</strong></span> <span class='ocrx_word' id='word_1_232' title='bbox 753 4695 820 4742; x_wconf 89' lang='lat' dir='ltr'><strong>non</strong></span> <span class='ocrx_word' id='word_1_233' title='bbox 835 4677 1106 4742; x_wconf 83' lang='lat' dir='ltr'><strong>subvenientibus</strong></span> 
     </span>
     <span class='ocr_line' id='line_1_43' title="bbox 313 4774 1105 4858; baseline -0.005 -18"><span class='ocrx_word' id='word_1_234' title='bbox 313 4780 438 4858; x_wconf 89' lang='lat' dir='ltr'><strong>pereat,</strong></span> <span class='ocrx_word' id='word_1_235' title='bbox 455 4775 626 4839; x_wconf 88' lang='lat' dir='ltr'><strong>intendere</strong></span> <span class='ocrx_word' id='word_1_236' title='bbox 637 4774 861 4853; x_wconf 84' lang='lat' dir='ltr'><strong>dignaremur.</strong></span> <span class='ocrx_word' id='word_1_237' title='bbox 874 4777 942 4838; x_wconf 88' lang='lat' dir='ltr'><strong>Nos</strong></span> <span class='ocrx_word' id='word_1_238' title='bbox 956 4791 1035 4852; x_wconf 81' lang='lat' dir='ltr'><strong>ergo</strong></span> <span class='ocrx_word' id='word_1_239' title='bbox 1049 4775 1105 4852; x_wconf 88' lang='lat' dir='ltr'><strong>qui</strong></span> 
     </span>
     <span class='ocr_line' id='line_1_44' title="bbox 314 4871 1102 4952; baseline -0.009 -14"><span class='ocrx_word' id='word_1_240' title='bbox 314 4876 444 4938; x_wconf 90' lang='lat' dir='ltr'><strong>demum</strong></span> <span class='ocrx_word' id='word_1_241' title='bbox 460 4874 610 4952; x_wconf 89' lang='lat' dir='ltr'><strong>cupimus</strong></span> <span class='ocrx_word' id='word_1_242' title='bbox 620 4873 837 4936; x_wconf 88' lang='lat' dir='ltr'><strong>ecclesiarum</strong></span> <span class='ocrx_word' id='word_1_243' title='bbox 853 4873 974 4936; x_wconf 88' lang='lat' dir='ltr'><strong>statum</strong></span> <span class='ocrx_word' id='word_1_244' title='bbox 990 4871 1102 4948; x_wconf 72' lang='lat' dir='ltr'><strong>dirigi,</strong></span> 
     </span>
     <span class='ocr_line' id='line_1_45' title="bbox 313 4969 1104 5052; baseline -0.01 -14"><span class='ocrx_word' id='word_1_245' title='bbox 313 4975 347 5038; x_wconf 87' lang='lat' dir='ltr'><strong>et</strong></span> <span class='ocrx_word' id='word_1_246' title='bbox 366 4987 560 5052; x_wconf 89' lang='lat' dir='ltr'><strong>prosperum</strong></span> <span class='ocrx_word' id='word_1_247' title='bbox 584 4971 788 5041; x_wconf 84' lang='lat' dir='ltr'><strong>conservari,</strong></span> <span class='ocrx_word' id='word_1_248' title='bbox 807 4969 999 5032; x_wconf 90' lang='lat' dir='ltr'><strong>discretioni</strong></span> <span class='ocrx_word' id='word_1_249' title='bbox 1023 4984 1104 5032; x_wconf 76' lang='lat' dir='ltr'><strong>res-</strong></span> 
     </span>
     <span class='ocr_line' id='line_1_46' title="bbox 312 5067 1106 5148; baseline -0.008 -15"><span class='ocrx_word' id='word_1_250' title='bbox 312 5071 373 5133; x_wconf 83' lang='lat' dir='ltr'><strong>trae</strong></span> <span class='ocrx_word' id='word_1_251' title='bbox 386 5085 445 5146; x_wconf 88' lang='lat' dir='ltr'><strong>per</strong></span> <span class='ocrx_word' id='word_1_252' title='bbox 457 5067 646 5146; x_wconf 74' lang='lat' dir='ltr'><strong>Apostolica</strong></span> <span class='ocrx_word' id='word_1_253' title='bbox 662 5067 786 5148; x_wconf 89' lang='lat' dir='ltr'><strong>scripta</strong></span> <span class='ocrx_word' id='word_1_254' title='bbox 801 5067 1008 5140; x_wconf 87' lang='lat' dir='ltr'><strong>mandamus,</strong></span> <span class='ocrx_word' id='word_1_255' title='bbox 1021 5081 1106 5144; x_wconf 85' lang='lat' dir='ltr'><strong>qua-</strong></span> 
     </span>
     <span class='ocr_line' id='line_1_47' title="bbox 312 5163 1106 5240; baseline -0.008 -10"><span class='ocrx_word' id='word_1_256' title='bbox 312 5169 411 5230; x_wconf 85' lang='lat' dir='ltr'><strong>tenus</strong></span> <span class='ocrx_word' id='word_1_257' title='bbox 435 5165 476 5228; x_wconf 93' lang='lat' dir='ltr'><strong>ad</strong></span> <span class='ocrx_word' id='word_1_258' title='bbox 500 5165 588 5226; x_wconf 91' lang='lat' dir='ltr'><strong>idem</strong></span> <span class='ocrx_word' id='word_1_259' title='bbox 615 5164 853 5226; x_wconf 87' lang='lat' dir='ltr'><strong>monasterium</strong></span> <span class='ocrx_word' id='word_1_260' title='bbox 884 5163 1106 5240; x_wconf 87' lang='lat' dir='ltr'><strong>personaliter</strong></span> 
     </span>
     <span class='ocr_line' id='line_1_48' title="bbox 314 5259 1104 5338; baseline -0.005 -12"><span class='ocrx_word' id='word_1_261' title='bbox 314 5262 520 5334; x_wconf 68' lang='lat' dir='ltr'><strong>accedentes</strong></span> <span class='ocrx_word' id='word_1_262' title='bbox 542 5262 574 5323; x_wconf 88' lang='lat' dir='ltr'><strong>et</strong></span> <span class='ocrx_word' id='word_1_263' title='bbox 595 5261 753 5324; x_wconf 88' lang='lat' dir='ltr'><strong>habentes</strong></span> <span class='ocrx_word' id='word_1_264' title='bbox 775 5275 843 5338; x_wconf 86' lang='lat' dir='ltr'><strong>praa</strong></span> <span class='ocrx_word' id='word_1_265' title='bbox 872 5259 978 5322; x_wconf 89' lang='lat' dir='ltr'><strong>oculis</strong></span> <span class='ocrx_word' id='word_1_266' title='bbox 998 5260 1104 5322; x_wconf 91' lang='lat' dir='ltr'><strong>solum</strong></span> 
     </span>
     <span class='ocr_line' id='line_1_49' title="bbox 314 5355 1104 5436; baseline -0.004 -13"><span class='ocrx_word' id='word_1_267' title='bbox 314 5363 428 5432; x_wconf 89' lang='lat' dir='ltr'><strong>Deum,</strong></span> <span class='ocrx_word' id='word_1_268' title='bbox 441 5358 616 5436; x_wconf 87' lang='lat' dir='ltr'><strong>corrigatis</strong></span> <span class='ocrx_word' id='word_1_269' title='bbox 632 5359 665 5421; x_wconf 92' lang='lat' dir='ltr'><strong>et</strong></span> <span class='ocrx_word' id='word_1_270' title='bbox 679 5357 866 5420; x_wconf 90' lang='lat' dir='ltr'><strong>reformetis</strong></span> <span class='ocrx_word' id='word_1_271' title='bbox 889 5355 1021 5432; x_wconf 90' lang='lat' dir='ltr'><strong>ibidem,</strong></span> <span class='ocrx_word' id='word_1_272' title='bbox 1040 5373 1104 5436; x_wconf 88' lang='lat' dir='ltr'><strong>ap·</strong></span> 
     </span>
     <span class='ocr_line' id='line_1_50' title="bbox 313 5455 1105 5538; baseline 0 -18"><span class='ocrx_word' id='word_1_273' title='bbox 313 5457 492 5538; x_wconf 89' lang='lat' dir='ltr'><strong>pellatione</strong></span> <span class='ocrx_word' id='word_1_274' title='bbox 511 5458 649 5528; x_wconf 87' lang='lat' dir='ltr'><strong>remota,</strong></span> <span class='ocrx_word' id='word_1_275' title='bbox 666 5473 739 5534; x_wconf 80' lang='lat' dir='ltr'><strong>qua</strong></span> <span class='ocrx_word' id='word_1_276' title='bbox 753 5455 971 5518; x_wconf 86' lang='lat' dir='ltr'><strong>correctionis</strong></span> <span class='ocrx_word' id='word_1_277' title='bbox 992 5458 1026 5520; x_wconf 90' lang='lat' dir='ltr'><strong>et</strong></span> <span class='ocrx_word' id='word_1_278' title='bbox 1046 5471 1105 5520; x_wconf 89' lang='lat' dir='ltr'><strong>re·</strong></span> 
     </span>
     <span class='ocr_line' id='line_1_51' title="bbox 313 5553 1106 5628; baseline -0.001 -11"><span class='ocrx_word' id='word_1_279' title='bbox 313 5555 521 5618; x_wconf 84' lang='lat' dir='ltr'><strong>formationis</strong></span> <span class='ocrx_word' id='word_1_280' title='bbox 536 5553 647 5619; x_wconf 83' lang='lat' dir='ltr'><strong>officio</strong></span> <span class='ocrx_word' id='word_1_281' title='bbox 668 5553 827 5618; x_wconf 84' lang='lat' dir='ltr'><strong>noveritis</strong></span> <span class='ocrx_word' id='word_1_282' title='bbox 852 5553 1012 5628; x_wconf 75' lang='lat' dir='ltr'><strong>indigere,</strong></span> <span class='ocrx_word' id='word_1_283' title='bbox 1030 5569 1106 5616; x_wconf 89' lang='lat' dir='ltr'><strong>con·</strong></span> 
     </span>
    </p>
   </div>
   <div class='ocr_carea' id='block_1_13' title="bbox 1164 423 1959 498">
    <p class='ocr_par' dir='ltr' id='par_1_14' title="bbox 1164 423 1959 498">
     <span class='ocr_line' id='line_1_52' title="bbox 1164 423 1959 498; baseline 0.003 -12"><span class='ocrx_word' id='word_1_284' title='bbox 1164 424 1371 495; x_wconf 83' lang='lat' dir='ltr'><strong>tradiciones,</strong></span> <span class='ocrx_word' id='word_1_285' title='bbox 1395 424 1457 485; x_wconf 90' lang='lat' dir='ltr'><strong>etc.</strong></span> <span class='ocrx_word' id='word_1_286' title='bbox 1480 423 1574 496; x_wconf 90' lang='lat' dir='ltr'><strong>Quod</strong></span> <span class='ocrx_word' id='word_1_287' title='bbox 1597 423 1628 486; x_wconf 89' lang='lat' dir='ltr'><strong>si</strong></span> <span class='ocrx_word' id='word_1_288' title='bbox 1652 437 1720 485; x_wconf 90' lang='lat' dir='ltr'><strong>non</strong></span> <span class='ocrx_word' id='word_1_289' title='bbox 1743 439 1870 498; x_wconf 89' lang='lat' dir='ltr'><strong>omnes,</strong></span> <span class='ocrx_word' id='word_1_290' title='bbox 1893 427 1959 488; x_wconf 88' lang='lat' dir='ltr'><strong>etc.</strong></span> 
     </span>
    </p>
   </div>
   <div class='ocr_carea' id='block_1_14' title="bbox 1166 620 1293 681">
    <p class='ocr_par' dir='ltr' id='par_1_15' title="bbox 1166 620 1293 681">
     <span class='ocr_line' id='line_1_53' title="bbox 1166 620 1293 681; baseline -0.008 0"><span class='ocrx_word' id='word_1_291' title='bbox 1166 620 1293 681; x_wconf 88' lang='lat' dir='ltr'><strong>octavo.</strong></span> 
     </span>
    </p>
   </div>
   <div class='ocr_carea' id='block_1_15' title="bbox 1509 813 1611 900">
    <p class='ocr_par' dir='ltr' id='par_1_16' title="bbox 1509 813 1611 900">
     <span class='ocr_line' id='line_1_54' title="bbox 1509 813 1611 900; baseline 0.01 -1"><span class='ocrx_word' id='word_1_292' title='bbox 1509 813 1611 900; x_wconf 81' lang='lat' dir='ltr'><strong>XCV</strong></span> 
     </span>
    </p>
   </div>
   <div class='ocr_carea' id='block_1_16' title="bbox 1197 965 1928 1121">
    <p class='ocr_par' dir='ltr' id='par_1_17' title="bbox 1197 965 1928 1121">
     <span class='ocr_line' id='line_1_55' title="bbox 1197 965 1928 1038; baseline -0.001 -11"><span class='ocrx_word' id='word_1_293' title='bbox 1197 967 1250 1027; x_wconf 78' lang='lat' dir='ltr'><strong>Ad</strong></span> <span class='ocrx_word' id='word_1_294' title='bbox 1262 965 1498 1038; x_wconf 68' lang='lat' dir='ltr'><strong>praepositum,</strong></span> <span class='ocrx_word' id='word_1_295' title='bbox 1514 965 1554 1025; x_wconf 80' lang='lat' dir='ltr'><strong>R.</strong></span> <span class='ocrx_word' id='word_1_296' title='bbox 1571 965 1606 1024; x_wconf 83' lang='lat' dir='ltr'><strong>et</strong></span> <span class='ocrx_word' id='word_1_297' title='bbox 1618 965 1650 1024; x_wconf 81' lang='lat' dir='ltr'><strong>J.</strong></span> <span class='ocrx_word' id='word_1_298' title='bbox 1667 967 1928 1027; x_wconf 77' lang='lat' dir='ltr'><strong>archidiaconos</strong></span> 
     </span>
     <span class='ocr_line' id='line_1_56' title="bbox 1452 1063 1670 1121; baseline -0.009 0"><span class='ocrx_word' id='word_1_299' title='bbox 1452 1063 1670 1121; x_wconf 73' lang='lat' dir='ltr'><strong>Suessiones.</strong></span> 
     </span>
    </p>
   </div>
   <div class='ocr_carea' id='block_1_17' title="bbox 1181 1189 1941 1379">
    <p class='ocr_par' dir='ltr' id='par_1_18' title="bbox 1181 1189 1941 1379">
     <span class='ocr_line' id='line_1_57' title="bbox 1425 1189 1697 1263; baseline -0.004 -17"><span class='ocrx_word' id='word_1_300' title='bbox 1425 1191 1459 1248; x_wconf 74' lang='lat' dir='ltr'><strong>lb</strong></span> <span class='ocrx_word' id='word_1_301' title='bbox 1475 1189 1598 1263; x_wconf 83' lang='lat' dir='ltr'><strong>januarii</strong></span> <span class='ocrx_word' id='word_1_302' title='bbox 1620 1189 1697 1248; x_wconf 74' lang='lat' dir='ltr'><strong>ibit.</strong></span> 
     </span>
     <span class='ocr_line' id='line_1_58' title="bbox 1181 1311 1941 1379; baseline 0 -15"><span class='ocrx_word' id='word_1_303' title='bbox 1181 1312 1300 1378; x_wconf 73' lang='lat' dir='ltr'><strong>[Regem.,</strong></span> <span class='ocrx_word' id='word_1_304' title='bbox 1310 1311 1356 1364; x_wconf 78' lang='lat' dir='ltr'><strong>lin.</strong></span> <span class='ocrx_word' id='word_1_305' title='bbox 1367 1313 1432 1372; x_wconf 78' lang='lat' dir='ltr'><strong>vili,</strong></span> <span class='ocrx_word' id='word_1_306' title='bbox 1443 1313 1519 1378; x_wconf 81' lang='lat' dir='ltr'><strong>epist.</strong></span> <span class='ocrx_word' id='word_1_307' title='bbox 1532 1313 1586 1364; x_wconf 66' lang='grc' dir='ltr'><strong>ΗΒ.</strong></span> <span class='ocrx_word' id='word_1_308' title='bbox 1598 1313 1655 1364; x_wconf 86' lang='lat' dir='ltr'><strong>llss.</strong></span> <span class='ocrx_word' id='word_1_309' title='bbox 1668 1315 1703 1364; x_wconf 82' lang='lat' dir='ltr'><strong>La</strong></span> <span class='ocrx_word' id='word_1_310' title='bbox 1713 1313 1788 1364; x_wconf 83' lang='lat' dir='ltr'><strong>Porta</strong></span> <span class='ocrx_word' id='word_1_311' title='bbox 1802 1311 1836 1364; x_wconf 88' lang='lat' dir='ltr'><strong>dn</strong></span> <span class='ocrx_word' id='word_1_312' title='bbox 1847 1313 1941 1379; x_wconf 71' lang='lat' dir='ltr'><strong>ticli]</strong></span> 
     </span>
    </p>
   </div>
   <div class='ocr_carea' id='block_1_18' title="bbox 1194 1433 1927 1598">
    <p class='ocr_par' dir='ltr' id='par_1_19' title="bbox 1194 1433 1927 1598">
     <span class='ocr_line' id='line_1_59' title="bbox 1194 1433 1927 1512; baseline 0.003 -19"><span class='ocrx_word' id='word_1_313' title='bbox 1194 1433 1309 1494; x_wconf 84' lang='lat' dir='ltr'><strong>inhibet</strong></span> <span class='ocrx_word' id='word_1_314' title='bbox 1323 1449 1359 1496; x_wconf 87' lang='lat' dir='ltr'><strong>ne</strong></span> <span class='ocrx_word' id='word_1_315' title='bbox 1374 1435 1531 1509; x_wconf 74' lang='lat' dir='ltr'><strong>presbyteri</strong></span> <span class='ocrx_word' id='word_1_316' title='bbox 1545 1436 1676 1496; x_wconf 85' lang='lat' dir='ltr'><strong>ecclesiae</strong></span> <span class='ocrx_word' id='word_1_317' title='bbox 1689 1438 1797 1495; x_wconf 81' lang='lat' dir='ltr'><strong>lotren.</strong></span> <span class='ocrx_word' id='word_1_318' title='bbox 1811 1439 1927 1512; x_wconf 89' lang='lat' dir='ltr'><strong>proprio</strong></span> 
     </span>
     <span class='ocr_line' id='line_1_60' title="bbox 1415 1525 1700 1598; baseline 0.004 -18"><span class='ocrx_word' id='word_1_319' title='bbox 1415 1525 1510 1598; x_wconf 84' lang='lat' dir='ltr'><strong>sigillo</strong></span> <span class='ocrx_word' id='word_1_320' title='bbox 1524 1525 1565 1582; x_wconf 90' lang='lat' dir='ltr'><strong>uti</strong></span> <span class='ocrx_word' id='word_1_321' title='bbox 1580 1525 1700 1597; x_wconf 84' lang='lat' dir='ltr'><strong>possint.</strong></span> 
     </span>
    </p>
   </div>
   <div class='ocr_carea' id='block_1_19' title="bbox 1161 1650 1957 4058">
    <p class='ocr_par' dir='ltr' id='par_1_20' title="bbox 1165 1650 1954 1915">
     <span class='ocr_line' id='line_1_61' title="bbox 1204 1650 1954 1730; baseline 0.003 -18"><span class='ocrx_word' id='word_1_322' title='bbox 1204 1650 1382 1719; x_wconf 86' lang='lat' dir='ltr'><strong>Honorius,</strong></span> <span class='ocrx_word' id='word_1_323' title='bbox 1398 1651 1473 1722; x_wconf 82' lang='lat' dir='ltr'><strong>etc..</strong></span> <span class='ocrx_word' id='word_1_324' title='bbox 1497 1651 1626 1713; x_wconf 89' lang='lat' dir='ltr'><strong>dilectis</strong></span> <span class='ocrx_word' id='word_1_325' title='bbox 1652 1651 1732 1712; x_wconf 88' lang='lat' dir='ltr'><strong>liliis</strong></span> <span class='ocrx_word' id='word_1_326' title='bbox 1736 1694 1796 1712; x_wconf 90' lang='grc'><strong>.....</strong></span> <span class='ocrx_word' id='word_1_327' title='bbox 1819 1667 1954 1730; x_wconf 83' lang='lat' dir='ltr'><strong>praepo-</strong></span> 
     </span>
     <span class='ocr_line' id='line_1_62' title="bbox 1166 1747 1952 1821; baseline 0.003 -13"><span class='ocrx_word' id='word_1_328' title='bbox 1166 1748 1239 1820; x_wconf 89' lang='lat' dir='ltr'><strong>sito,</strong></span> <span class='ocrx_word' id='word_1_329' title='bbox 1264 1749 1303 1808; x_wconf 87' lang='lat' dir='ltr'><strong>R.</strong></span> <span class='ocrx_word' id='word_1_330' title='bbox 1329 1749 1362 1810; x_wconf 90' lang='lat' dir='ltr'><strong>et</strong></span> <span class='ocrx_word' id='word_1_331' title='bbox 1386 1750 1415 1809; x_wconf 90' lang='lat' dir='ltr'><strong>J.</strong></span> <span class='ocrx_word' id='word_1_332' title='bbox 1446 1747 1691 1812; x_wconf 88' lang='lat' dir='ltr'><strong>archidiaconis</strong></span> <span class='ocrx_word' id='word_1_333' title='bbox 1726 1749 1952 1821; x_wconf 79' lang='lat' dir='ltr'><strong>suessionen,</strong></span> 
     </span>
     <span class='ocr_line' id='line_1_63' title="bbox 1165 1844 1392 1915; baseline 0.004 -10"><span class='ocrx_word' id='word_1_334' title='bbox 1165 1844 1316 1915; x_wconf 89' lang='lat' dir='ltr'><strong>salutem,</strong></span> <span class='ocrx_word' id='word_1_335' title='bbox 1330 1845 1392 1906; x_wconf 89' lang='lat' dir='ltr'><strong>etc.</strong></span> 
     </span>
    </p>

    <p class='ocr_par' dir='ltr' id='par_1_21' title="bbox 1161 1941 1957 4058">
     <span class='ocr_line' id='line_1_64' title="bbox 1204 1941 1953 2006; baseline 0.003 -4"><span class='ocrx_word' id='word_1_336' title='bbox 1204 1942 1331 2004; x_wconf 88' lang='lat' dir='ltr'><strong>Dilecta</strong></span> <span class='ocrx_word' id='word_1_337' title='bbox 1345 1943 1380 2004; x_wconf 88' lang='lat' dir='ltr'><strong>in</strong></span> <span class='ocrx_word' id='word_1_338' title='bbox 1396 1941 1525 2006; x_wconf 88' lang='lat' dir='ltr'><strong>Christo</strong></span> <span class='ocrx_word' id='word_1_339' title='bbox 1546 1942 1616 2004; x_wconf 84' lang='lat' dir='ltr'><strong>fllia</strong></span> <span class='ocrx_word' id='word_1_340' title='bbox 1640 1942 1807 2005; x_wconf 87' lang='lat' dir='ltr'><strong>abbatissa</strong></span> <span class='ocrx_word' id='word_1_341' title='bbox 1826 1945 1953 2006; x_wconf 80' lang='lat' dir='ltr'><strong>Jotrem</strong></span> 
     </span>
     <span class='ocr_line' id='line_1_65' title="bbox 1165 2037 1955 2118; baseline 0.003 -19"><span class='ocrx_word' id='word_1_342' title='bbox 1165 2037 1260 2100; x_wconf 87' lang='lat' dir='ltr'><strong>nobis</strong></span> <span class='ocrx_word' id='word_1_343' title='bbox 1274 2039 1446 2102; x_wconf 90' lang='lat' dir='ltr'><strong>insinuare</strong></span> <span class='ocrx_word' id='word_1_344' title='bbox 1461 2040 1600 2112; x_wconf 88' lang='lat' dir='ltr'><strong>curavit,</strong></span> <span class='ocrx_word' id='word_1_345' title='bbox 1623 2040 1709 2118; x_wconf 86' lang='lat' dir='ltr'><strong>quod</strong></span> <span class='ocrx_word' id='word_1_346' title='bbox 1736 2057 1837 2118; x_wconf 89' lang='lat' dir='ltr'><strong>quum</strong></span> <span class='ocrx_word' id='word_1_347' title='bbox 1861 2057 1955 2118; x_wconf 88' lang='lat' dir='ltr'><strong>pres-</strong></span> 
     </span>
     <span class='ocr_line' id='line_1_66' title="bbox 1163 2133 1951 2212; baseline 0.004 -17"><span class='ocrx_word' id='word_1_348' title='bbox 1163 2133 1271 2212; x_wconf 86' lang='lat' dir='ltr'><strong>byteri</strong></span> <span class='ocrx_word' id='word_1_349' title='bbox 1290 2137 1322 2200; x_wconf 90' lang='lat' dir='ltr'><strong>et</strong></span> <span class='ocrx_word' id='word_1_350' title='bbox 1343 2137 1456 2198; x_wconf 89' lang='lat' dir='ltr'><strong>clerici</strong></span> <span class='ocrx_word' id='word_1_351' title='bbox 1481 2139 1609 2200; x_wconf 88' lang='lat' dir='ltr'><strong>Jotren.</strong></span> <span class='ocrx_word' id='word_1_352' title='bbox 1624 2139 1786 2210; x_wconf 86' lang='lat' dir='ltr'><strong>ecclesiae,</strong></span> <span class='ocrx_word' id='word_1_353' title='bbox 1810 2137 1951 2200; x_wconf 87' lang='lat' dir='ltr'><strong>hlalden.</strong></span> 
     </span>
     <span class='ocr_line' id='line_1_67' title="bbox 1165 2231 1955 2310; baseline 0.005 -19"><span class='ocrx_word' id='word_1_354' title='bbox 1165 2231 1330 2304; x_wconf 75' lang='lat' dir='ltr'><strong>dioecesiS,</strong></span> <span class='ocrx_word' id='word_1_355' title='bbox 1345 2248 1411 2294; x_wconf 93' lang='lat' dir='ltr'><strong>non</strong></span> <span class='ocrx_word' id='word_1_356' title='bbox 1433 2234 1678 2296; x_wconf 85' lang='lat' dir='ltr'><strong>consueverunt</strong></span> <span class='ocrx_word' id='word_1_357' title='bbox 1698 2234 1868 2310; x_wconf 90' lang='lat' dir='ltr'><strong>proprium</strong></span> <span class='ocrx_word' id='word_1_358' title='bbox 1892 2233 1955 2295; x_wconf 92' lang='lat' dir='ltr'><strong>ha-</strong></span> 
     </span>
     <span class='ocr_line' id='line_1_68' title="bbox 1164 2327 1954 2408; baseline 0.003 -18"><span class='ocrx_word' id='word_1_359' title='bbox 1164 2327 1242 2390; x_wconf 91' lang='lat' dir='ltr'><strong>bere</strong></span> <span class='ocrx_word' id='word_1_360' title='bbox 1264 2329 1420 2406; x_wconf 82' lang='lat' dir='ltr'><strong>sigillum‚</strong></span> <span class='ocrx_word' id='word_1_361' title='bbox 1448 2346 1508 2392; x_wconf 90' lang='lat' dir='ltr'><strong>nec</strong></span> <span class='ocrx_word' id='word_1_362' title='bbox 1529 2331 1596 2392; x_wconf 89' lang='lat' dir='ltr'><strong>sint</strong></span> <span class='ocrx_word' id='word_1_363' title='bbox 1619 2347 1722 2392; x_wconf 91' lang='lat' dir='ltr'><strong>unum</strong></span> <span class='ocrx_word' id='word_1_364' title='bbox 1749 2346 1879 2408; x_wconf 90' lang='lat' dir='ltr'><strong>corpus,</strong></span> <span class='ocrx_word' id='word_1_365' title='bbox 1907 2331 1954 2392; x_wconf 89' lang='lat' dir='ltr'><strong>ita</strong></span> 
     </span>
     <span class='ocr_line' id='line_1_69' title="bbox 1164 2425 1954 2504; baseline 0.003 -18"><span class='ocrx_word' id='word_1_366' title='bbox 1164 2425 1250 2504; x_wconf 83' lang='lat' dir='ltr'><strong>quod</strong></span> <span class='ocrx_word' id='word_1_367' title='bbox 1281 2427 1462 2504; x_wconf 89' lang='lat' dir='ltr'><strong>capitulum</strong></span> <span class='ocrx_word' id='word_1_368' title='bbox 1495 2427 1714 2504; x_wconf 88' lang='lat' dir='ltr'><strong>appellentur,</strong></span> <span class='ocrx_word' id='word_1_369' title='bbox 1737 2427 1954 2491; x_wconf 87' lang='lat' dir='ltr'><strong>nihilominus</strong></span> 
     </span>
     <span class='ocr_line' id='line_1_70' title="bbox 1164 2523 1953 2601; baseline 0.005 -17"><span class='ocrx_word' id='word_1_370' title='bbox 1164 2523 1274 2586; x_wconf 86' lang='lat' dir='ltr'><strong>tamen</strong></span> <span class='ocrx_word' id='word_1_371' title='bbox 1293 2525 1407 2586; x_wconf 92' lang='lat' dir='ltr'><strong>contra</strong></span> <span class='ocrx_word' id='word_1_372' title='bbox 1427 2524 1630 2586; x_wconf 81' lang='lat' dir='ltr'><strong>voluntatem</strong></span> <span class='ocrx_word' id='word_1_373' title='bbox 1651 2525 1757 2601; x_wconf 87' lang='lat' dir='ltr'><strong>ipsius</strong></span> <span class='ocrx_word' id='word_1_374' title='bbox 1777 2525 1953 2588; x_wconf 85' lang='lat' dir='ltr'><strong>abbatissae</strong></span> 
     </span>
     <span class='ocr_line' id='line_1_71' title="bbox 1164 2619 1957 2700; baseline 0.005 -20"><span class='ocrx_word' id='word_1_375' title='bbox 1164 2637 1237 2697; x_wconf 85' lang='lat' dir='ltr'><strong>quae</strong></span> <span class='ocrx_word' id='word_1_376' title='bbox 1250 2619 1399 2696; x_wconf 89' lang='lat' dir='ltr'><strong>ipsorum</strong></span> <span class='ocrx_word' id='word_1_377' title='bbox 1413 2624 1513 2700; x_wconf 90' lang='lat' dir='ltr'><strong>caput</strong></span> <span class='ocrx_word' id='word_1_378' title='bbox 1527 2623 1577 2684; x_wconf 90' lang='lat' dir='ltr'><strong>est</strong></span> <span class='ocrx_word' id='word_1_379' title='bbox 1591 2624 1624 2684; x_wconf 91' lang='lat' dir='ltr'><strong>et</strong></span> <span class='ocrx_word' id='word_1_380' title='bbox 1635 2623 1788 2700; x_wconf 88' lang='lat' dir='ltr'><strong>patrona,</strong></span> <span class='ocrx_word' id='word_1_381' title='bbox 1806 2623 1957 2699; x_wconf 83' lang='lat' dir='ltr'><strong>sigillum</strong></span> 
     </span>
     <span class='ocr_line' id='line_1_72' title="bbox 1164 2717 1955 2798; baseline 0.006 -21"><span class='ocrx_word' id='word_1_382' title='bbox 1164 2717 1288 2780; x_wconf 89' lang='lat' dir='ltr'><strong>habere</strong></span> <span class='ocrx_word' id='word_1_383' title='bbox 1309 2719 1512 2782; x_wconf 89' lang='lat' dir='ltr'><strong>contendunt</strong></span> <span class='ocrx_word' id='word_1_384' title='bbox 1526 2719 1561 2780; x_wconf 93' lang='lat' dir='ltr'><strong>in</strong></span> <span class='ocrx_word' id='word_1_385' title='bbox 1583 2723 1656 2798; x_wconf 89' lang='lat' dir='ltr'><strong>ejus</strong></span> <span class='ocrx_word' id='word_1_386' title='bbox 1678 2720 1906 2798; x_wconf 70' lang='lat' dir='ltr'><strong>prejudicium</strong></span> <span class='ocrx_word' id='word_1_387' title='bbox 1921 2722 1955 2782; x_wconf 91' lang='lat' dir='ltr'><strong>et</strong></span> 
     </span>
     <span class='ocr_line' id='line_1_73' title="bbox 1163 2817 1955 2894; baseline 0.005 -19"><span class='ocrx_word' id='word_1_388' title='bbox 1163 2829 1358 2892; x_wconf 81' lang='lat' dir='ltr'><strong>gravamen;</strong></span> <span class='ocrx_word' id='word_1_389' title='bbox 1380 2831 1483 2894; x_wconf 88' lang='lat' dir='ltr'><strong>quare</strong></span> <span class='ocrx_word' id='word_1_390' title='bbox 1503 2817 1537 2878; x_wconf 92' lang='lat' dir='ltr'><strong>id</strong></span> <span class='ocrx_word' id='word_1_391' title='bbox 1559 2817 1609 2879; x_wconf 88' lang='lat' dir='ltr'><strong>eis</strong></span> <span class='ocrx_word' id='word_1_392' title='bbox 1631 2833 1651 2880; x_wconf 92' lang='lat' dir='ltr'><strong>a</strong></span> <span class='ocrx_word' id='word_1_393' title='bbox 1674 2817 1770 2878; x_wconf 91' lang='lat' dir='ltr'><strong>nobis</strong></span> <span class='ocrx_word' id='word_1_394' title='bbox 1791 2818 1887 2894; x_wconf 88' lang='lat' dir='ltr'><strong>petiit</strong></span> <span class='ocrx_word' id='word_1_395' title='bbox 1906 2818 1955 2879; x_wconf 91' lang='lat' dir='ltr'><strong>in·</strong></span> 
     </span>
     <span class='ocr_line' id='line_1_74' title="bbox 1163 2913 1955 2986; baseline 0.003 -12"><span class='ocrx_word' id='word_1_396' title='bbox 1163 2913 1281 2976; x_wconf 87' lang='lat' dir='ltr'><strong>hiberi.</strong></span> <span class='ocrx_word' id='word_1_397' title='bbox 1306 2913 1389 2986; x_wconf 90' lang='lat' dir='ltr'><strong>Quia</strong></span> <span class='ocrx_word' id='word_1_398' title='bbox 1417 2931 1497 2977; x_wconf 83' lang='lat' dir='ltr'><strong>vero</strong></span> <span class='ocrx_word' id='word_1_399' title='bbox 1526 2914 1622 2976; x_wconf 89' lang='lat' dir='ltr'><strong>nobis</strong></span> <span class='ocrx_word' id='word_1_400' title='bbox 1645 2930 1713 2978; x_wconf 90' lang='lat' dir='ltr'><strong>non</strong></span> <span class='ocrx_word' id='word_1_401' title='bbox 1737 2915 1891 2977; x_wconf 86' lang='lat' dir='ltr'><strong>consistit</strong></span> <span class='ocrx_word' id='word_1_402' title='bbox 1912 2913 1955 2976; x_wconf 89' lang='lat' dir='ltr'><strong>de</strong></span> 
     </span>
     <span class='ocr_line' id='line_1_75' title="bbox 1163 3011 1954 3089; baseline 0.003 -17"><span class='ocrx_word' id='word_1_403' title='bbox 1163 3011 1355 3088; x_wconf 71' lang='lat' dir='ltr'><strong>praemissis</strong></span> <span class='ocrx_word' id='word_1_404' title='bbox 1379 3011 1570 3074; x_wconf 90' lang='lat' dir='ltr'><strong>discretioni</strong></span> <span class='ocrx_word' id='word_1_405' title='bbox 1591 3013 1710 3074; x_wconf 82' lang='lat' dir='ltr'><strong>vestrae</strong></span> <span class='ocrx_word' id='word_1_406' title='bbox 1732 3028 1792 3089; x_wconf 89' lang='lat' dir='ltr'><strong>per</strong></span> <span class='ocrx_word' id='word_1_407' title='bbox 1813 3013 1954 3089; x_wconf 86' lang='lat' dir='ltr'><strong>Aposto-</strong></span> 
     </span>
     <span class='ocr_line' id='line_1_76' title="bbox 1163 3108 1955 3187; baseline 0.001 -18"><span class='ocrx_word' id='word_1_408' title='bbox 1163 3109 1227 3170; x_wconf 92' lang='lat' dir='ltr'><strong>lica</strong></span> <span class='ocrx_word' id='word_1_409' title='bbox 1243 3109 1365 3185; x_wconf 89' lang='lat' dir='ltr'><strong>scripta</strong></span> <span class='ocrx_word' id='word_1_410' title='bbox 1381 3110 1587 3182; x_wconf 90' lang='lat' dir='ltr'><strong>mandamus,</strong></span> <span class='ocrx_word' id='word_1_411' title='bbox 1605 3109 1778 3187; x_wconf 84' lang='lat' dir='ltr'><strong>quatenus,</strong></span> <span class='ocrx_word' id='word_1_412' title='bbox 1793 3108 1955 3187; x_wconf 86' lang='lat' dir='ltr'><strong>inquisita</strong></span> 
     </span>
     <span class='ocr_line' id='line_1_77' title="bbox 1163 3206 1952 3282; baseline 0.001 -16"><span class='ocrx_word' id='word_1_413' title='bbox 1163 3221 1262 3282; x_wconf 90' lang='lat' dir='ltr'><strong>super</strong></span> <span class='ocrx_word' id='word_1_414' title='bbox 1277 3206 1329 3266; x_wconf 88' lang='lat' dir='ltr'><strong>his</strong></span> <span class='ocrx_word' id='word_1_415' title='bbox 1345 3206 1535 3282; x_wconf 77' lang='lat' dir='ltr'><strong>diligentius</strong></span> <span class='ocrx_word' id='word_1_416' title='bbox 1549 3207 1699 3279; x_wconf 87' lang='lat' dir='ltr'><strong>veritate,</strong></span> <span class='ocrx_word' id='word_1_417' title='bbox 1715 3207 1743 3268; x_wconf 92' lang='lat' dir='ltr'><strong>si</strong></span> <span class='ocrx_word' id='word_1_418' title='bbox 1758 3207 1852 3268; x_wconf 81' lang='lat' dir='ltr'><strong>vobis</strong></span> <span class='ocrx_word' id='word_1_419' title='bbox 1867 3222 1952 3268; x_wconf 90' lang='lat' dir='ltr'><strong>cou-</strong></span> 
     </span>
     <span class='ocr_line' id='line_1_78' title="bbox 1163 3301 1953 3380; baseline 0.004 -19"><span class='ocrx_word' id='word_1_420' title='bbox 1163 3301 1284 3364; x_wconf 88' lang='lat' dir='ltr'><strong>stiterit</strong></span> <span class='ocrx_word' id='word_1_421' title='bbox 1299 3317 1368 3362; x_wconf 90' lang='lat' dir='ltr'><strong>rem</strong></span> <span class='ocrx_word' id='word_1_422' title='bbox 1383 3303 1495 3364; x_wconf 88' lang='lat' dir='ltr'><strong>taliter</strong></span> <span class='ocrx_word' id='word_1_423' title='bbox 1516 3317 1552 3364; x_wconf 91' lang='lat' dir='ltr'><strong>se</strong></span> <span class='ocrx_word' id='word_1_424' title='bbox 1575 3301 1709 3376; x_wconf 90' lang='lat' dir='ltr'><strong>habere,</strong></span> <span class='ocrx_word' id='word_1_425' title='bbox 1733 3303 1830 3365; x_wconf 90' lang='lat' dir='ltr'><strong>dictis</strong></span> <span class='ocrx_word' id='word_1_426' title='bbox 1854 3319 1953 3380; x_wconf 89' lang='lat' dir='ltr'><strong>pres-</strong></span> 
     </span>
     <span class='ocr_line' id='line_1_79' title="bbox 1162 3397 1952 3475; baseline 0 -15"><span class='ocrx_word' id='word_1_427' title='bbox 1162 3397 1287 3475; x_wconf 85' lang='lat' dir='ltr'><strong>byteris</strong></span> <span class='ocrx_word' id='word_1_428' title='bbox 1309 3402 1342 3460; x_wconf 90' lang='lat' dir='ltr'><strong>et</strong></span> <span class='ocrx_word' id='word_1_429' title='bbox 1363 3399 1494 3460; x_wconf 88' lang='lat' dir='ltr'><strong>clericis</strong></span> <span class='ocrx_word' id='word_1_430' title='bbox 1514 3399 1710 3462; x_wconf 86' lang='lat' dir='ltr'><strong>auctoritate</strong></span> <span class='ocrx_word' id='word_1_431' title='bbox 1730 3401 1841 3463; x_wconf 88' lang='lat' dir='ltr'><strong>nostra</strong></span> <span class='ocrx_word' id='word_1_432' title='bbox 1858 3400 1952 3461; x_wconf 91' lang='lat' dir='ltr'><strong>inhi-</strong></span> 
     </span>
     <span class='ocr_line' id='line_1_80' title="bbox 1161 3495 1953 3572; baseline 0.003 -16"><span class='ocrx_word' id='word_1_433' title='bbox 1161 3495 1267 3557; x_wconf 88' lang='lat' dir='ltr'><strong>beatis</strong></span> <span class='ocrx_word' id='word_1_434' title='bbox 1279 3509 1449 3571; x_wconf 82' lang='lat' dir='ltr'><strong>expresse,</strong></span> <span class='ocrx_word' id='word_1_435' title='bbox 1463 3511 1506 3557; x_wconf 89' lang='lat' dir='ltr'><strong>ue</strong></span> <span class='ocrx_word' id='word_1_436' title='bbox 1521 3497 1725 3572; x_wconf 82' lang='lat' dir='ltr'><strong>praesumant</strong></span> <span class='ocrx_word' id='word_1_437' title='bbox 1742 3497 1796 3558; x_wconf 89' lang='lat' dir='ltr'><strong>vel</strong></span> <span class='ocrx_word' id='word_1_438' title='bbox 1810 3495 1851 3558; x_wconf 87' lang='lat' dir='ltr'><strong>do</strong></span> <span class='ocrx_word' id='word_1_439' title='bbox 1866 3513 1953 3560; x_wconf 83' lang='lat' dir='ltr'><strong>novo</strong></span> 
     </span>
     <span class='ocr_line' id='line_1_81' title="bbox 1161 3591 1953 3668; baseline 0.003 -16"><span class='ocrx_word' id='word_1_440' title='bbox 1161 3591 1326 3654; x_wconf 90' lang='lat' dir='ltr'><strong>fabricare</strong></span> <span class='ocrx_word' id='word_1_441' title='bbox 1336 3593 1495 3668; x_wconf 79' lang='lat' dir='ltr'><strong>sigillum,</strong></span> <span class='ocrx_word' id='word_1_442' title='bbox 1505 3593 1558 3654; x_wconf 79' lang='lat' dir='ltr'><strong>rel</strong></span> <span class='ocrx_word' id='word_1_443' title='bbox 1570 3594 1617 3654; x_wconf 92' lang='lat' dir='ltr'><strong>uti</strong></span> <span class='ocrx_word' id='word_1_444' title='bbox 1628 3609 1679 3662; x_wconf 88' lang='lat' dir='ltr'><strong>eo,</strong></span> <span class='ocrx_word' id='word_1_445' title='bbox 1689 3593 1717 3653; x_wconf 93' lang='lat' dir='ltr'><strong>si</strong></span> <span class='ocrx_word' id='word_1_446' title='bbox 1727 3593 1812 3655; x_wconf 89' lang='lat' dir='ltr'><strong>forte</strong></span> <span class='ocrx_word' id='word_1_447' title='bbox 1823 3595 1953 3656; x_wconf 82' lang='lat' dir='ltr'><strong>noviter</strong></span> 
     </span>
     <span class='ocr_line' id='line_1_82' title="bbox 1162 3687 1952 3766; baseline 0.004 -17"><span class='ocrx_word' id='word_1_448' title='bbox 1162 3687 1378 3761; x_wconf 89' lang='lat' dir='ltr'><strong>fabricarunt,</strong></span> <span class='ocrx_word' id='word_1_449' title='bbox 1408 3690 1498 3766; x_wconf 89' lang='lat' dir='ltr'><strong>ipsos</strong></span> <span class='ocrx_word' id='word_1_450' title='bbox 1523 3689 1551 3750; x_wconf 89' lang='lat' dir='ltr'><strong>si</strong></span> <span class='ocrx_word' id='word_1_451' title='bbox 1578 3693 1694 3752; x_wconf 89' lang='lat' dir='ltr'><strong>contra</strong></span> <span class='ocrx_word' id='word_1_452' title='bbox 1719 3691 1952 3752; x_wconf 87' lang='lat' dir='ltr'><strong>inhibitionem</strong></span> 
     </span>
     <span class='ocr_line' id='line_1_83' title="bbox 1161 3786 1953 3866; baseline 0.003 -18"><span class='ocrx_word' id='word_1_453' title='bbox 1161 3786 1305 3848; x_wconf 85' lang='lat' dir='ltr'><strong>vestram</strong></span> <span class='ocrx_word' id='word_1_454' title='bbox 1316 3786 1431 3847; x_wconf 84' lang='lat' dir='ltr'><strong>venire</strong></span> <span class='ocrx_word' id='word_1_455' title='bbox 1444 3787 1756 3864; x_wconf 66' lang='lat' dir='ltr'><strong>praesumpserinta</strong></span> <span class='ocrx_word' id='word_1_456' title='bbox 1768 3803 1953 3866; x_wconf 70' lang='lat' dir='ltr'><strong>presump-</strong></span> 
     </span>
     <span class='ocr_line' id='line_1_84' title="bbox 1161 3882 1952 3963; baseline 0.005 -18"><span class='ocrx_word' id='word_1_457' title='bbox 1161 3883 1251 3945; x_wconf 89' lang='lat' dir='ltr'><strong>tione</strong></span> <span class='ocrx_word' id='word_1_458' title='bbox 1265 3882 1454 3963; x_wconf 85' lang='lat' dir='ltr'><strong>hujusmodi</strong></span> <span class='ocrx_word' id='word_1_459' title='bbox 1468 3897 1528 3960; x_wconf 90' lang='lat' dir='ltr'><strong>per</strong></span> <span class='ocrx_word' id='word_1_460' title='bbox 1545 3899 1721 3948; x_wconf 90' lang='lat' dir='ltr'><strong>censuram</strong></span> <span class='ocrx_word' id='word_1_461' title='bbox 1741 3885 1952 3948; x_wconf 79' lang='lat' dir='ltr'><strong>ecclesiasti-</strong></span> 
     </span>
     <span class='ocr_line' id='line_1_85' title="bbox 1161 3979 1949 4058; baseline 0 -17"><span class='ocrx_word' id='word_1_462' title='bbox 1161 3995 1244 4050; x_wconf 90' lang='lat' dir='ltr'><strong>cam,</strong></span> <span class='ocrx_word' id='word_1_463' title='bbox 1259 3979 1482 4056; x_wconf 89' lang='lat' dir='ltr'><strong>appellatione</strong></span> <span class='ocrx_word' id='word_1_464' title='bbox 1491 3980 1949 4058; x_wconf 73' lang='lat' dir='ltr'><strong>postpositacompescentes.</strong></span> 
     </span>
    </p>
   </div>
   <div class='ocr_carea' id='block_1_20' title="bbox 1139 4074 1949 4150">
    <p class='ocr_par' dir='ltr' id='par_1_22' title="bbox 1139 4074 1949 4150">
     <span class='ocr_line' id='line_1_86' title="bbox 1139 4074 1949 4150; baseline 0.002 -15"><span class='ocrx_word' id='word_1_465' title='bbox 1139 4104 1142 4119; x_wconf 92' lang='lat'>·</span> <span class='ocrx_word' id='word_1_466' title='bbox 1161 4075 1253 4147; x_wconf 90' lang='lat' dir='ltr'><strong>Quod</strong></span> <span class='ocrx_word' id='word_1_467' title='bbox 1279 4074 1308 4136; x_wconf 91' lang='lat' dir='ltr'><strong>si</strong></span> <span class='ocrx_word' id='word_1_468' title='bbox 1329 4091 1395 4137; x_wconf 90' lang='lat' dir='ltr'><strong>uon</strong></span> <span class='ocrx_word' id='word_1_469' title='bbox 1418 4091 1546 4148; x_wconf 88' lang='lat' dir='ltr'><strong>omnes,</strong></span> <span class='ocrx_word' id='word_1_470' title='bbox 1565 4077 1627 4139; x_wconf 88' lang='lat' dir='ltr'><strong>etc.</strong></span> <span class='ocrx_word' id='word_1_471' title='bbox 1644 4079 1762 4141; x_wconf 87' lang='lat' dir='ltr'><strong>Datum</strong></span> <span class='ocrx_word' id='word_1_472' title='bbox 1782 4077 1949 4150; x_wconf 88' lang='lat' dir='ltr'><strong>Laterani,</strong></span> 
     </span>
    </p>
   </div>
   <div class='ocr_carea' id='block_1_21' title="bbox 1161 4171 1699 4249">
    <p class='ocr_par' dir='ltr' id='par_1_23' title="bbox 1161 4171 1699 4249">
     <span class='ocr_line' id='line_1_87' title="bbox 1161 4171 1699 4249; baseline 0.004 -17"><span class='ocrx_word' id='word_1_473' title='bbox 1161 4174 1191 4232; x_wconf 94' lang='lat' dir='ltr'><strong>ll</strong></span> <span class='ocrx_word' id='word_1_474' title='bbox 1205 4171 1280 4233; x_wconf 92' lang='lat' dir='ltr'><strong>idus</strong></span> <span class='ocrx_word' id='word_1_475' title='bbox 1291 4171 1451 4249; x_wconf 89' lang='lat' dir='ltr'><strong>januarii,</strong></span> <span class='ocrx_word' id='word_1_476' title='bbox 1467 4187 1555 4234; x_wconf 89' lang='lat' dir='ltr'><strong>anno</strong></span> <span class='ocrx_word' id='word_1_477' title='bbox 1570 4173 1699 4235; x_wconf 85' lang='lat' dir='ltr'><strong>octavo.</strong></span> 
     </span>
    </p>
   </div>
   <div class='ocr_carea' id='block_1_22' title="bbox 1492 4413 1614 4501">
    <p class='ocr_par' dir='ltr' id='par_1_24' title="bbox 1492 4413 1614 4501">
     <span class='ocr_line' id='line_1_88' title="bbox 1492 4413 1614 4501; baseline 0.008 -1"><span class='ocrx_word' id='word_1_478' title='bbox 1492 4413 1614 4501; x_wconf 84' lang='lat' dir='ltr'>XCVI</span> 
     </span>
    </p>
   </div>
   <div class='ocr_carea' id='block_1_23' title="bbox 1160 4563 1948 4640">
    <p class='ocr_par' dir='ltr' id='par_1_25' title="bbox 1160 4563 1948 4640">
     <span class='ocr_line' id='line_1_89' title="bbox 1160 4563 1948 4640; baseline 0.004 -17"><span class='ocrx_word' id='word_1_479' title='bbox 1160 4563 1212 4624; x_wconf 78' lang='lat' dir='ltr'><strong>An</strong></span> <span class='ocrx_word' id='word_1_480' title='bbox 1235 4563 1430 4626; x_wconf 68' lang='lat' dir='ltr'><strong>(ferandum</strong></span> <span class='ocrx_word' id='word_1_481' title='bbox 1455 4567 1719 4626; x_wconf 79' lang='lat' dir='ltr'><strong>Cremonensem</strong></span> <span class='ocrx_word' id='word_1_482' title='bbox 1743 4567 1948 4640; x_wconf 79' lang='lat' dir='ltr'><strong>episcopum.</strong></span> 
     </span>
    </p>
   </div>
   <div class='ocr_carea' id='block_1_24' title="bbox 1345 4692 1765 4882">
    <p class='ocr_par' dir='ltr' id='par_1_26' title="bbox 1345 4692 1765 4882">
     <span class='ocr_line' id='line_1_90' title="bbox 1421 4692 1687 4766; baseline 0.004 -16"><span class='ocrx_word' id='word_1_483' title='bbox 1421 4693 1454 4750; x_wconf 77' lang='lat' dir='ltr'><strong>lt</strong></span> <span class='ocrx_word' id='word_1_484' title='bbox 1469 4692 1593 4766; x_wconf 75' lang='lat' dir='ltr'><strong>ianuarii</strong></span> <span class='ocrx_word' id='word_1_485' title='bbox 1609 4695 1687 4754; x_wconf 78' lang='lat' dir='ltr'><strong>liti.</strong></span> 
     </span>
     <span class='ocr_line' id='line_1_91' title="bbox 1345 4815 1765 4882; baseline 0.002 -15"><span class='ocrx_word' id='word_1_486' title='bbox 1345 4815 1463 4880; x_wconf 71' lang='lat' dir='ltr'><strong>[agnelli</strong></span> <span class='ocrx_word' id='word_1_487' title='bbox 1475 4815 1550 4866; x_wconf 76' lang='lat' dir='ltr'><strong>italis</strong></span> <span class='ocrx_word' id='word_1_488' title='bbox 1560 4829 1641 4877; x_wconf 75' lang='lat' dir='ltr'><strong>sacra,</strong></span> <span class='ocrx_word' id='word_1_489' title='bbox 1654 4819 1686 4876; x_wconf 79' lang='lat' dir='ltr'><strong>V,</strong></span> <span class='ocrx_word' id='word_1_490' title='bbox 1696 4817 1765 4882; x_wconf 56' lang='lat' dir='ltr'><strong>doe]</strong></span> 
     </span>
    </p>
   </div>
   <div class='ocr_carea' id='block_1_25' title="bbox 1160 4938 1947 5103">
    <p class='ocr_par' dir='ltr' id='par_1_27' title="bbox 1160 4938 1947 5103">
     <span class='ocr_line' id='line_1_92' title="bbox 1160 4938 1947 5016; baseline 0.003 -18"><span class='ocrx_word' id='word_1_491' title='bbox 1160 4938 1292 5014; x_wconf 82' lang='lat' dir='ltr'><strong>indulget</strong></span> <span class='ocrx_word' id='word_1_492' title='bbox 1310 4946 1340 4996; x_wconf 90' lang='lat' dir='ltr'><strong>ut</strong></span> <span class='ocrx_word' id='word_1_493' title='bbox 1357 4938 1392 4997; x_wconf 90' lang='lat' dir='ltr'><strong>de</strong></span> <span class='ocrx_word' id='word_1_494' title='bbox 1409 4939 1578 5012; x_wconf 86' lang='lat' dir='ltr'><strong>quibusdam</strong></span> <span class='ocrx_word' id='word_1_495' title='bbox 1596 4939 1824 5016; x_wconf 86' lang='lat' dir='ltr'><strong>possessionibus</strong></span> <span class='ocrx_word' id='word_1_496' title='bbox 1837 4942 1947 5016; x_wconf 87' lang='lat' dir='ltr'><strong>episco-</strong></span> 
     </span>
     <span class='ocr_line' id='line_1_93' title="bbox 1184 5027 1922 5103; baseline 0.003 -18"><span class='ocrx_word' id='word_1_497' title='bbox 1184 5028 1296 5100; x_wconf 88' lang='lat' dir='ltr'><strong>palibus</strong></span> <span class='ocrx_word' id='word_1_498' title='bbox 1309 5027 1468 5098; x_wconf 85' lang='lat' dir='ltr'><strong>infeudare,</strong></span> <span class='ocrx_word' id='word_1_499' title='bbox 1483 5028 1611 5102; x_wconf 80' lang='lat' dir='ltr'><strong>obligare</strong></span> <span class='ocrx_word' id='word_1_500' title='bbox 1621 5029 1666 5087; x_wconf 87' lang='lat' dir='ltr'><strong>vel</strong></span> <span class='ocrx_word' id='word_1_501' title='bbox 1679 5029 1803 5088; x_wconf 86' lang='lat' dir='ltr'><strong>vendere</strong></span> <span class='ocrx_word' id='word_1_502' title='bbox 1816 5037 1922 5103; x_wconf 86' lang='lat' dir='ltr'><strong>posset.</strong></span> 
     </span>
    </p>
   </div>
   <div class='ocr_carea' id='block_1_26' title="bbox 1159 5162 1951 5632">
    <p class='ocr_par' dir='ltr' id='par_1_28' title="bbox 1159 5162 1951 5632">
     <span class='ocr_line' id='line_1_94' title="bbox 1200 5162 1950 5244; baseline 0.003 -18"><span class='ocrx_word' id='word_1_503' title='bbox 1200 5165 1245 5226; x_wconf 83' lang='lat' dir='ltr'><strong>Da</strong></span> <span class='ocrx_word' id='word_1_504' title='bbox 1271 5162 1479 5242; x_wconf 81' lang='lat' dir='ltr'><strong>providentia</strong></span> <span class='ocrx_word' id='word_1_505' title='bbox 1506 5166 1563 5226; x_wconf 90' lang='lat' dir='ltr'><strong>tua</strong></span> <span class='ocrx_word' id='word_1_506' title='bbox 1587 5164 1718 5244; x_wconf 89' lang='lat' dir='ltr'><strong>plenam</strong></span> <span class='ocrx_word' id='word_1_507' title='bbox 1749 5165 1783 5226; x_wconf 92' lang='lat' dir='ltr'><strong>in</strong></span> <span class='ocrx_word' id='word_1_508' title='bbox 1811 5166 1950 5228; x_wconf 86' lang='lat' dir='ltr'><strong>Domino</strong></span> 
     </span>
     <span class='ocr_line' id='line_1_95' title="bbox 1160 5247 1951 5340; baseline 0.005 -18"><span class='ocrx_word' id='word_1_509' title='bbox 1160 5259 1314 5322; x_wconf 89' lang='lat' dir='ltr'><strong>fiduciam</strong></span> <span class='ocrx_word' id='word_1_510' title='bbox 1336 5259 1532 5334; x_wconf 90' lang='lat' dir='ltr'><strong>obtinentes,</strong></span> <span class='ocrx_word' id='word_1_511' title='bbox 1547 5263 1580 5323; x_wconf 88' lang='lat' dir='ltr'><strong>et</strong></span> <span class='ocrx_word' id='word_1_512' title='bbox 1599 5261 1740 5340; x_wconf 78' lang='lat' dir='ltr'><strong>gratiam</strong></span> <span class='ocrx_word' id='word_1_513' title='bbox 1756 5247 1817 5324; x_wconf 78' lang='lat' dir='ltr'><strong>tibi</strong></span> <span class='ocrx_word' id='word_1_514' title='bbox 1834 5265 1951 5326; x_wconf 89' lang='lat' dir='ltr'><strong>volen-</strong></span> 
     </span>
     <span class='ocr_line' id='line_1_96' title="bbox 1160 5358 1950 5438; baseline 0.004 -18"><span class='ocrx_word' id='word_1_515' title='bbox 1160 5361 1210 5422; x_wconf 92' lang='lat' dir='ltr'><strong>tes</strong></span> <span class='ocrx_word' id='word_1_516' title='bbox 1224 5358 1333 5420; x_wconf 90' lang='lat' dir='ltr'><strong>lacere</strong></span> <span class='ocrx_word' id='word_1_517' title='bbox 1351 5359 1530 5436; x_wconf 89' lang='lat' dir='ltr'><strong>specialem</strong></span> <span class='ocrx_word' id='word_1_518' title='bbox 1545 5361 1581 5421; x_wconf 88' lang='lat' dir='ltr'><strong>ut</strong></span> <span class='ocrx_word' id='word_1_519' title='bbox 1597 5375 1671 5420; x_wconf 90' lang='lat' dir='ltr'><strong>cum</strong></span> <span class='ocrx_word' id='word_1_520' title='bbox 1690 5359 1950 5438; x_wconf 86' lang='lat' dir='ltr'><strong>metropolitani,</strong></span> 
     </span>
     <span class='ocr_line' id='line_1_97' title="bbox 1160 5455 1950 5536; baseline 0.001 -17"><span class='ocrx_word' id='word_1_521' title='bbox 1160 5458 1192 5519; x_wconf 86' lang='lat' dir='ltr'><strong>et</strong></span> <span class='ocrx_word' id='word_1_522' title='bbox 1205 5455 1341 5536; x_wconf 89' lang='lat' dir='ltr'><strong>capituli</strong></span> <span class='ocrx_word' id='word_1_523' title='bbox 1351 5456 1412 5526; x_wconf 90' lang='lat' dir='ltr'><strong>tui,</strong></span> <span class='ocrx_word' id='word_1_524' title='bbox 1426 5456 1479 5518; x_wconf 82' lang='lat' dir='ltr'><strong>rol</strong></span> <span class='ocrx_word' id='word_1_525' title='bbox 1489 5455 1625 5534; x_wconf 89' lang='lat' dir='ltr'><strong>majoris</strong></span> <span class='ocrx_word' id='word_1_526' title='bbox 1640 5457 1673 5520; x_wconf 90' lang='lat' dir='ltr'><strong>et</strong></span> <span class='ocrx_word' id='word_1_527' title='bbox 1685 5457 1830 5520; x_wconf 89' lang='lat' dir='ltr'><strong>sanioris</strong></span> <span class='ocrx_word' id='word_1_528' title='bbox 1845 5459 1950 5534; x_wconf 87' lang='lat' dir='ltr'><strong>partis</strong></span> 
     </span>
     <span class='ocr_line' id='line_1_98' title="bbox 1159 5553 1950 5632; baseline 0.004 -18"><span class='ocrx_word' id='word_1_529' title='bbox 1159 5553 1265 5632; x_wconf 89' lang='lat' dir='ltr'><strong>ipsius</strong></span> <span class='ocrx_word' id='word_1_530' title='bbox 1280 5569 1455 5625; x_wconf 88' lang='lat' dir='ltr'><strong>consensu,</strong></span> <span class='ocrx_word' id='word_1_531' title='bbox 1473 5553 1514 5614; x_wconf 93' lang='lat' dir='ltr'><strong>de</strong></span> <span class='ocrx_word' id='word_1_532' title='bbox 1532 5553 1796 5630; x_wconf 88' lang='lat' dir='ltr'><strong>possessionibus</strong></span> <span class='ocrx_word' id='word_1_533' title='bbox 1816 5557 1950 5632; x_wconf 86' lang='lat' dir='ltr'><strong>episco-</strong></span> 
     </span>
    </p>
   </div>
   <div class='ocr_carea' id='block_1_27' title="bbox 1899 267 1964 330">
    <p class='ocr_par' dir='ltr' id='par_1_29' title="bbox 1899 149 2108 354">
     <span class='ocr_line' id='line_1_99' title="bbox 1899 267 1964 330; baseline 0 24"><span class='ocrx_word' id='word_1_534' title='bbox 1899 267 1964 330; x_wconf 61' lang='grc' dir='ltr'><strong>ωε</strong></span> 
     </span>
    </p>
   </div>
   <div class='ocr_carea' id='block_1_28' title="bbox 0 0 2134 6390">
    <p class='ocr_par' dir='ltr' id='par_1_30' title="bbox 0 0 2134 6390">
     <span class='ocr_line' id='line_1_100' title="bbox 0 0 2134 6390; baseline 0 0"><span class='ocrx_word' id='word_1_535' title='bbox 0 0 2134 6390; x_wconf 95' lang='lat' dir='ltr'><strong> </strong></span> 
     </span>
    </p>
   </div>
  </div>
 </body>
</html>
