4262 6382
762 303 1178 368 nummmasnm.m.
1289 317 1323 382 s,
1415 398 1422 408 ·

458 470 634 555 uaxrss

227 632 278 694 Ad
298 632 592 710 arclaicplrcopum
616 627 863 694 Arelateasom.

411 769 444 824 tt
458 767 592 832 lebrrrarii
605 767 684 825 litt.

176 891 296 956 [Regest.,
307 891 353 942 lib.
364 891 407 951 lii,
416 891 490 956 epist.
505 891 557 942 lto
571 892 628 942 idas.
642 892 678 942 lla
690 893 763 942 Porto
774 893 807 942 du
822 891 915 956 Thali]

149 1017 370 1080 concessionem
394 1017 523 1076 ecclesie
551 1017 637 1078 castri
662 1016 699 1074 de
723 1016 817 1074 Sellon
839 1016 893 1088 ipsi
914 1016 942 1072 in

183 1103 359 1162 beneficium
378 1105 527 1178 personale
555 1119 571 1161 a
594 1106 745 1178 praeposito
768 1112 799 1160 et
819 1104 942 1179 capitula

183 1193 342 1250 Arelatensi
366 1191 470 1252 iactam
492 1194 660 1254 auctoritate
681 1191 845 1266 Apostolica
871 1205 939 1249 cou-

183 1280 286 1338 lirmat.

186 1407 373 1478 Honorius,
389 1407 466 1478 etc„
482 1404 669 1468 venerabili
686 1404 783 1469 fratri
802 1409 842 1468 H.
859 1408 946 1470 Are·

148 1502 267 1566 latensi
283 1503 552 1584 archiepiscopo,
565 1502 706 1567 salntem
725 1503 759 1566 et
772 1503 941 1582 Apostoli-

147 1617 220 1666 cam
235 1600 511 1664 benedictionem.

188 1701 267 1758 Cam
284 1714 304 1757 a
322 1696 417 1760 nobis
436 1697 569 1774 petitur,
582 1712 688 1773 risque
707 1697 871 1760 effectum.
892 1699 942 1758 Ex

148 1797 241 1872 parte
255 1794 418 1872 siquidem
433 1793 651 1856 fraternitatis
667 1794 732 1856 tnae
754 1794 817 1856 luit
828 1794 944 1854 nostro⁴

148 1891 358 1968 Apostolatui
376 1893 578 1962 reseratius,
606 1891 793 1968 quodcum
822 1891 948 1956 arolri-¹

147 1989 353 2066 episcopium
366 1990 459 2051 tuum
471 1988 662 2056 debitorum
676 1989 719 2050 sit
734 2004 834 2050 onere
848 2004 939 2063 prm-

146 2087 319 2161 gravatum
334 2086 448 2148 dilecti
468 2086 567 2148 filii...
584 2086 783 2166 praepositus
798 2087 832 2148 at
846 2085 940 2160 capi-

144 2183 249 2244 tulum
276 2183 491 2247 Arelatenses
525 2183 595 2244 tuis
622 2185 655 2246 et
680 2182 939 2260 archiepiscopii

145 2280 392 2356 gravaminibus
431 2279 666 2358 compatientes
702 2280 850 2356 ejusdem
898 2278 941 2340 ad

133 2377 366 2440 sublevandas
392 2377 607 2439 necessitates
635 2377 731 2447 tuas,
763 2376 938 2440 ecclesiam

144 2475 245 2536 castri
260 2475 300 2535 de
315 2475 427 2537 Sallen
442 2475 483 2536 ad
506 2475 716 2537 collationem
736 2475 937 2550 spectantem

144 2572 294 2650 ipsorum
315 2572 353 2634 in
375 2572 551 2648 personale
566 2571 625 2634 tibi
642 2570 839 2632 beneficium
854 2586 937 2634 con-

144 2670 325 2741 cesserunt,
349 2685 452 2747 quare
473 2685 494 2746 a
516 2668 613 2730 nobis
632 2668 803 2731 humiliter
818 2668 936 2744 postu-

144 2767 242 2839 lasti,
275 2767 312 2828 ut
339 2766 588 2829 concessionem
614 2766 721 2842 ipsam
746 2765 938 2842 Apostolico

143 2865 326 2926 munimine
347 2863 517 2926 roborare.
541 2865 610 2924 Nos
632 2863 735 2936 igitur
753 2862 820 2923 tuis
836 2862 936 2938 justis

143 2961 297 3037 precibus
326 2960 457 3035 gratum
482 2959 712 3034 impartientes
741 2973 935 3029 assensum,

144 3057 392 3120 concessionem
408 3057 513 3132 ipsam
529 3055 615 3116 sicut
625 3055 715 3131 juste
733 3055 765 3116 et
777 3053 936 3116 canonice

143 3154 230 3216 lacta
244 3155 305 3226 est,
330 3153 527 3216 auctoritate
546 3150 735 3228 Apostolica
755 3151 935 3212 conflrma-

142 3268 216 3312 mus
238 3253 272 3312 at
294 3250 469 3327 praesentis
495 3249 611 3324 scripti
631 3248 818 3328 patrocinio
841 3265 934 3310 com-

143 3349 320 3408 munimus.
344 3347 436 3408 Nulli
456 3362 546 3421 ergo,
573 3346 648 3416 etc,
670 3345 756 3406 hanc
780 3345 935 3422 paginam

143 3447 267 3506 nostrae
298 3443 582 3513 confirmationis,
606 3445 668 3504 etc.
701 3443 736 3504 Si
770 3444 843 3518 quis
872 3458 934 3504 au-

143 3543 220 3614 tem,
245 3543 306 3604 etc.
329 3541 447 3602 Datum
473 3540 646 3612 Laterani,
674 3541 748 3602 XVI
774 3539 935 3600 kalendas

142 3638 265 3712 martii,
282 3654 370 3700 anno
386 3653 484 3699 noue.

437 3929 637 4019 uxxvfll

161 4089 504 4162 Auarcnleptseopos,
521 4091 695 4160 episcopos
707 4087 740 4148 ct
748 4089 911 4165 praelatos

392 4187 493 4259 repar·
510 4187 680 4246 Froracioe.

402 4325 437 4383 lo'
448 4321 580 4386 februarii
594 4322 671 4380 litii.

155 4448 292 4512 [bouquet
306 4447 364 4501 lico.
376 4445 421 4499 des
433 4445 508 4504 ltist,
519 4445 586 4501 xlx,
600 4461 625 4509 p.
634 4443 688 4494 lut.
699 4446 806 4508 neges..
821 4443 864 4494 lib.
874 4445 917 4504 lX,

479 4539 518 4589 ep.
541 4525 608 4590 tin]

140 4645 175 4700 Ut
200 4639 266 4698 lidei
291 4639 374 4698 rebus
399 4639 431 4696 in
453 4639 632 4697 Narbonensi
652 4638 797 4712 provincia
823 4637 935 4695 alliiclis

175 4736 321 4790 succurrat
357 4729 499 4786 Honorius
541 4729 608 4786 illuc
643 4729 803 4786 itomanam
839 4725 943 4786 Sancti

173 4818 277 4890 Angeli
291 4817 464 4876 cardinalem
480 4818 515 4874 A.
536 4817 564 4874 S.
590 4817 717 4888 legatum
733 4815 856 4874 destinat
868 4830 932 4874 oum

174 4906 349 4978 amplissima
378 4911 527 4978 potestate,
556 4912 585 4961 et
611 4905 753 4978 episcopis
775 4906 933 4978 impensius

174 4993 366 5051 commendat.
488 5069 490 5072 Ι

1723 299 1798 362 rm

997 463 1177 526 Viennensi
1192 463 1452 540 archiepiscopis
1475 465 1509 527 et
1526 474 1642 525 eorum
1661 457 1789 524 suam-

996 560 1124 635 paneis,
1142 576 1273 622 menon
1293 560 1466 622 abbatibus
1485 561 1518 622 et
1530 560 1606 621 aliis
1627 558 1793 620 ecclosia-

996 673 1074 718 rum
1093 657 1243 733 praelatis.
1262 656 1518 718 miserentibus
1538 656 1572 716 in
1591 655 1791 718 dioecesibus

997 769 1126 826 eorum,
1141 755 1293 826 salutem,
1307 755 1368 816 etc.

1037 851 1208 916 mirabiles
1223 853 1385 913 elationes
1400 851 1513 921 maris,
1531 849 1589 912 sod
1604 851 1792 914 mirabilior

998 949 1157 1010 Dominus
1181 951 1215 1010 iu
1232 950 1385 1020 excelsis,
1411 949 1500 1027 quia,
1532 949 1798 1025 quantumcum,

998 1061 1061 1121 que
1076 1046 1320 1108 mammarum
1335 1047 1566 1122 tempestatum
1575 1045 1697 1106 fluctus
1709 1060 1790 1106 con-

996 1141 1049 1204 tra
1063 1158 1183 1206 nauem
1196 1144 1297 1216 Petri,
1323 1143 1505 1206 Ecclesiam
1522 1142 1687 1213 videlicet,
1700 1141 1790 1202 intu-

997 1241 1158 1311 mescunt,
1176 1241 1480 1316 armatumcumque
1492 1238 1641 1302 dormire
1658 1238 1790 1302 videtur

997 1337 1156 1398 Dominus
1178 1337 1213 1398 iu
1235 1337 1350 1398 aedem
1372 1338 1477 1414 ipsam
1499 1336 1619 1412 agitari
1635 1335 1790 1412 procellis

997 1431 1030 1493 et
1048 1430 1204 1494 fluctibus
1220 1431 1353 1494 concini
1374 1431 1609 1508 permittend03
1627 1431 1794 1492 excitatus

996 1529 1107 1590 minen
1137 1541 1273 1592 suorum
1297 1528 1441 1590 clamore
1469 1527 1616 1592 fidelium
1641 1526 1790 1590 claman-

996 1624 1079 1686 tium
1108 1625 1314 1696 totocorde,
1341 1641 1481 1701 surgens
1512 1625 1621 1688 venus
1648 1624 1792 1699 imperat

997 1723 1095 1798 atqua
1119 1722 1216 1793 meri,
1241 1723 1341 1798 atque
1356 1739 1476 1798 magna
1491 1721 1726 1798 tranquillitas,
1743 1721 1790 1782 ita

998 1819 1198 1882 obsidentes.
1212 1819 1358 1884 divinam
1374 1820 1553 1895 potentiam
1569 1818 1786 1882 admirentur.

1037 1916 1123 1978 Sane
1155 1913 1357 1978 tnisorabilis
1381 1915 1497 1985 status,
1528 1914 1632 1978 immo⁴
1659 1911 1797 1976 stabilis.

996 2011 1135 2074 miseria
1153 2011 1382 2077 Narbonensis
1398 2011 1578 2088 prouinciae
1594 2027 1633 2072 ao
1645 2010 1789 2072 circum-

996 2107 1219 2184 adjacentium
1246 2109 1420 2186 regionam
1449 2108 1509 2174 diu
1533 2123 1596 2168 nos
1617 2108 1787 2170 anxietate

995 2205 1092 2269 torsit
1117 2206 1152 2266 et
1179 2204 1344 2270 dubietate
1371 2205 1552 2281 suspendit,
1579 2205 1788 2274 anxietantes

995 2303 1127 2378 atridem
1154 2303 1243 2364 viam
1268 2302 1422 2366 invenire·
1450 2318 1489 2368 ao
1510 2302 1643 2365 modum
1668 2301 1786 2378 quibus

994 2415 1167 2474 possem-us
1188 2400 1340 2462 relevare
1355 2400 1523 2474 negotium
1543 2399 1678 2475 pacisat
1697 2399 1785 2471 tldei,

994 2497 1081 2573 quod
1092 2496 1128 2561 in
1143 2497 1294 2574 parabus
1306 2498 1375 2560 illis
1387 2497 1519 2561 uidetur
1534 2497 1631 2573 quasi
1656 2497 1788 2574 penitus

994 2595 1170 2664 corruisse,
1186 2595 1220 2656 et·
1234 2610 1252 2657 e
1268 2595 1436 2660 contrario
1449 2593 1635 2657 dubitantes
1646 2609 1687 2654 ne
1699 2595 1788 2662 terra

993 2691 1112 2756 illasio
1125 2708 1168 2756 ex
1187 2694 1256 2756 toto
1280 2693 1367 2754 esset
1383 2691 1416 2752 in
1432 2691 1660 2766 salsilaginem
1677 2706 1785 2763 uersa,

993 2789 1079 2865 quod
1094 2803 1210 2854 cassus
1225 2790 1257 2852 et
1270 2788 1381 2852 inanis
1391 2787 1651 2852 amstarellabar
1661 2789 1785 2859 noster,
1892 2855 1895 2861 ,

993 2888 1026 2946 et
1040 2901 1081 2946 ne
1102 2899 1284 2961 possemus,
1302 2886 1568 2961 quantacumque
1581 2885 1720 2946 culturae
1734 2884 1791 2947 di·-

992 2982 1130 3056 ligentia
1145 2981 1307 3053 adhibita,
1322 2982 1451 3056 optatos
1478 2997 1520 3045 en
1542 2997 1582 3042 ea
1598 2981 1785 3056 manipulos

992 3079 1173 3155 reportare,
1187 3095 1263 3146 oum
1276 3094 1342 3143 non
1355 3079 1507 3146 videatur
1517 3079 1568 3141 illi
1577 3094 1651 3140 esso
1665 3077 1784 3140 similis

992 3175 1032 3238 de
1042 3191 1107 3252 pua
1120 3176 1251 3251 legitur,
1279 3179 1401 3238 «terra
1417 3191 1505 3252 saepe
1520 3175 1706 3242 uenientem
1721 3191 1782 3236 su*

991 3289 1050 3348 per
1062 3289 1098 3334 se
1112 3273 1227 3338 bibens
1242 3272 1395 3344 imbrem,
1411 3275 1443 3338 et
1458 3272 1594 3334 herbam
1619 3287 1784 3347 generans
1909 3339 1914 3346 ,

991 3371 1093 3432 illisa
1112 3371 1231 3446 quibus
1255 3371 1376 3433 colitur
1396 3373 1625 3447 opportunam,
1643 3369 1784 3446 accipiet

990 3467 1253 3532 benedictionem
1267 3483 1286 3530 a
1301 3468 1452 3539 Domino,
1470 3485 1489 3526 s
1504 3468 1560 3532 sod
1574 3467 1605 3528 ei
1619 3467 1727 3544 potius
1742 3467 1783 3528 de

991 3581 1054 3641 que
1067 3553 1227 3628 concinne
1238 3564 1478 3636 submissione
1493 3565 1783 3641 proterensantem

991 3661 1103 3739 spinas
1117 3677 1155 3724 ac
1169 3661 1318 3733 tribulos,
1332 3659 1507 3737 reprobata
1523 3663 1573 3724 est
1586 3663 1620 3721 et
1631 3661 1783 3737 proxima

985 3752 1199 3820 maledicto».
1210 3760 1288 3819 Haec
1299 3757 1471 3822 enimvero
1480 3759 1530 3818 est
1539 3758 1629 3818 terra
1637 3757 1779 3828 deserta,

989 3855 1080 3916 invia
1091 3857 1124 3916 et
1140 3855 1314 3932 inaquosa,
1331 3853 1432 3914 immo
1454 3855 1544 3914 terra
1558 3852 1678 3926 terrea,
1692 3853 1782 3916 terra

990 3952 1044 4012 cui
1060 3951 1179 4014 coelum
1194 3967 1322 4014 aeneum
1345 3951 1475 4014 dedisse
1487 3949 1618 4013 videtur
1633 3953 1732 4024 ilaus,
1750 3953 1782 4012 et

989 4065 1032 4110 ne
1047 4063 1147 4126 super
1166 4048 1259 4110 illam
1274 4048 1390 4123 pluant
1402 4047 1543 4110 nubibus
1558 4047 1779 4121 mandavisse,

990 4161 1064 4207 cum
1079 4145 1172 4205 nullo
1187 4143 1292 4204 imbre
1308 4144 1478 4217 doctrinm,
1504 4144 1596 4204 nullo
1611 4159 1687 4205 rore
1699 4159 1781 4222 gra-

989 4243 1056 4310 tiae,
1079 4243 1124 4305 sit
1138 4241 1178 4305 ad
1199 4241 1367 4304 serendum
1397 4240 1522 4304 fructus
1536 4242 1663 4305 debitos
1679 4243 1784 4304 emol-

989 4339 1058 4400 lita.
1073 4342 1151 4400 Haeo
1165 4341 1218 4400 est
1229 4341 1319 4399 terra
1333 4354 1405 4415 quae
1418 4341 1591 4414 argentum
1605 4340 1783 4416 reprobum

989 4436 1249 4498 videturmerito
1262 4436 1472 4514 appellanda,
1495 4437 1583 4514 quia,
1601 4437 1662 4499 etsi
1678 4439 1781 4501 multo

989 4533 1110 4595 sudore
1125 4531 1310 4604 laboratum
1325 4534 1369 4595 sit
1383 4533 1426 4597 ad
1441 4535 1672 4610 purgationem
1686 4537 1780 4612 eius-

990 4631 1075 4703 dem,
1091 4632 1213 4692 lrustra
1225 4633 1335 4693 lamen
1345 4631 1504 4693 conflavit
1516 4631 1697 4692 conflator:
1714 4647 1781 4692 non

988 4729 1039 4790 est
1054 4729 1142 4790 enim
1158 4731 1230 4806 eJ'us
1246 4729 1473 4791 consummata
1487 4727 1625 4799 malitia,
1635 4729 1668 4790 et
1679 4728 1781 4790 nimia

989 4826 1241 4904 rubigoejusde
1252 4827 1324 4901 ipsa
1336 4841 1402 4886 non
1413 4825 1505 4895 exiit,
1519 4840 1580 4887 nec
1590 4825 1780 4902 perignem3

989 4927 1056 4986 Deo
1068 4925 1193 4985 terram
1209 4921 1318 4983 cordis
1330 4922 1514 4982 incolarum
1528 4924 1599 4998 ejus
1615 4923 1780 4984 constric-

988 5023 1055 5084 tam
1070 5019 1278 5084 intidelitalis
1289 5019 1322 5081 et
1337 5019 1473 5081 malitiae
1482 5019 1610 5082 occulto
1624 5018 1683 5080 sed
1689 5021 1780 5096 justo

176 5121 343 5181 Honorius
357 5119 582 5195 episcopus...,
599 5117 934 5179 venerabilibustra-
984 5118 1111 5195 judicio
1139 5118 1361 5194 permittente,
1378 5115 1460 5176 adeo
1483 5115 1644 5187 indurari,
1661 5119 1698 5178 ut
1720 5132 1782 5179 neo

137 5217 244 5280 tribus
258 5217 517 5296 archiepiscopis
526 5217 561 5303 pt
570 5215 746 5294 episcopie,
761 5221 793 5276 et
804 5215 933 5278 dilectis

76 5347 78 5354 ν
139 5315 217 5376 liliis
232 5313 416 5384 abbatibus,
434 5313 601 5389 prioribus
626 5313 659 5374 et
673 5313 750 5374 aliis
774 5312 935 5376 ecelesia-

140 5425 213 5470 rum
230 5409 387 5486 praelatis,
404 5411 439 5469 in
453 5427 556 5486 regno
574 5410 724 5470 Franciae
746 5425 785 5469 ao
800 5409 835 5470 in
851 5413 935 5471 Pro·

139 5506 250 5568 vincia
264 5507 462 5579 constitutis,
480 5509 512 5570 et
526 5507 789 5580 Tarentasiensi,
813 5508 935 5568 Bisuu-

138 5603 275 5674 tineosi,
298 5603 538 5672 Ebredunensi,
558 5604 717 5680 Aquensi,
734 5603 935 5679 Arelatensi,

989 5214 1143 5277 lomentis
1163 5213 1475 5284 blandimentorum,
1497 5207 1558 5272 nec
1573 5212 1780 5290 flagellorum

988 5312 1173 5382 tormentis,
1189 5310 1334 5388 potuerit
1348 5310 1510 5373 hacteuus
1523 5311 1666 5372 emolliri
1683 5334 1691 5371 ι
1709 5313 1779 5374 eis-

989 5410 1062 5470 dem
1080 5409 1129 5470 sic
1156 5423 1234 5468 suos
1255 5407 1385 5468 animos
1401 5406 1642 5468 affirmantibus
1665 5410 1781 5471 contra

989 5509 1104 5577 Deum,
1128 5508 1175 5579 ut,
1208 5503 1389 5586 quamlibet
1411 5504 1650 5582 multiplicibus
1676 5507 1782 5574 attriti

989 5604 1144 5682 flagellis,
1171 5604 1352 5665 renuerunt
1380 5603 1531 5679 accipere
1552 5603 1783 5681 disciplinaris
