4262 6382
825 303 1061 362 briareum?
1077 301 1162 362 Lib,
1179 297 1233 362 lx.
1785 303 1843 362 694
1949 385 1955 395 ¹

574 466 631 556 IV
1050 459 1230 532 videretur,
1248 457 1441 536 ampliorem
1453 458 1548 541 nobis
1564 459 1720 521 fiduciam
1735 473 1843 538 prae's-

1050 555 1187 617 titisses.
1221 555 1270 618 Ad
1295 555 1539 632 prorogandum
1570 559 1680 622 autem
1707 557 1842 634 treugas

264 627 316 685 ’ω
328 625 550 691 ‘mmmm’
568 625 786 680 mmmm
805 630 933 693 mm·
1050 653 1141 729 ipsas
1157 653 1219 714 etsi
1239 653 1271 713 te
1286 653 1399 714 nostra
1413 654 1602 714 reverantia
1616 670 1681 716 non
1696 653 1839 728 induxit,

479 743 495 798 3
511 741 626 814 augusti
641 739 721 797 iiii.
1049 747 1224 811 induxisse
1235 750 1351 811 saltem
1363 747 1474 809 debuit
1483 751 1703 813 consideratio
1716 752 1842 828 negotii

238 859 374 924 [bouquet
385 858 445 908 aec.
459 855 586 912 lesuin,
597 855 664 910 xlx,
677 853 732 903 iai.
745 855 852 916 aegest,
863 853 908 902 lib.
919 854 962 911 lx,
1049 847 1160 908 Terrae
1188 849 1329 918 Sanctae,
1347 849 1481 924 propter
1498 845 1596 924 qnod,
1614 849 1700 909 sicut
1711 851 1743 910 et
1762 850 1841 911 tunc

539 934 663 998 epistt]
1048 943 1108 1004 tibi
1136 944 1308 1005 notificare
1333 943 1533 1015 curavimus,
1551 944 1778 1007 ordinavimus
1803 948 1840 1008 in

206 1043 412 1103 instantissime
441 1049 571 1115 precatur
593 1038 882 1114 regemLudovicum
900 1048 932 1097 ut
949 1040 992 1096 in·
1049 1040 1213 1117 colloquio
1258 1041 1346 1101 inter
1381 1057 1443 1102 nos
1479 1043 1516 1102 et
1555 1041 1765 1102 carissimum
1805 1045 1840 1104 in

240 1131 339 1190 duciis
364 1131 429 1188 belli
455 1143 611 1204 lt⁰l⁰g⁸l0
643 1129 711 1186 velit
738 1143 803 1185 cum
836 1129 994 1202 Assdlfflssffi
1049 1137 1301 1198 Christoiilium
1317 1137 1702 1199 Fredericumillustrem
1718 1143 1842 1200 Roma·
1946 1166 1952 1177 s

238 1234 318 1293 ‘³80-
1049 1249 1167 1295 norum
1191 1234 1436 1310 imperatorem,
1461 1250 1592 1312 semper
1611 1238 1787 1314 augustum
1809 1237 1842 1302 et

236 1331 994 1412 Honoriusapiscopus...,carissimoinchristo
1049 1345 1161 1406 regem
1175 1331 1298 1392 Siciliae
1312 1331 1489 1404 celebrato,
1504 1335 1539 1394 ut
1550 1347 1615 1408 pax
1627 1334 1715 1394 inter
1727 1347 1841 1395 omnes

203 1431 272 1494 illio
283 1435 395 1494 nostro
415 1432 581 1494 Ludovico
594 1431 666 1506 regi
679 1432 883 1491 Francorum
903 1429 995 1490 illus·
1050 1428 1266 1500 christianos,
1284 1432 1317 1489 et
1325 1428 1471 1491 maxime
1485 1429 1575 1490 inter
1585 1430 1841 1492 excellentiores

201 1531 257 1602 tri,
275 1529 426 1600 salutem,
445 1530 507 1589 etc.
1049 1525 1229 1601 principes,
1247 1526 1380 1586 interim
1393 1527 1595 1594 servaretur.
1614 1529 1779 1604 quatenus
1794 1528 1842 1590 sic

244 1625 818 1702 Longaeprosperitatisquaregnum
829 1623 993 1695 araneiae,
1047 1622 1113 1698 ipsi
1128 1625 1239 1682 Terrae
1259 1622 1397 1684 liberius
1421 1623 1550 1684 venirat
1576 1623 1617 1684 ab
1639 1625 1729 1686 omni
1747 1627 1842 1700 parte

204 1722 699 1786 concussisiereomnibusaliis
710 1723 833 1797 regnis,
847 1721 995 1782 noscitur
1049 1735 1239 1780 succursus.

204 1821 367 1889 tioruisse,
378 1819 707 1896 primaetpraecipua,
718 1819 994 1879 sicuicommnnis
1091 1816 1153 1876 Sed
1169 1817 1239 1878 esto
1252 1815 1337 1893 quod
1352 1815 1392 1877 de
1409 1816 1491 1894 ipsis
1506 1817 1632 1892 treugis
1655 1833 1842 1894 prorogan-

204 1917 303 1979 lrabat
316 1916 440 1994 opini0,
457 1932 558 1977 causa
573 1915 639 1976 iuit
651 1915 737 1992 quod
753 1931 885 1991 semper
899 1931 994 1991 regas
1049 1913 1099 1973 dis
1116 1912 1156 1974 ob
1179 1914 1288 1974 certas
1315 1928 1434 1974 causas
1451 1915 1540 1974 inter
1554 1916 1586 1975 te
1605 1929 1644 1975 ac
1668 1915 1842 1991 praeiatum

204 2014 446 2076 babuitiideac
462 2013 583 2090 pietate
603 2013 811 2089 conspicuos,
836 2014 995 2074 etsacro·
1048 2010 1176 2084 Angliae
1200 2026 1312 2085 regem
1339 2010 1518 2071 convenire
1549 2027 1616 2072 non
1636 2012 1767 2088 potuit;
1800 2012 1842 2073 ad

203 2109 993 2186 sanctaeRomanaeEcclesiaa,quarnprovidentia
1048 2107 1244 2167 movendum
1278 2121 1371 2168 arma
1402 2107 1562 2168 continuo
1599 2110 1714 2169 contra
1744 2123 1839 2182 aum,

202 2210 263 2271 Dei
291 2212 428 2269 matrem
461 2207 607 2268 omnium
635 2199 893 2268 christianorum
920 2221 993 2268 esse
1048 2205 1158 2280 spreto
1172 2203 1310 2280 praerato
1326 2205 1572 2266 statutonostro
1586 2207 1620 2265 et
1635 2221 1715 2266 cura
1730 2207 1842 2268 Terrae

201 2307 308 2368 voluit
319 2308 352 2367 et
365 2306 571 2381 magistram,
595 2305 691 2381 quasi
704 2305 845 2381 quadam
859 2305 992 2380 specia-
1049 2302 1177 2362 Sanctae
1188 2300 1386 2376 posthabita,
1397 2315 1470 2378 quae
1482 2301 1661 2362 necessitas
1672 2303 1704 2363 ta
1717 2303 1842 2378 coagiti

202 2405 296 2466 litata
311 2403 458 2464 devotos.
475 2404 535 2463 Cui
555 2403 644 2462 eni-m
665 2402 723 2462 alii
744 2401 994 2463 causaetamdi·
1047 2398 1241 2458 Audivimus
1263 2398 1350 2458 enirn
1364 2397 1453 2473 quod
1475 2398 1516 2458 ad
1536 2397 1841 2460 invadendumier-

201 2517 276 2577 gnae
291 2501 436 2562 adscribi
458 2499 567 2576 potest
589 2499 667 2562 dicti
687 2500 781 2574 regni
801 2499 992 2560 continuata
1047 2511 1118 2554 rans
1132 2511 1231 2572 quam
1245 2495 1333 2555 idem
1348 2511 1408 2556 rex
1423 2495 1532 2557 adhuc
1550 2497 1632 2558 citra
1649 2513 1740 2558 mare
1755 2497 1843 2558 obti-

201 2598 342 2659 ielicitas
358 2597 676 2674 quamabundantiae
690 2595 821 2673 pietatis
836 2598 869 2657 at
892 2596 994 2656 mise·
1047 2594 1113 2662 net,
1134 2594 1167 2654 te
1181 2593 1329 2668 accingis
1350 2593 1383 2652 et
1398 2608 1456 2668 per
1479 2593 1644 2654 vassallos
1667 2593 1842 2655 atcanioe-

200 2696 352 2757 ricordiee
368 2695 438 2766 liei,
453 2696 487 2755 in
510 2698 604 2771 cujus
629 2709 729 2754 manu
749 2693 826 2756 sunt
846 2694 993 2753 omnium
1048 2689 1179 2752 tiaratos
1193 2692 1266 2751 tuos
1281 2690 1389 2750 iecisti
1400 2693 1470 2766 jam
1482 2691 1573 2752 illam
1589 2691 1714 2762 invadi,
1727 2693 1760 2753 et
1781 2692 1840 2768 qui

202 2793 383 2870 potestates
402 2794 499 2868 atque
524 2795 602 2868 jura
623 2807 813 2866 regnorum,
831 2807 850 2850 a
866 2805 929 2868 quo
943 2791 994 2850 est
1047 2786 1082 2846 in
1110 2789 1302 2862 treugarum
1328 2788 1562 2862 prorogatione
1585 2787 1747 2850 dictarum
1773 2804 1842 2850 non

200 2905 297 2951 omna
308 2891 421 2951 datum
443 2889 601 2965 optimum
620 2890 653 2949 et
672 2903 768 2948 omne
783 2887 905 2948 bonurn
917 2903 994 2964 per-
1047 2883 1172 2944 curasti
1202 2883 1397 2960 obsequium
1421 2883 1518 2944 nobis
1543 2885 1744 2960 impendere,
1767 2888 1840 2962 jam

199 2987 332 3058 fectum,
360 2988 457 3062 cujus
475 2987 584 3061 gratia
609 2999 726 3045 omnes
753 2984 837 3045 bene
857 2984 992 3059 agentes
1048 2979 1235 3056 prorumpis
1254 2981 1356 3042 etiam
1371 2981 1412 3040 ad
1427 2981 1601 3053 offensam,
1616 2981 1693 3042 dum
1716 2983 1840 3044 statuto

200 3084 362 3162 praevenit
386 3085 418 3145 et
434 3083 647 3160 subsequitur
660 3083 807 3157 largiens
831 3081 992 3142 ineffabili
1047 3077 1133 3154 quod
1159 3077 1201 3138 de
1227 3094 1308 3154 paca
1335 3077 1500 3140 servanda
1528 3079 1692 3140 edidimus
1717 3078 1838 3156 incipis

199 3179 348 3240 bonitate
360 3179 511 3250 virtutes,
527 3180 563 3239 ut
573 3178 605 3238 at
613 3177 760 3254 ipsarum
772 3177 908 3253 praemia
924 3177 995 3237 lar·
1047 3175 1225 3236 contraire.
1239 3176 1335 3236 Certe
1351 3176 1458 3252 ipsius
1472 3179 1583 3238 Terrae
1600 3176 1728 3238 Sanctae
1743 3189 1842 3252 nego-

199 3277 331 3353 giaturi
345 3276 473 3336 Divinae
496 3275 611 3352 procul
625 3273 723 3335 dubio
738 3273 854 3350 gratiae
867 3275 991 3335 danum
1047 3273 1129 3333 tium
1154 3289 1325 3349 uunquam
1338 3274 1447 3349 magis
1474 3274 1647 3350 paraliam
1665 3289 1764 3351 quarn
1781 3289 1841 3350 per

198 3373 271 3444 inii,
289 3371 575 3450 quodrecolendae
593 3371 761 3433 memoriae
777 3371 992 3446 pateretalii
1045 3371 1142 3445 regni
1176 3372 1326 3431 Francius
1352 3371 1532 3447 potentiam
1554 3373 1605 3432 esi
1639 3373 1836 3448 promotum.

198 3465 427 3544 progenitores
452 3467 501 3528 tui
523 3469 727 3527 Francorum
750 3464 992 3541 regasiuerunt
1045 3468 1127 3528 Vide
1152 3468 1255 3542 igitur
1281 3470 1438 3544 quantum
1460 3469 1494 3529 tu
1518 3469 1590 3546 ipse
1616 3469 1726 3530 oidcis
1740 3468 1839 3530 samaa

198 3565 316 3625 ildeac
341 3563 516 3625 devotione
544 3561 716 3639 precipui,
742 3565 773 3626 at
797 3562 897 3640 hujus
912 3561 990 3624 doni
1045 3565 1121 3638 tue,
1150 3565 1178 3625 si
1190 3565 1356 3642 praedictae
1378 3569 1488 3628 Terrae
1508 3566 1638 3629 Sanctae
1665 3581 1837 3638 succursu,

198 3662 511 3738 praemium,praeter
521 3661 713 3722 felicitatem
724 3661 882 3721 aeternam
892 3675 990 3737 quani
1046 3663 1101 3738 qui
1113 3677 1173 3738 per
1199 3678 1339 3737 regnum
1365 3665 1457 3724 tuum
1477 3663 1651 3724 consuevit
1671 3664 1841 3740 praecipue

197 3759 272 3820 illos
296 3759 410 3820 divino
426 3773 565 3818 munere
589 3757 755 3818 credimus
779 3759 989 3831 consecutos,
1046 3759 1243 3836 promoveri,
1261 3775 1320 3835 per
1334 3759 1428 3830 illud,
1453 3761 1486 3820 te
1499 3761 1670 3834 regnante,
1688 3761 1860 3854 contige·

196 3855 259 3918 iuit
271 3856 369 3917 etiam
386 3856 580 3932 temporalis
593 3854 799 3932 prosperitas
811 3869 888 3931 qna,
906 3856 992 3917 sicut
1045 3854 1089 3916 rit
1099 3854 1263 3932 impediri.
1275 3854 1466 3916 videetiam
1478 3856 1512 3916 in
1522 3855 1679 3932 quantam
1688 3855 1841 3916 nosdiiil·

195 3955 263 4029 jam
288 3952 557 4029 praenotavimus
591 3951 843 4013 antecesserunt
875 3967 990 4012 omnes
1045 3953 1200 4012 cultatem
1216 3951 1365 4022 inducas,
1381 3952 1717 4028 quiettuaeoupimus
1733 3951 1840 4012 subli-

196 4049 265 4112 iere
278 4049 470 4124 aiiosreges
496 4047 621 4108 mundi.
640 4049 678 4108 nt
699 4048 830 4124 qtridem
845 4063 931 4124 saepe
946 4049 989 4120 te,
1044 4049 1150 4110 mitati
1174 4048 1314 4119 deterre,
1340 4050 1374 4109 et
1392 4047 1530 4124 praefato
1547 4049 1740 4125 imperatori
1755 4063 1837 4126 pro-

195 4147 244 4207 iili
259 4146 443 4218 carissime,
458 4143 578 4206 affectu
600 4145 736 4220 paterno
752 4143 939 4204 monuimus
954 4145 990 4206 ut
1044 4146 1193 4206 misimus
1228 4161 1285 4206 eos
1325 4145 1384 4221 qui
1422 4147 1589 4207 violarent
1619 4147 1840 4222 ‘saepedictum

194 4243 230 4304 in
262 4243 315 4304 bis
335 4242 486 4304 studeres
509 4255 623 4302 eorum
646 4241 788 4316 vestigia
804 4241 939 4313 imitari,
956 4244 989 4303 et
1044 4245 1202 4305 statutum
1215 4243 1423 4304 districtione
1438 4243 1601 4304 canonica
1615 4259 1782 4306 coercere.

195 4340 312 4418 quibus
337 4356 372 4400 as
393 4338 493 4415 digne
508 4353 680 4399 successor
703 4339 738 4398 in
754 4353 904 4414 regnum,
923 4341 989 4401 stu·
1085 4343 1251 4417 Rogamus
1264 4340 1367 4416 igitur
1379 4341 1591 4402 serenitatem
1603 4343 1736 4405 tuamet
1746 4343 1839 4406 obse·

194 4437 289 4499 dares
312 4437 490 4498 succedere
515 4436 617 4497 etiam
633 4435 667 4495 in
681 4435 802 4496 decore
815 4436 985 4508 virtutum,
1044 4453 1178 4498 cramus
1203 4438 1239 4498 in
1255 4438 1394 4498 Domino
1411 4441 1490 4502 iesu
1503 4439 1647 4513 Christe,
1660 4441 1836 4517 quatenus,

194 4535 291 4612 idque
315 4535 347 4596 te
369 4533 533 4595 iacturum
549 4549 607 4610 spe
620 4533 710 4594 certa
726 4532 934 4604 confidimus,
953 4535 987 4597 et
1043 4535 1237 4596 baecomnia
1259 4535 1439 4611 prudenter
1458 4536 1644 4604 attendens,
1667 4536 1708 4598 ab
1723 4538 1839 4613 impu-

192 4647 354 4707 generoso
365 4631 469 4708 stipiti
482 4647 502 4692 a
517 4647 582 4707 quo
597 4629 692 4690 ducis
700 4630 876 4705 originem,
894 4630 987 4692 tutu·
1041 4633 1197 4708 gnationa
1218 4633 1317 4694 terrae
1342 4633 1421 4694 dicti
1440 4634 1530 4708 regis
1550 4633 1590 4694 ob
1614 4634 1837 4695 reverentiam

192 4744 266 4789 rum
286 4729 385 4789 etiam
411 4727 571 4788 fructibus
596 4726 740 4788 similam
765 4727 932 4788 credimus
954 4730 987 4790 et
1041 4730 1186 4792 divinam
1196 4730 1228 4792 et
1240 4731 1387 4791 nostram
1398 4729 1578 4801 abstineas,
1591 4731 1623 4792 et
1635 4732 1709 4791 tuos
1721 4729 1837 4790 subdi·

193 4841 375 4903 speramus.
1039 4829 1090 4889 tos
1104 4827 1393 4898 laciasabstinera,
1412 4842 1538 4903 nosque
1560 4827 1697 4888 iuterim
1709 4827 1835 4888 resumi

232 4921 443 4991 Caeterumsi
456 4936 582 4996 preces,
594 4921 694 4981 immo
706 4922 801 4998 quasi
822 4922 985 4997 primitias
1039 4924 1197 4984 iaciemus
1209 4925 1401 4998 treugarum
1416 4924 1593 4983 tractatum
1609 4924 1641 4984 et
1658 4923 1699 4984 ad
1712 4922 1834 4984 bonum

191 5035 336 5096 precum,
354 5033 436 5095 quas
457 5017 517 5079 tibi
541 5019 750 5094 porreximus
771 5035 830 5096 pro
857 5019 984 5095 treugis
1039 5022 1149 5092 linem,
1165 5023 1231 5080 Deo
1249 5019 1403 5090 donante,
1422 5019 1568 5096 perduci.
1585 5019 1712 5081 Taliter
1725 5021 1836 5082 autam

191 5115 278 5178 inter
290 5117 322 5178 te
340 5131 379 5176 ac
394 5115 559 5176 illustrem
580 5130 691 5190 regem
714 5115 843 5191 Angliae
866 5131 986 5192 proro-
1039 5133 1135 5178 cures
1150 5116 1312 5178 exaudire
1326 5131 1439 5192 preces
1451 5117 1833 5195 nostrashaovicequod

191 5213 321 5288 gandis‚
338 5213 458 5274 melius
473 5212 682 5283 exandisses,
708 5213 883 5274 tribuisses
905 5213 983 5273 huic
1038 5215 1199 5276 adversus
1224 5214 1414 5290 precamina
1444 5216 1560 5275 nostra
1591 5229 1657 5276 non
1685 5215 1831 5278 videaris

191 5313 314 5371 nostrae
329 5309 400 5386 spei
428 5309 661 5372 certitudinem
686 5309 881 5386 pleniorem,
899 5317 931 5372 et
942 5309 982 5370 ad
1038 5327 1137 5374 aures
1153 5313 1185 5372 et
1199 5311 1346 5372 animum
1362 5310 1569 5383 obfirmasse,
1584 5311 1670 5390 quod
1681 5311 1832 5374 nonadi-

191 5406 426 5482 porrigendum
441 5405 526 5470 alias
545 5405 605 5485 (i),
629 5422 703 5466 cum
724 5422 778 5468 res
802 5421 983 5484 exposcere
1038 5425 1109 5472 mas
1125 5409 1220 5471 nobis
1241 5407 1395 5470 fiduciam
1421 5407 1603 5472 decaetero
1626 5411 1658 5472 te
1682 5409 1833 5487 rogandi,

230 5605 270 5678 (l)
299 5607 371 5666 t'ide
387 5623 483 5680 supra.
499 5607 546 5666 lib.
562 5611 637 5678 t‘lll,
652 5608 733 5682 epist.
751 5609 784 5666 66
801 5615 829 5666 et
851 5609 909 5666 liu.
