4262 6382
189 313 249 374 717

188 483 260 532 mos
271 469 379 548 ipsius
393 471 429 532 ln
440 469 553 551 tundis
568 473 649 546 suis,
665 474 713 548 ets
723 472 763 534 16
786 471 884 536 bonls
898 489 980 551 pro·
1043 535 1047 542 χ

176 567 271 644 ,pr-iis
287 567 326 628 ad
344 583 425 630 usus
439 584 622 646 pauperum
638 569 908 642 construxerunt,
926 569 982 632 uhi

188 679 300 742 quum,
312 664 719 737 sicutasseruntexhonis
728 666 790 726 sihi
802 667 932 728 collatis
941 666 982 726 ab

188 760 271 836 ipsis
282 763 513 838 temporalium
522 762 640 824 floreat
650 763 983 840 ubertate‚reoipiun-

187 859 243 919 tur
259 859 327 920 tam
341 858 506 936 indigenae
522 876 620 936 quam
641 861 791 922 extranei
806 875 980 938 pauperes,

177 955 979 1034 Ι6161111111116161161116661111116161116111.

189 1053 283 1114 Unde
307 1053 475 1130 provideri
489 1069 509 1114 a
525 1054 621 1116 nobis
641 1054 813 1116 humiliter
830 1055 982 1132 postula-

121 1171 123 1174 ·
188 1151 277 1221 runt,
292 1151 329 1212 ut
342 1150 451 1227 ipsum
466 1151 643 1227 hospitale,
660 1152 693 1212 et
708 1155 780 1228 ejus
797 1153 883 1213 bona
898 1168 983 1230 pau-

188 1246 322 1324 peribus
335 1246 491 1323 deputata
505 1247 539 1307 in
554 1264 634 1310 usus
647 1249 796 1310 converti
815 1249 900 1310 alios
915 1264 982 1311 nou

187 1342 369 1420 contingat.
381 1344 411 1404 N
414 1359 451 1404 os
462 1359 542 1421 ergo
557 1360 672 1406 eorum
686 1345 750 1422 piis
761 1345 915 1422 precibus
929 1346 984 1406 in-

187 1440 304 1502 clinati
330 1441 528 1503 auctoritate
556 1442 772 1518 praesentium
799 1442 983 1505 districtius

187 1535 388 1609 iuhibemus,
403 1553 445 1599 ne
460 1537 618 1614 praedicta
633 1540 749 1600 contra
762 1539 807 1611 id,
819 1540 905 1618 quod
919 1539 981 1601 ob-

188 1633 356 1696 servatum
367 1635 423 1696 est
438 1635 610 1707 hactenus,
625 1635 768 1696 aliorum
781 1652 879 1712 quam
894 1652 982 1714 pau-

188 1730 324 1808 peribus
348 1731 464 1792 usibus
493 1731 701 1808 deputentur.
731 1734 849 1796 Latum
884 1735 984 1796 Late-

189 1828 276 1901 rani,
287 1831 318 1891 X
329 1828 491 1892 kalendas
504 1829 699 1903 decembris,
714 1845 801 1894 auno
811 1846 911 1894 nono.

522 2185 649 2272 XXIX

238 2355 290 2419 Aa
300 2354 456 2418 abbatem
469 2355 589 2416 Sancta·
599 2356 748 2416 Martini
763 2355 804 2416 dc
817 2354 936 2418 Monte

482 2453 696 2514 Vtterbtenst.

440 2599 477 2658 ab
494 2599 628 2658 novemb.
650 2597 729 2658 1121.

411 2739 517 2805 [1111111.
527 2740 621 2801 Vatia,
632 2740 676 2800 111,
691 2741 759 2808 tlt]

188 2873 329 2933 Abbatem
356 2875 522 2932 monasterii
545 2875 574 2932 S.
589 2874 703 2934 1111111
730 2871 760 2930 16
786 2872 940 2942 monibus,
966 2886 982 2929 a

224 2963 459 3034 nonnullisque
478 2961 514 3018 ab
532 2961 695 3034 Apostolica
720 2960 793 3020 Sede
815 2959 982 3020 demandari

224 3057 351 3124 possent,
360 3051 436 3108 curis
449 3050 557 3120 eximit,
572 3056 604 3107 nt
613 3049 701 3121 quieti
711 3053 795 3121 etque
805 3049 981 3122 contempla·

225 3137 295 3196 ttoni
309 3144 392 3195 vacat
405 3136 531 3196 liberius.

230 3279 397 3342 Honorius
432 3280 618 3356 episcopus,
655 3293 771 3340 servus
810 3293 983 3340 serrorum

190 3377 261 3449 Dei,
278 3377 399 3438 dilecto
422 3375 491 3438 filio
510 3375 622 3437 abbati
645 3375 759 3437 Sancti
779 3375 916 3436 Martini
943 3375 983 3437 de

190 3475 303 3538 Monte
317 3473 530 3543 Viterbiensi,
544 3472 685 3534 salutem
704 3474 738 3534 et
759 3472 982 3550 Apostolicam

189 3571 465 3633 benedictionem.

228 3668 364 3730 huobis
382 3667 554 3730 humiliter
570 3667 758 3744 postulasti,
774 3669 810 3729 ut
822 3683 896 3728 cum
911 3681 984 3744 pro-

189 3767 264 3842 pter
275 3766 478 3843 judiciorum
494 3765 666 3842 strepitum
677 3765 849 3840 contingat
860 3765 983 3825 sanotae

189 3862 478 3939 contemplationis
490 3861 526 3922 iu
540 3863 584 3934 te,
601 3863 704 3924 otium
725 3860 892 3938 impediri,
910 3861 985 3922 exi-

190 3975 281 4020 mere
305 3961 339 4020 te
359 3973 379 4020 6
399 3957 670 4021 commissionum
699 3959 889 4020 nostrarum
911 3957 983 4018 sol-

188 4055 364 4117 licitudine
384 4055 608 4130 dignaremur.
634 4056 705 4116 Nos
721 4071 800 4131 ergo
813 4054 882 4114 tuis
899 4069 983 4130 sup-

190 4150 426 4230 plicationibus
467 4153 667 4222 annuentes,
701 4150 870 4212 devotioni
917 4151 984 4212 tuae

119 4239 123 4247 ’
190 4249 389 4311 auctoritate
408 4246 623 4324 praeseutium
635 4247 857 4324 indulgemus,
873 4247 912 4308 ut
925 4263 984 4324 per

190 4343 441 4408 commissiones
456 4344 599 4416 nostras,
612 4359 694 4421 quas
708 4343 747 4404 de
760 4344 880 4405 caetero
895 4343 936 4404 ad
951 4345 984 4405 te

190 4443 367 4519 contigerit
384 4441 569 4519 impetrari,
585 4456 651 4502 non
673 4441 739 4502 nisi
752 4440 793 4502 de
812 4439 985 4518 indulgen·

190 4541 237 4604 tia
259 4539 449 4617 hujusmodi
470 4539 671 4601 mentionem
692 4537 842 4610 feceriut,
861 4553 982 4615 proce-

191 4639 269 4700 dere
283 4637 441 4702 tenearis.
457 4635 550 4698 Nulli
564 4651 644 4712 ergo
659 4636 794 4697 omnino
812 4635 982 4696 hominum

190 4735 291 4798 liceat
307 4735 394 4796 hauc
415 4733 572 4811 paginam
592 4734 714 4794 nostrae
736 4732 982 4794 constitutionis

188 4829 383 4908 intringere,
398 4830 452 4893 vel
466 4830 499 4891 ei
513 4845 599 4891 ausu
612 4829 792 4891 temerario
803 4828 980 4891 contraire.

191 4930 227 4992 Si
239 4929 313 5007 quis
334 4927 444 4990 111611
456 4925 520 4988 hoc
539 4927 702 4988 attentare
722 4927 980 5003 praesumpserit,

189 5026 454 5103 indignationem
480 5023 714 5100 omnipotentis
734 5023 794 5084 Dei
808 5024 843 5084 ct
863 5013 981 5085 beato-

189 5141 264 5187 rum
278 5124 369 5186 Petri
384 5123 417 5184 et
429 5120 526 5182 Pauli
540 5119 774 5196 Apostolorum
785 5123 857 5198 ejus
866 5135 905 5182 se
916 5135 982 5181 uo-

189 5222 276 5284 uerit
290 5221 512 5282 incursurum.
530 5218 647 5278 batum
663 5217 832 5289 Laterani,
852 5219 898 5278 111
913 5216 981 5278 hal.

190 5317 385 5389 decembris,
396 5315 608 5394 pontificatus
620 5315 727 5376 nostri
742 5329 830 5376 anno
841 5329 941 5378 nono.

803 315 1030 376 nmsroum.
1055 315 1133 376 uie.
1157 283 1211 376 ut.

1776 283 1841 378 aasx

1091 635 1143 692 Ad
1159 633 1362 695 abbatemet
1376 595 1582 700 conventam
1596 640 1631 700 S.
1648 643 1782 702 Nicolat

1212 733 1253 792 de
1265 731 1387 793 Pratts
1402 735 1651 800 Laudationem.

1299 861 1333 918 ab
1348 863 1483 921 novemb.
1504 865 1584 922 leat.

1065 981 1184 1046 [Regest.,
1207 982 1252 1034 lib.
1263 983 1437 1050 11661111.
1455 987 1647 1038 1111161616
1661 989 1697 1038 du
1710 989 1803 1077 111611]

1038 1105 1171 1179 Indulget
1184 1107 1227 1164 eis
1242 1115 1272 1165 ut
1289 1107 1418 1166 decimas
1437 1111 1580 1168 novalium
1604 1110 1675 1170 inira
1695 1082 1833 1172 terminos

1072 1194 1101 1250 in
1123 1194 1227 1266 quibus
1246 1203 1358 1254 veteres
1377 1195 1503 1256 decimas
1524 1199 1719 1274 percipiebant
1739 1202 1829 1275 perci·

1073 1295 1141 1355 pere
1154 1284 1277 1342 valeant.

1078 1409 1258 1482 Honorius,
1275 1412 1351 1483 ete,
1374 1411 1505 1474 eliscus
1530 1413 1647 1475 111...
1666 1401 1833 1479 111111

1038 1505 1215 1566 conventui
1243 1508 1355 1568 Sancti
1379 1509 1511 1570 Nicolai
1528 1511 1569 1571 de
1592 1512 1831 1584 Pratis,.Lau-

1038 1599 1197 1662 dunensis
1212 1603 1377 1676 dioecesis,
1392 1605 1543 1679 salutem,
1560 1608 1623 1669 etc.

1077 1698 1180 1760 iustis
1207 1701 1400 1776 petentium,
1426 1703 1503 1774 eta,
1526 1719 1633 1778 usqae
1653 1706 1830 1783 complere.

1037 1795 1088 1855 111
1113 1797 1207 1871 parte
1228 1796 1392 1874 siquidem
1417 1799 1602 1862 devotionis
1628 1803 1748 1864 vestrm
1769 1803 1833 1866 suit

1037 1890 1134 1952 nobis
1152 1892 1325 1955 humiliter
1339 1896 1572 1972 supplicatum,
1587 1897 1622 1960 ut
1642 1913 1718 1959 cum
1736 1899 1831 1961 vobis

1037 1986 1078 2048 de
1090 1987 1260 2050 laboribus
1271 1992 1505 2068 parochiarum
1517 1995 1735 2057 ecclesiarum
1748 2013 1832 2073 qua·

1038 2084 1188 2146 rumdam
1216 2089 1403 2150 vestrarum
1427 2091 1559 2152 veteres
1580 2091 1725 2153 decimas
1748 2109 1830 2170 per-

1037 2181 1149 2256 cipere
1172 2181 1216 2244 111
1241 2199 1445 2257 concessum,
1461 2186 1556 2247 vobis
1580 2187 1742 2248 vellemus
1766 2191 1832 2249 mi-

1038 2277 1252 2361 sericorditer
1265 2279 1450 2358 indulgere,
1470 2285 1507 2345 ut
1521 2283 1562 2344 de
1575 2284 1675 2350 terris
1687 2301 1761 2362 ques
1776 2287 1832 2358 inq

1038 2373 1088 2435 tra
1099 2375 1277 2452 parochias
1294 2381 1494 2442 memoratas
1509 2381 1717 2458 redigantur,
1731 2383 1831 2445 novi·
1896 2407 1900 2417 ’

1036 2469 1089 2533 161
1120 2471 1162 2532 61
1198 2473 1362 2535 culturam
1399 2475 1440 2537 de
1480 2476 1686 2554 indulgentia
1716 2481 1832 2542 nostra

1037 2566 1229 2632 facultatem
1245 2571 1403 2648 exigendi
1422 2573 1567 2635 decimas
1584 2575 1746 2638 habeatis.
1761 2577 1831 2640 Nos

1037 2664 1140 2741 igitur
1163 2668 1284 2730 vestris
1305 2669 1434 2732 devotis
1448 2671 1602 2746 precibus
1617 2671 1780 2746 inclinati,
1795 2673 1832 2736 ut

1036 2762 1073 2824 in
1088 2759 1257 2838 parochiis
1271 2765 1489 2830 ecclesiarum
1504 2767 1689 2832 vestrarum
1704 2770 1740 2831 16
1755 2771 1832 2846 qui-

1037 2857 1110 2931 bus‚
1126 2862 1225 2936 prout
1240 2861 1397 2938 superius
1416 2863 1467 2924 est
1482 2879 1681 2940 expressum
1701 2866 1831 2930 veteres

1037 2955 1132 3018 vobis
1157 2957 1293 3022 decimae
1318 2960 1396 3022 sunt
1414 2975 1579 3022 concessae
1593 2961 1635 3024 de
1655 2962 1831 3026 novalibus

1038 3068 1096 3114 eas
1104 3055 1274 3130 percipere
1284 3055 1424 3118 valeatis
1433 3057 1631 3122 auctoritate
1643 3058 1737 3122 vobis
1750 3075 1833 3136 pree·

1039 3151 1182 3211 sentium
1201 3151 1422 3227 indulgemus.
1439 3154 1530 3216 Nulli
1544 3170 1634 3230 orgo,
1651 3155 1727 3228 ste,
1743 3157 1832 3222 bauo

1038 3247 1194 3324 paginam
1222 3251 1346 3310 nostrae
1377 3251 1604 3316 concessionis
1634 3252 1830 3329 intringere,

1038 3343 1100 3406 etc.
1133 3344 1166 3408 si
1195 3345 1269 3421 qais
1291 3347 1415 3419 autem,
1431 3347 1494 3408 etc.
1517 3349 1637 3411 Datum
1660 3350 1829 3422 Laterani,

1038 3444 1098 3506 VII
1111 3441 1271 3506 kalendas
1286 3443 1481 3518 decembris,
1497 3447 1587 3510 anho
1599 3461 1698 3512 nono.

1372 3701 1500 3793 XXXI

1038 3851 1090 3910 Ab
1103 3852 1299 3924 6611661611
1309 3853 1563 3922 beluacensem,
1575 3853 1613 3912 G.
1629 3856 1757 3916 Peurel
1770 3867 1832 3916 aas·

1077 3948 1314 4006 antelucanam
1335 3947 1369 4008 et
1387 3949 1598 4020 magistram
1610 3951 1832 4015 Laavcraatz

1078 4044 1282 4104 6616116661
1296 4045 1546 4106 Parmenonem.

1169 4163 1173 4170 “
1300 4171 1336 4230 25
1347 4171 1481 4232 novemb.
1499 4172 1577 4232 lati.
1642 4251 1643 4254 Ἴ

1071 4297 1190 4360 [begeat.
1202 4295 1247 4350 lib.
1258 4296 1302 4352 IX.
1313 4296 1389 4362 epist
1401 4295 1511 4348 171111.
1524 4298 1562 4348 La
1570 4298 1646 4350 Porta
1658 4298 1693 4350 du
1706 4299 1800 4366 lircil]

1038 4420 1155 4480 Mandat
1177 4421 1219 4478 eis
1237 4428 1267 4478 ut
1284 4421 1406 4478 durante
1430 4435 1566 4493 processu
1586 4422 1778 4495 inquisitionis
1792 4413 1829 4484 de

1074 4508 1176 4568 abbate
1196 4509 1292 4567 Sancti
1307 4507 1507 4582 symphoriani
1523 4510 1704 4570 belvacensis
1718 4512 1832 4573 nunciis

1073 4605 1231 4656 conventus
1256 4595 1362 4655 iaciant
1384 4597 1414 4654 in
1435 4599 1570 4670 expensis
1589 4612 1717 4670 congrue
1732 4600 1827 4671 provi·

1073 4685 1143 4743 deri.

1077 4812 1259 4880 Honorius,
1289 4812 1366 4882 etc,
1394 4807 1640 4872 venerabilibus
1668 4810 1764 4874 tratri
1768 4854 1829 4874 .....
1922 4843 1925 4850 ι

1037 4909 1193 4986 episcopo
1221 4906 1415 4969 Belvaceusi
1442 4908 1475 4968 et
1511 4907 1548 4967 G.
1571 4907 1692 4968 Peurel
1717 4909 1832 4972 archi-

1038 5005 1178 5068 diacono
1200 5005 1235 5067 et
1261 5004 1421 5080 magistro
1445 5005 1651 5066 Lauvernatz
1669 5007 1831 5073 canonico

1038 5101 1235 5172 Parisieusi,
1252 5101 1404 5172 salutem,
1419 5101 1481 5162 etc.

1077 5201 1159 5264 Cum
1182 5197 1224 5260 ad
1248 5197 1440 5274 petitionem
1469 5196 1663 5259 dilectorum
1687 5199 1832 5263 tiliorum

1039 5298 1224 5360 conventus
1239 5294 1434 5355 monasterii
1451 5295 1483 5354 S.
1502 5295 1739 5372 symphoriani
1752 5297 1832 5358 Bel-

1039 5393 1192 5454 vacensis
1215 5391 1309 5452 vobis
1331 5390 1520 5453 dederimus
1545 5393 1581 5455 lu
1604 5394 1835 5466 mandabant

1040 5489 1162 5552 devita
1186 5490 1219 5550 et
1237 5488 1404 5551 actibus...
1428 5488 1687 5552 abbatissarum
1701 5492 1833 5554 verita-

1039 5591 1105 5648 tem
1125 5585 1267 5648 sollicite
1286 5585 1504 5663 inquirentes,
1531 5586 1615 5663 quod
1637 5586 1846 5653 inveneritisx
