4262 6382
365 255 425 316 815
981 255 1157 318 HoN0m1
1180 257 1226 316 111
1247 257 1395 318 OPERA.
1461 261 1462 266 ’
1962 253 2022 313 816

365 413 502 476 Henricl
530 413 672 474 illustris
701 413 882 488 Anglorum
917 416 1018 491 regis,
1053 430 1155 476 sexa·
1211 413 1332 476 cuntur
1355 412 1563 474 decernimus
1589 414 1776 489 pervenire.
1793 413 2021 474 Decernimus

365 512 457 586 ginta
486 511 527 571 de
560 510 692 572 redditu
726 515 799 588 eJus
834 511 874 572 de
908 512 1078 574 Londonia
1115 511 1156 572 de
1211 526 1301 587 ergo,
1320 511 1356 571 31
1367 509 1451 570 33111
1462 511 1597 571 omnino
1610 511 1793 582 hominurn,
1808 510 1887 581 etc.,
1907 524 2021 583 usque

364 608 460 668 llrma
483 607 1155 684 313113133133313331313131133331-
1211 606 1395 683 protutura,
1409 605 1515 665 salva
1539 603 1634 665 Sedis
1660 605 1858 681 Apostolicae
1892 607 2020 666 aucto-

362 704 475 766 ritatis
521 705 670 765 Winton.
695 707 834 781 Insuper
853 707 1157 767 autemconsuetu-
1211 704 1321 765 ritate.
1346 702 1394 762 Ad
1429 700 1589 786 indicium
1616 703 1727 762 autem
1751 702 1851 777 hujus
1877 717 1903 762 a
1931 701 2019 762 Sede

363 801 457 862 dines
488 801 588 872 illas,
619 817 701 878 3333
733 802 853 863 nobilis
879 803 933 864 vir
953 803 1153 872 Willelmns,
1209 797 2017 876 13331311333333331311113313113,313331333-

362 899 575 960 Pictavorum
598 914 728 970 comes,
752 899 895 961 habebat
914 900 949 960 in
971 900 1094 960 foresta
1116 899 1156 959 de
1210 896 1314 958 latum
1348 896 1585 956 monasterium
1610 895 1654 956 sit
1674 895 1761 972 juris
1794 895 1887 956 beati
1925 896 2017 956 Petri

362 998 499 1070 digent,
512 994 663 1056 ecclesiae
677 996 791 1056 Fontis
803 996 945 1057 Ebraudi
958 996 1107 1066 contulit,
1124 995 1157 1056 et
1211 1009 1312 1053 unum
1334 1008 1473 1054 aureum
1494 991 1591 1052 uobis
1620 992 1809 1068 nostrisque
1831 1007 2018 1052 successo-

361 1091 471 1152 locum
493 1092 644 1167 magistri
660 1092 812 1153 Giliberti
827 1092 866 1153 de
884 1093 989 1154 Boseo
1008 1092 1049 1153 de
1070 1093 1155 1152 Casa
1211 1090 1304 1151 ribus
1331 1089 1429 1150 annis
1464 1089 1606 1164 singulis
1633 1089 1840 1165 persolvetis.
1874 1090 1916 1150 Si
1952 1105 2017 1165 qua

361 1203 436 1248 cum
450 1189 753 1264 pertinentiissuis,
771 1203 843 1264 3333
864 1188 951 1248 idem
974 1188 1154 1249 Gilibertus
1209 1188 1312 1262 igitur
1340 1187 1374 1246 in
1403 1186 1560 1258 futurum,
1591 1188 1667 1258 313,
1690 1202 1797 1260 usquc
1823 1186 2015 1262 subjaceat.

359 1285 394 1344 iu
410 1284 605 1346 castellaria
621 1285 662 1345 de
676 1287 761 1345 Casa
777 1284 809 1345 et
821 1284 953 1346 castell.
968 1301 1011 1346 ex
1027 1285 1156 1346 Saralo-
1210 1284 1354 1356 Cunctis,
1372 1284 1448 1356 etc,
1464 1299 1573 1358 33333
1585 1282 1769 1346 inveniant.
1785 1287 1909 1344 Amen.

290 1389 292 1394 ’
359 1395 434 1441 rum
456 1381 603 1442 fidelium
623 1381 801 1456 largitione
823 1382 1036 1458 acquisierat,
1052 1384 1084 1443 et
1103 1383 1152 1444 te·
1248 1381 1341 1442 Nulli
1355 1395 1446 1457 ergo,
1472 1384 1549 1452 etc„
1581 1381 1668 1442 banc
1696 1380 1853 1456 pagiuam
1884 1383 2014 1442 nostrae

359 1477 470 1550 nebat,
487 1478 708 1540 obedientiam
725 1477 766 1539 de
778 1479 931 1556 cupario,
948 1480 982 1539 et
996 1479 1155 1540 obedien·
1208 1478 1443 1549 concessionis,
1455 1476 1567 1538 etc.‘Si
1579 1478 1654 1553 quis
1670 1479 1793 1550 antem,
1812 1479 1876 1538 etc.
1890 1477 2012 1539 Datum

359 1577 440 1636 tiam
462 1591 535 1651 quae
560 1579 611 1636 est
636 1575 671 1635 in
700 1575 822 1636 foresta
849 1575 890 1638 de
921 1577 1032 1638 Monte
1059 1577 1154 1637 Rivel
1209 1575 1377 1647 Laterani,
1392 1572 1523 1636 VIidns
1538 1573 1662 1646 martii,
1679 1588 1767 1636 anno
1783 1588 1883 1635 nono.

358 1672 445 1748 apud
461 1687 503 1732 ex
519 1673 634 1732 Sareio
651 1674 757 1749 Hyon,
772 1672 805 1734 et
827 1673 901 1734 octo
923 1673 1048 1734 solidos
1069 1689 1152 1734 ceu-

358 1769 470 1828 suales
485 1769 736 1844 hudegavensis
760 1771 901 1831 monetae
925 1771 982 1846 qui
1006 1771 1091 1832 tlunt
1113 1771 1153 1831 de

355 1865 463 1926 tribus
486 1865 700 1927 Bordelleriis
722 1866 809 1944 apud
831 1867 959 1928 Bellum
982 1868 1104 1941 Prasii,
1121 1869 1154 1930 et
1557 1825 1657 1912 CXV

355 1965 519 2023 Brancam
533 1965 720 2024 Curvamet
739 1963 964 2025 deiaiboralt.
1207 1976 1259 2036 Ad
1297 1977 1342 2034 H.
1379 1977 1672 2051 Burdepalcnscm
1717 1974 1750 2035 31
1795 1974 2010 2050 magistrum

395 2062 563 2121 Praeterea
578 2060 768 2121 molendina
782 2061 823 2121 de
836 2061 1039 2122 Mirobeltin
1056 2075 1154 2122 3333-
1246 2075 1278 2132 J,
1302 2072 1424 2132 Barat.
1454 2073 1762 2133 calmontensem
1787 2074 2007 2132 archidiaco-

355 2155 467 2215 meuto
490 2157 580 2231 regis
602 2156 689 2234 apud
713 2156 824 2217 Bituni
852 2158 1052 2230 existentia,
1079 2173 1152 2234 quae
1247 2183 1331 2229 itum
1345 2168 1569 2230 etcantorem
1582 2167 1904 2230 cathalaunensem.

354 2252 592 2314 hrolrimbaud.
618 2253 658 2314 de
684 2253 794 2314 Soliac
813 2255 845 2316 et
863 2253 952 2315 illius
979 2257 1052 2331 ejus
1078 2255 1152 2316 Gilo
1483 2298 1515 2354 li
1535 2297 1629 2354 marm
1644 2297 1723 2354 llil.

355 2349 892 2413 3131133113333313331311333333
907 2351 1153 2413 rationabiliter

356 2447 603 2518 concesseruut,
621 2450 654 2508 et
668 2448 763 2508 bonae
779 2449 948 2510 memoriae
963 2448 1152 2509 Ludovicus
1239 2419 1557 2486 [uegest.‚lib.1x,epist.
1571 2420 1695 2479 mm·
1708 2421 1829 2470 L³P⁰¹¹⁸
1843 2418 1984 2484 catheti]

356 2543 521 2620 quondam
536 2544 677 2605 illustris
693 2547 898 2607 Francorum
915 2561 988 2618 rex,
1000 2547 1041 2606 de
1056 2549 1152 2622 cujus
1207 2549 1262 2604 Dat
1279 2548 1306 2603 el
1329 2545 1506 2619 provinciam
1522 2543 1695 2604 informandi
1711 2543 2001 2618 1313333133-

354 2641 453 2702 sendo
475 2641 608 2702 lucrant
631 2642 745 2718 scripti
769 2643 820 2704 tui
843 2643 966 2719 pagina
981 2641 1153 2705 roboravit
1242 2649 1304 2692 ¹11ssss
1323 2634 1477 2706 Cllffllllssia
1498 2635 1527 2690 ³¹¹
1549 2635 1663 2691 civitate
1682 2635 1816 2690 Τῑθῦθῦδί
1838 2639 2000 2704 00¹1t0¹¹¹ll⁸

356 2739 537 2800 secundum
551 2739 712 2810 tenorem,
730 2739 785 2816 qui
806 2740 841 2800 in
863 2744 936 2816 ejus
951 2741 1074 2816 scripto
1090 2755 1153 2800 au.
1241 2722 1371 2779 libertate
1384 2722 1578 2779 ecclesiastica
1597 2728 1796 2790 attentaverat,
1813 2723 2000 2780 alteritatem

353 2837 500 2898 theutica
522 2837 712 2898 continetur
725 2835 819 2898 vobis
836 2835 1054 2898 nihilomiuus
1069 2853 1152 2898 con·
1242 2809 1278 2868 Μ
1291 2809 1395 2868 sedem
1410 2810 1605 2882 Ap⁰⁸²⁰¹¹⁰³¹¹¹
1619 2807 1770 2866 semum·

355 2933 538 2994 firmamus.
556 2935 591 2993 Si
607 2933 680 3009 3313
699 2949 778 2994 voro
800 2933 947 2995 fidelium
963 2935 1150 2997 devotionis
1245 2936 1425 3007 Honorius,
1438 2937 1513 3008 etc,
1531 2935 1661 2998 dilectis
1676 2935 1756 2996 tiliis
1769 2937 1809 2996 Η.
1823 2935 1995 3010 Burdoga·

355 3031 478 3092 intuitu
500 3031 644 3106 aliquem
664 3030 772 3092 locum
794 3031 889 3092 vobis
909 3031 1097 3104 contulerit,
1115 3032 1150 3092 in
1204 3033 1307 3104 lensi,
1335 3034 1368 3094 et
1390 3033 1550 3108 magistro
1570 3036 1600 3095 l.
1617 3033 1718 3094 Barat
1739 3030 1995 3095 cathalaunensi

354 3142 419 3203 quo
432 3128 614 3188 oratorium
624 3127 735 3189 velitis
748 3129 943 3189 construere
953 3128 994 3188 ad
1004 3131 1149 3190 vestram
1205 3129 1454 3201 archidiacono,
1484 3131 1553 3191 et...
1579 3129 1708 3190 cantori
1727 3128 1995 3198 cathalaunensi,

354 3224 611 3300 postulationem
638 3241 758 3301 aquam
780 3224 998 3297 benedictam,
1024 3226 1149 3286 atalia
1205 3225 1918 3303 salutemetApostolicambenedictionem.

354 3320 575 3397 competentia
590 3321 685 3381 vobis
698 3321 926 3383 ecclesiastica
941 3323 1149 3384 sacramenta
1244 3327 1385 3386 Graiam
1399 3323 1601 3384 venerabilis
1617 3322 1730 3386 fratris
1745 3325 1890 3386 nostri...
1905 3323 1994 3399 epis·

354 3417 598 3493 archiepiscopi
624 3419 657 3478 et
680 3419 826 3495 episcopi
856 3419 892 3478 in
921 3434 1060 3495 quorum
1089 3435 1150 3495 pa·
1204 3421 1277 3498 copi
1289 3420 1656 3497 Trecensisrecepimns
1672 3421 1903 3496 quaestionem,
1913 3416 1993 3497 3331
2085 3417 2086 3422 ’

354 3513 471 3574 rochia
492 3513 580 3572 idam
601 3513 694 3574 locus
710 3513 809 3574 luerit
825 3515 1024 3591 episcopalis
1048 3515 1149 3578 oflicii
1204 3535 1278 3580 cum
1287 3517 1477 3593 jurisdictio
1493 3517 1690 3578 clericorum
1701 3533 1771 3578 suae
1786 3517 1950 3587 dioecesis,
1964 3513 1994 3574 et

356 3609 573 3672 debitovobis
588 3611 713 3687 absque
731 3611 882 3672 molestia
897 3612 1095 3687 largiantur.
1204 3615 1347 3675 aliorum
1369 3614 1481 3687 etiam,
1506 3615 1561 3690 qui
1588 3613 1784 3690 delinquunt
1808 3613 1991 3677 incivitate
2085 3645 2086 3678 r

394 3710 481 3768 Sane
511 3707 680 3770 novalium
709 3710 907 3777 vestrorum,
938 3710 1013 3782 etc,
1043 3727 1149 3785 33333
1203 3712 1370 3778 Trecensi,
1384 3712 1549 3789 pertineat
1569 3711 1609 3771 31
1630 3711 1792 3783 eumdem,
1808 3711 1932 3773 nobilis
1946 3710 1992 3770 vir

353 3806 544 3884 praesumat.
574 3805 853 3877 Quemadmodum
882 3807 992 3868 autem
1022 3822 1081 3869 vos
1107 3807 1149 3868 ab
1204 3809 1263 3870 Th.
1288 3824 1398 3870 comes
1423 3809 1623 3884 Campaniae,
1640 3808 1913 3880 sicutconveuit,
1935 3821 1992 3867 non
2085 3799 2086 3846 ³

353 3904 444 3964 omui
464 3904 639 3964 exactione
661 3903 785 3964 liberas
801 3919 874 3965 esse
893 3905 1080 3976 statuimus,
1102 3906 1149 3966 ita
1204 3907 1377 3968 attendens
1392 3905 1477 3982 3331
1500 3905 1596 3966 131313
1615 3921 1716 3981 super
1735 3905 1897 3976 ecclesiis,
1922 3919 1993 3982 per·
2085 3933 2086 3936 π

352 4003 452 4062 etiarn
471 4001 654 4062 servientes
675 4002 805 4062 vestros
830 4001 954 4076 absque
978 4001 1148 4077 inquietu-
1204 4005 1305 4074 souis,
1323 4004 1378 4064 vel
1398 4003 1498 4064 rebus
1522 4001 1760 4064 ecclesiasticis
1780 4002 1872 4063 nulla
1888 4005 1933 4063 sit
1946 4001 1992 4062 at-

352 4097 1147 4174 1133311333311333313131113333333333333-
1203 4100 1325 4162 tributa
1354 4100 1515 4176 potestas,
1542 4113 1625 4175 3333
1654 4097 1857 4175 obsequendi
1886 4097 1993 4158 manet

353 4211 439 4266 mus,
460 4195 496 4254 31
509 4195 587 4254 dum
609 4195 644 4254 in
666 4196 803 4256 servitio
822 4196 933 4257 vestro
950 4211 1147 4272 permanse—
1203 4197 1386 4258 necessitas
1410 4213 1476 4257 nou
1498 4196 1680 4257 auctoritas
1706 4195 1906 4272 imperandi,
1931 4195 1990 4254 hu-

353 4291 421 4351 rint
436 4290 531 4352 multi
550 4291 759 4354 sacerdotum
774 4292 815 4352 ad
832 4309 970 4368 quorum
991 4293 1148 4368 parochia
1198 4294 1345 4372 jusmodi
1348 4293 1613 4370 jnrisdictionem
1624 4295 1696 4370 ejus
1705 4307 1871 4354 enervans
1882 4307 1991 4369 quem·

353 4387 504 4462 spectare
513 4388 707 4459 noscuntur,
718 4387 884 4450 lassiteos
895 4390 935 4450 ad
947 4389 1147 4452 oblationem
1203 4391 1277 4451 dam
1298 4391 1467 4462 clericum,
1494 4404 1590 4466 quem
1607 4390 1641 4450 in
1664 4390 1802 4451 mortem
1816 4405 1912 4450 suam
1926 4401 1990 4448 ma-

352 4483 415 4544 sibi
441 4483 663 4544 exhibendam
683 4485 891 4562 compellere,
911 4487 963 4547 vel
979 4487 1020 4548 31
1036 4488 1148 4563 sepul·
1203 4487 1373 4549 chinatum
1387 4503 1462 4548 esse
1483 4487 1625 4559 dicebat,
1647 4502 1753 4562 nuper
1767 4487 1803 4547 in
1823 4489 1988 4559 contemp-

351 4584 461 4643 turam
483 4583 600 4644 contra
622 4597 737 4642 eorum
758 4582 908 4658 recipere
929 4583 1144 4656 voluntatem,
1202 4587 1270 4646 tum
1290 4587 1349 4646 Dei
1370 4583 1988 4660 3133313313311333111133131133333333

350 4679 407 4740 sed
437 4679 546 4753 potins
571 4679 1145 4756 31331313333333113131333331,
1202 4683 1280 4744 lecit
1314 4680 1476 4759 captivari
1511 4680 1657 4752 balivos,
1689 4696 1786 4757 quem
1811 4697 1883 4742 cum
1909 4680 1989 4742 iden

349 4776 492 4837 liberum
514 4777 558 4838 sit
572 4776 757 4852 capellanis
772 4777 892 4838 vestris
908 4777 948 4836 31
965 4776 1147 4840 consessio·
1201 4781 1375 4856 episcopus
1398 4779 1524 4840 adicio
1549 4778 1668 4840 comite
1697 4793 1755 4838 ore
1784 4779 1920 4856 proprio
1940 4789 1988 4836 re-

349 4865 1146 4954 333333133331331133113131333333333
1201 4876 1370 4953 quisisset,
1386 4876 1418 4936 31
1433 4876 1568 4952 paratus
1585 4877 1682 4946 esset,
1698 4873 1986 4951 333311333311313.
2085 4863 2086 4888 ’

348 4973 481 5034 tradere
506 4972 697 5048 sepulturae.
721 4973 932 5048 sepulturam
947 4989 1077 5050 333333
1091 4975 1146 5050 ip·
1201 4975 1241 5035 de
1256 4974 1328 5050 ipso
1341 4973 1530 5034 festinatam
1538 4972 1704 5049 justitiam
1716 4972 1889 5044 exhibere,
1899 4968 1988 5048 prout

349 5069 511 5140 slusloci‚
529 5071 1146 5144 etc..uaqzieassumuntur.Hassane
1201 5071 1242 5132 ad
1271 5069 1460 5146 episcopale
1496 5069 1642 5130 osticium
1676 5067 1879 5145 pertinebat,
1909 5069 1987 5128 idern

347 5165 573 5240 indulgentias
602 5181 668 5225 nou
693 5166 799 5226 solum
825 5167 865 5227 ad
892 5183 952 5228 vos
970 5167 1004 5227 in
1025 5169 1143 5243 capite,
1201 5183 1310 5230 comes
1322 5168 1353 5228 11
1370 5167 1502 5228 efficere
1517 5183 1583 5227 non
1599 5165 1805 5228 solummodo
1816 5182 1883 5227 non
1893 5179 1986 5227 cura-

349 5264 406 5324 sed
420 5262 462 5322 31
475 5263 542 5322 3113
558 5263 658 5323 etiam
672 5264 874 5325 monasteria
888 5264 1015 5325 ordinis
1030 5265 1143 5336 vestri,
1200 5267 1258 5338 vit,
1272 5281 1387 5326 verum
1399 5264 1499 5325 etiam
1511 5264 1669 5324 clericum
1681 5263 1798 5340 ipsum,
1812 5279 1886 5324 cum
1899 5275 1988 5340 appa·

348 5377 423 5438 3333
457 5359 498 5420 31
521 5359 631 5420 minus
658 5361 815 5437 triginta,
848 5362 900 5421 vel
926 5361 1145 5437 quadraginta
1201 5363 1294 5424 rebat
1318 5377 1453 5433 corona,
1479 5361 1594 5422 eodem
1623 5362 1779 5437 episcopo
1806 5357 1987 5422 incivitate

348 5457 665 5530 sanctimonialium,
689 5460 742 5519 vel
757 5459 900 5534 amplius
922 5457 1046 5519 habere
1066 5473 1148 5520 con·
1201 5461 1458 5532 morante,ausu
1470 5458 1635 5534 sacrilego
1648 5455 1985 5534 113133111331133313,

347 5557 494 5624 ventum,
514 5555 727 5633 vestrumque
745 5555 893 5617 ordinem
911 5569 1049 5617 seruare
1065 5574 1145 5618 uos·
1202 5560 1235 5619 et
1248 5558 1456 5634 postmodum
1469 5557 1503 5616 in
1515 5556 1647 5632 publico
1659 5553 1731 5618 loro
1744 5555 1900 5632 suspendi
1915 5549 1986 5614 mul·
