4274 6388
133 327 196 392 666
751 335 979 396 66666666.
1003 335 1081 396 666.
1105 335 1175 396 vu.
1435 422 1439 430 Ι
1715 335 1776 396 666

134 483 368 562 (1161666Β666,
385 507 484 568 quam
499 493 629 556 noviter
652 490 840 556 inhabitare
855 509 926 556 coe-
982 491 1158 568 patratum,
1179 491 1294 555 noster
1307 493 1444 570 expauit
1457 493 1601 567 6616666,
1617 507 1676 556 666
1697 509 1779 554 666·
1831 555 1833 559 ,

134 585 265 660 parunt,
281 585 405 664 impetu
419 605 635 666 paganorum,
651 607 710 668 per
734 607 817 669 quos
840 591 926 652 hec·
981 589 1126 662 tremuit,
1156 591 1190 651 et
1215 605 1314 651 aures
1343 606 1386 651 ex
1418 589 1523 666 ipsius
1551 588 1776 653 horribilitate

134 682 233 742 tenus
244 684 340 744 vasta
364 686 396 746 66
408 686 539 748 deserta
554 687 747 763 permansit,
776 703 841 750 non
855 689 927 748 sine
982 685 1140 747 serinoris
1151 686 1355 761 tinnierunt;
1372 686 1429 747 sed
1445 701 1488 747 ex
1510 687 1700 748 earumdem
1715 686 1776 748 lit-

134 776 283 854 ipsorum
313 783 415 844 multo
441 783 632 846 discrimine
663 785 843 854 refrenato,
877 790 928 848 666
983 787 1129 844 terarum
1151 783 1318 846 intellecto
1346 785 1473 850 tenore,
1498 799 1596 860 quam
1626 783 1776 844 animose

130 876 202 951 jam
219 891 285 938 non
298 893 420 952 parvus
432 882 800 944 numerusclericonnm
818 905 825 944 :
841 884 928 944 unna
982 876 1068 938 idem
1083 893 1144 938 rex
1159 878 1379 939 insurrexerit
1396 878 1511 939 contra
1528 877 1627 954 hujus
1641 877 1776 940 sceleris

135 987 235 1049 quum
248 975 335 1036 terra
351 975 435 1052 ipsa,
448 979 545 1053 iuxta
570 978 796 1056 indulgentias
811 995 927 1041 eormn
983 973 1180 1048 patratores,
1198 973 1356 1042 dolorem,
1371 991 1468 1051 quem
1484 972 1579 1034 nobis
1595 972 1674 1034 lacti
1689 976 1776 1034 atro-

136 1068 246 1130 ordini
256 1070 298 1130 ab
313 1073 500 1148 apostolice
515 1073 599 1136 Sede
608 1091 794 1147 concessas,
807 1078 929 1152 praeter
982 1070 1065 1131 61666
1081 1069 1203 1142 1666116,
1221 1087 1281 1147 666
1301 1086 1421 1146 magna
1437 1073 1529 1148 parte
1554 1070 1718 1130 sensimus
1732 1086 1777 1132 ex

136 1165 320 1228 Romanum
335 1169 527 1231 Pontificem
541 1186 606 1232 non
621 1171 721 1234 habet
731 1173 927 1250 episcopum
984 1181 1045 1226 sua
1058 1165 1230 1241 diligentia
1247 1167 1442 1243 mitigatum.
1463 1166 1593 1228 Eaedem
1611 1181 1693 1228 sane
1714 1166 1774 1227 lit-

134 1261 189 1324 661
217 1263 400 1338 praelatum,
434 1267 675 1344 supplicarunt,
707 1271 743 1332 ut
780 1271 927 1348 praetatis
981 1264 1062 1324 terea
1073 1263 1299 1335 continebant,
1312 1265 1398 1340 quod
1407 1264 1480 1325 orte
1493 1264 1581 1324 16666
1591 1263 1777 1324 recolendae

135 1357 525 1437 clericisprovideremus
538 1366 864 1444 archipresbyterum
875 1368 927 1428 vel
983 1360 1151 1422 memoriae
1175 1363 1213 1422 A·
1243 1361 1483 1423 Cathanensem
1514 1360 1705 1436 episcopum
1733 1375 1776 1422 ex

135 1454 307 1530 decanum,
322 1459 363 1519 ad
375 1475 471 1536 quem
485 1463 613 1538 possint
624 1462 746 1524 habere
756 1479 928 1526 recursum
983 1458 1076 1534 1111116
1094 1473 1173 1527 111111,
1194 1459 1228 1518 et
1250 1457 1472 1533 111100111111108
1497 1473 1575 1517 SUOS
1595 1471 1637 1518 ⁰11
1656 1456 1773 1530 11111111,

126 1554 236 1630 'super
249 1557 487 1630 quaestionibus
503 1559 747 1633 emergentibus
756 1560 844 1621 inter
856 1575 925 1632 nos,
983 1569 1083 1629 super
1098 1552 1234 1614 decimis
1250 1553 1370 1616 6661116
1384 1553 1602 1614 cathenensis
1624 1553 1774 1636 ecclesiae

135 1648 472 1728 donecipsinsterrae
490 1656 630 1732 populns
655 1657 691 1716 in
710 1657 850 1728 tantum,
867 1673 930 1717 an.
978 1650 1111 1725 juribus
1142 1651 1337 1726 quaestione,
1372 1651 1510 1726 ipsaque
1535 1650 1570 1710 16
1598 1651 1776 1727 praesentia
1802 1679 1807 1688 ¹

135 1749 257 1810 nuente
273 1749 422 1822 Domino,
447 1753 688 1826 augmentetur,
714 1753 799 1829 quod
814 1753 863 1814 ais
887 1754 928 1815 de
983 1745 1072 1820 regis
1093 1745 1198 1822 ipsius
1224 1746 1443 1807 mediantibus
1474 1745 1670 1822 quibusdem
1697 1762 1776 1823 per-

134 1845 268 1921 propric
285 1847 389 1922 possit
411 1848 566 1925 episcopo
587 1849 928 1927 providentiamque
984 1842 1074 1901 sonis
1098 1841 1333 1903 ecclesiasticis
1354 1841 1521 1903 amicabili
1538 1843 1776 1919 compositione

134 1939 336 2004 fraternitati
349 1946 414 2004 tuae
429 1959 489 2020 666
500 1945 690 2021 6666661166
704 1946 826 2022 6661666
840 1963 930 2008 men·
984 1937 1405 2014 Sopitasretlfflfflletflssdeffl
1415 1940 1618 2015 episcopoad
1627 1940 1773 2016 11101111,

134 2037 264 2110 damus,
280 2040 444 2116 quatenus
455 2041 609 2102 idoneam
623 2057 798 2119 personam
813 2041 873 2104 tibi
887 2043 928 2104 ab
982 2033 1120 2112 ipsoque
1136 2050 1214 2111 1669
1236 2035 1269 2096 111
1295 2036 1449 2111 Angliflffl
1466 2035 1653 2112 1110111611118
1679 2037 1775 2112 regni

133 2134 218 2211 ipsis
233 2135 391 2200 tratribus
414 2139 648 2213 praesentatam
664 2139 737 2201 vice
764 2141 878 2201 nostra
895 2141 927 2202 in
983 2131 1034 2190 sui
1050 2131 1191 2207 negotiis
1219 2134 1428 2209 properante,
1451 2131 1552 2194 iidem
1578 2133 1776 2209 parochiani

133 2230 461 2308 archipresbyterum
490 2233 544 2295 rel
571 2234 735 2296 decanum
762 2236 927 2312 6666616166
984 2229 1137 2306 tanquam
1153 2228 1404 2290 110113111918113
1428 2245 1515 2302 eum,
1532 2230 1609 2306 quia
1625 2229 1776 2292 ecclesi&

134 2327 267 2390 clericis
289 2329 478 2391 antedictis.
494 2330 612 2392 natum
627 2332 795 2398 Laterani,
808 2334 839 2393 11
854 2332 928 2394 tuus
983 2341 1051 2386 suae
1071 2341 1205 2386 causam
1232 2328 1346 2402 egerat
1370 2328 1486 2389 contra
1511 2327 1614 2404 ipsos,
1638 2327 1673 2388 in
1697 2343 1776 2404 666-

131 2425 292 2502 tenuant,
308 2425 520 2502 pontificatus
534 2427 640 2490 nostri
663 2443 751 2492 anno
773 2429 925 2508 septimo.
983 2423 1087 2484 torem
1108 2421 1196 2498 plum
1211 2422 1282 2500 lupi
1295 2437 1446 2500 rapaces,
1474 2423 1509 2484 in
1525 2424 1652 2501 patrem
1674 2424 1776 2500 dege·

983 2518 1167 2589 nerestilit
1185 2535 1224 2580 ac
1236 2520 1270 2580 in
1282 2520 1448 2582 Christum
1463 2521 1638 2582 Dominum
1651 2519 1775 2582 diaboli

983 2615 1142 2678 satellites
1167 2615 1344 2690 irruentes,
1362 2633 1438 2678 eum
1459 2617 1607 2680 vestibus
1630 2617 1775 2695 propriis

983 2711 1169 2789 spoliatum,
1200 2728 1334 2782 caesum,
1365 2713 1548 2791 lapidatum
1579 2715 1612 2776 66
1638 2713 1775 2792 bipenni

448 2765 614 2854 XLVIII
982 2809 1192 2872 vulneratum
1208 2809 1249 2870 ad
1265 2811 1416 2883 mortem,
1437 2811 1473 2871 16
1485 2810 1628 2887 coquina
1641 2811 1776 2887 propria

186 2890 242 2976 'Ad
261 2917 531 2978 (1166666666...
551 2918 823 2978 paneadensem
841 2916 875 2979 et
984 2909 1056 2983 ejus
1069 2906 1223 2967 interitus
1236 2907 1335 2967 nimis
1348 2906 1440 2968 avidi
1452 2908 1693 2969 cremaverunt.
1704 2911 1778 2970 Rex

283 3015 570 3075 humbecensem
589 3017 774 3088 episcopos.
983 3018 1062 3064 vero
1077 3002 1247 3081 praetatus,
1263 3003 1319 3080 qui
1333 3003 1548 3080 proficiscens
1573 3004 1609 3064 in
1621 3003 1777 3080 Angliem

400 3143 433 3200 13
445 3142 570 3214 januam
584 3143 662 3201 4223·
766 3091 780 3112 '
979 3100 1050 3177 jam
1065 3099 1107 3160 ad
1126 3100 1276 3162 extreme
1299 3100 1394 3176 regni
1410 3101 1463 3162 sui
1478 3101 1686 3176 pervenerat,
1712 3100 1779 3162 hoc
1881 3151 1886 3162 .

983 3196 1107 3269 audito,
1138 3196 1252 3258 dolens
1285 3198 1318 3258 66
1352 3213 1397 3257 ex
1431 3198 1523 3260 tanta
1556 3197 1778 3274 perversitate

983 3293 1119 3356 sceleris
1139 3292 1365 3365 conturbatus,
1393 3293 1435 3354 ed
1458 3294 1692 3357 vindicandam
1708 3296 1777 3358 tam

134 3387 291 3458 iudicibus,
303 3396 333 3446 ut
344 3389 374 3446 iu
388 3389 515 3463 episcopi
530 3388 719 3449 Gatianensis
734 3388 929 3449 interfectores
983 3389 1149 3451 crudelem
1162 3390 1308 3468 episcopi
1319 3389 1399 3452 dicti
1411 3395 1560 3464 mortem,
1578 3393 1611 3454 et
1624 3391 1665 3452 ed
1689 3392 1778 3454 male

171 3491 272 3535 severe
285 3477 523 3544 animadvertunt,
535 3479 655 3552 regique
667 3479 813 3536 Scotorum
827 3477 927 3536 borum
983 3485 1186 3563 perdendum
1207 3487 1323 3560 malos,
1341 3488 1409 3564 qni,
1419 3488 1569 3550 eumdem
1585 3489 1779 3567 episcopum

171 3566 346 3666 impietatem
376 3566 529 3624 ulciscendi
554 3566 648 3625 studio
667 3567 800 3640 flagranti
826 3573 928 3640 presto
984 3583 1031 3644 310
1046 3584 1269 3660 perdiderant,
1284 3600 1420 3663 prorsus
1432 3586 1657 3663 omissqqquoe
1668 3587 1777 3664 ipsum

171 3661 237 3711 ⁸¹⁰¹·
983 3679 1169 3754 trabebant,
1186 3681 1340 3757 negotiis,
1357 3697 1393 3742 se
1407 3682 1559 3758 protinus
1574 3679 1780 3746 exercitibus

175 3779 926 3858 Honoriuscpisccpus,servassemorumnei,
984 3777 1053 3838 suls
1084 3777 1233 3838 collectis
1264 3778 1421 3850 accinxit,
1454 3779 1567 3855 aperte
1588 3779 1778 3852 insinuans,

135 3875 381 3939 venerabilibus
415 3877 572 3939 tratribus
607 3878 720 3938 Sancti
748 3877 926 3939 Andreae...
983 3873 1070 3950 quod
1085 3889 1161 3934 eum
1180 3875 1305 3951 injuria
1318 3874 1440 3936 Christi
1455 3877 1569 3950 angat,
1591 3876 1625 3937 et
1638 3891 1708 3938 suae
1722 3889 1779 3936 ze-

136 3973 359 4036 Gleswensi...
380 3974 606 4036 Dunkeldensi
632 3978 665 4035 66
691 3973 928 4035 humblanenst
984 3969 1072 4031 latur
1086 3970 1237 4032 ecclesiae
1255 3970 1454 4043 libertatem,
1471 3987 1531 4047 pro
1555 3973 1650 4049 cujus
1665 3970 1781 4034 desen-

135 4070 312 4148 episcopis,
328 4071 469 4132 salutem
485 4072 518 4132 66
529 4071 754 4147 apostolicam
767 4070 927 4132 benedic·
984 4067 1079 4128 sione
1094 4069 1233 4129 mortem
1246 4065 1348 4128 subiit
1366 4067 1541 4144 episcopua
1563 4071 1776 4132 memoratus.

134 4168 271 4230 tionem.
341 4211 343 4216 -
865 4245 870 4256 Ι
984 4165 1053 4225 Ν66
1076 4163 1264 4242 ergojuxta
1287 4164 1541 4242 postulationem
1555 4167 1700 4228 vestram
1721 4167 1778 4244 ip-

174 4266 272 4326 Nune
291 4264 414 4327 scimus
433 4279 524 4336 vere,
552 4265 636 4342 quod
665 4265 860 4326 carissimus
892 4266 927 4326 in
984 4260 1159 4336 siusregis
1173 4261 1777 4338 superbocexcellentiamcommen-

134 4360 929 4438 Christotlliusnester...rexscotorumillustris
984 4358 1115 4431 dantas,
1132 4373 1171 4420 66
1186 4361 1423 4436 prosequentes
1445 4361 1632 4425 actionibus
1652 4362 1781 4439 gratie-

113 4458 175 4519 ·ed
196 4458 375 4520 vindictam
398 4458 660 4531 malefactorum,
691 4459 822 4520 laudem
848 4476 928 4521 vero
985 4471 1060 4516 rum
1076 4471 1152 4516 eum
1167 4472 1227 4534 per
1242 4457 1365 4534 scripta
1388 4459 1502 4520 nostra
1527 4459 1727 4532 monuimus,
1745 4462 1781 4524 ut

133 4555 307 4628 bonorum,
324 4555 480 4618 traditam
497 4555 560 4617 sibi
585 4571 603 4616 a
620 4557 760 4617 homino
773 4559 930 4619 exerceat
984 4555 1189 4630 assumptum
1214 4555 1419 4632 propositum
1443 4557 1637 4629 ulciscendi,
1651 4560 1719 4620 1166
1745 4557 1779 4620 66

275 3263 405 3329 [11161666.
418 3267 531 3316 honum.
543 3265 687 3329 burgariae,
697 3281 723 3332 p.
736 3265 790 3330 th]

132 4653 340 4730 potestatem,
357 4669 456 4732 quum
474 4653 667 4715 commissas
683 4653 718 4713 in
737 4669 841 4729 regno
868 4671 928 4716 suo
983 4650 1141 4713 Ecclesiae
1157 4667 1257 4728 super
1271 4653 1334 4714 hoc
1349 4652 1477 4716 illatam
1496 4655 1655 4731 injuriam
1677 4655 1780 4716 ulcis·

132 4749 299 4827 nequitias
308 4765 374 4810 non
383 4749 730 4826 patiaturimpunitas.
744 4752 818 4812 iem
830 4749 929 4826 plene
984 4747 1088 4810 cendo
1100 4748 1214 4810 taliter
1227 4751 1458 4826 prosequatur,
1471 4751 1557 4827 quod
1578 4768 1638 4828 pro
1652 4767 1691 4812 eo
1706 4752 1779 4828 ipsa

132 4847 376 4922 cognoscimus,
401 4845 487 4924 quod
510 4844 696 4909 libertatem
725 4846 930 4909 ecclesiasti·
982 4843 1135 4908 teneatur
1170 4847 1319 4909 Ecclesia
1341 4847 1401 4908 1161
1429 4847 1690 4910 misericordiam
1717 4849 1783 4908 im·

132 4959 206 5006 cam
234 4942 362 5018 diligat,
390 4958 491 5020 quum
520 4959 590 5003 suae
618 4943 771 5005 auctores
795 4943 929 5021 injuriae
983 4942 1126 5018 plorare,
1143 4944 1180 5005 ut
1192 4959 1324 5020 semper
1335 4945 1390 5016 sit,
1406 4945 1605 5022 ubicumque
1619 4945 1780 5018 ambulet,

132 5042 366 5118 prosequatur.
381 5042 454 5102 1666
469 5054 587 5101 revera
599 5039 706 5116 ipsum
718 5041 776 5102 1161
788 5039 930 5102 latemur
983 5038 1054 5116 ipse
1067 5054 1191 5110 secum,
1208 5043 1241 5102 et
1255 5042 1290 5102 in
1303 5043 1465 5104 aeternum
1478 5041 1628 5105 stabiliat
1637 5057 1779 5118 regnum

133 5139 277 5200 adletam
294 5135 495 5216 (athletam),
512 5153 612 5215 quum
630 5136 670 5198 ad
693 5137 929 5199 vindicandum
983 5152 1090 5210 suum,
1110 5136 1276 5215 iaciatque
1301 5139 1365 5200 sibi
1380 5155 1501 5201 nomen
1522 5141 1662 5215 grande,
1683 5157 1723 5204 ac
1737 5141 1781 5206 ab

132 5235 330 5312 sanguinem
343 5235 461 5296 christi
477 5238 561 5311 etus,
577 5236 634 5311 qui
650 5235 791 5296 deterre
808 5235 929 5297 clamet
983 5234 1136 5296 omnibus
1149 5235 1220 5296 suis
1235 5236 1381 5300 inimicis
1394 5236 1426 5298 ei
1441 5237 1592 5314 requiem
1603 5238 1778 5316 largiatur.

132 5333 175 5394 ed
198 5333 319 5410 ipsum,
339 5331 506 5407 regalibus
521 5331 663 5408 negotiis
681 5332 926 5407 praetermissis,
983 5333 1091 5404 Quum
1106 5334 1228 5401 autem,
1246 5333 1331 5396 61661
1354 5334 1390 5394 16
1412 5334 1533 5397 11666616
1548 5335 1780 5401 continebatur

131 5427 293 5492 intendat.
309 5429 428 5490 Audito
444 5428 575 5506 quidem
600 5444 643 5490 ex
655 5428 776 5489 11666616
794 5430 927 5502 vestris,
983 5427 1119 5502 eisdem,
1136 5445 1196 5492 vos
1212 5429 1403 5507 huiusmodi
1429 5431 1614 5510 iniquitatis
1624 5437 1779 5496 auctores

132 5542 234 5604 quam
248 5524 494 5588 abhorrendum
521 5524 661 5598 lacinus,
678 5542 844 5604 quamque
870 5527 930 5588 de·
983 5527 1018 5587 66
1040 5525 1187 5588 66666666
1209 5541 1323 5588 eorum
1352 5526 1482 5605 publice
1503 5531 1780 5595 denuntiaveritis

131 5622 288 5687 testabile
311 5624 435 5686 malum
459 5622 582 5685 dudum
609 5623 655 5686 sit
680 5623 715 5688 in
736 5639 841 5701 regno
868 5641 928 5688 suo
985 5621 1339 5687 excommunicationis
1374 5626 1547 5692 sententiae
1580 5627 1777 5708 subjacare:
1826 5623 1827 5628 ’
