4244 6374
345 319 406 383 643
965 319 1140 381 HONORII
1163 319 1207 380 111
1229 319 1378 384 OPERA.
1932 321 1995 382 644

345 478 421 556 quid
436 477 564 540 trahetis
578 477 665 555 apud
676 477 880 552 Torcellum
897 478 1137 555 possessiones,
1195 495 1292 540 suum
1309 495 1457 558 congrua
1470 479 1702 545 satisfactione
1716 479 1912 552 correxerit,
1928 497 1995 558 po-
2033 557 2034 560 Ἴ

342 576 602 650 tamenvineas,
611 591 760 646 nemora,
774 573 923 652 paludes,
933 576 966 639 et
980 575 1095 638 domos
1108 575 1140 637 et
1194 578 1326 639 testatis
1357 579 1561 656 honorisque
1592 579 1645 640 sui
1677 578 1841 654 dignitate
1865 580 1992 652 careat,

343 674 493 739 redditus
504 689 586 751 quos
598 673 730 736 habetis
742 673 810 734 tam
832 673 867 734 in
890 673 1027 734 civitate
1041 689 1139 750 quam
1194 689 1353 752 reamque
1375 675 1488 739 divino
1508 676 1636 752 judicio
1652 677 1799 740 existere
1813 675 1853 740 de
1872 691 1995 752 perpe-

344 772 480 834 dioecesi
509 771 689 844 Paduana;
717 770 873 848 quicquid
900 771 1030 832 habetis
1052 771 1138 848 apud
1194 772 1281 834 trata
1304 772 1481 849 iniquitate
1510 775 1700 850 cognoscat,
1722 776 1755 836 el
1783 773 1993 838 asseratis-

343 869 543 942 Tarvisium,
565 869 761 942 Bononiam,
778 868 986 944 Terigestum
1000 873 1033 930 et
1051 867 1138 944 apud
1194 869 1278 932 sium
1304 885 1444 946 corpore
1473 871 1507 932 et
1528 870 1693 946 sanquine
1716 869 1776 932 Dei
1804 871 1838 934 et
1858 873 1993 936 Domini

343 967 550 1028 Ariminum:
580 981 638 1042 per
659 966 832 1042 praesentis
857 966 947 1026 enim
968 965 1138 1043 privilegii
1195 966 1427 1044 Redempteris
1442 967 1549 1030 nostri
1559 970 1578 1030 J
1581 983 1641 1030 esu
1656 967 1779 1030 Christi
1794 967 1904 1032 aliena
1919 967 1990 1040 fiat,

342 1064 499 1141 paginam
514 1063 704 1140 apostolica
731 1063 929 1124 auctoritate
948 1063 1136 1136 statuimus,
1194 1065 1293 1140 atquc
1306 1065 1342 1126 in
1357 1067 1506 1128 extremo
1518 1065 1674 1127 examine
1695 1065 1854 1128 districtae
1871 1065 1992 1128 ultioni

344 1164 380 1223 ut
395 1162 487 1223 locus
502 1161 589 1222 idern
602 1161 663 1221 sub
678 1159 767 1222 beati
783 1161 872 1222 Petri
888 1160 991 1222 tutela
1005 1162 1038 1222 et
1060 1176 1140 1238 pro-
1195 1160 1375 1237 subjaceat
1394 1162 1540 1226 cunctis,
1552 1165 1663 1226 autem
1685 1163 1792 1226 eidem
1816 1162 1889 1226 leco
1911 1166 1990 1240 jura

342 1260 486 1322 tectione
514 1259 599 1320 liber
625 1259 659 1319 in
687 1260 882 1336 perpetuum
910 1259 1136 1320 conservetur.
1193 1259 1404 1322 servantibus
1430 1260 1474 1322 sit
1506 1275 1573 1338 pan
1604 1260 1736 1324 Domini
1771 1261 1880 1323 nostri
1910 1263 1991 1324 Jesu

341 1358 411 1419 Nec
426 1357 626 1432 patriarcha,
644 1371 705 1417 nec
720 1355 908 1432 episcopus,
926 1371 1032 1431 neque
1055 1371 1137 1432 per·
1194 1355 1328 1428 Christi,
1346 1357 1556 1433 qnatenuset
1570 1357 1626 1422 hic
1646 1357 1790 1420 numum
1812 1357 1909 1422 bonae
1933 1373 1991 1421 ao·

342 1469 424 1516 sona
436 1452 591 1530 quaelibet
605 1453 834 1514 ecclesiastica
849 1451 1065 1513 saecularisve
1078 1467 1138 1513 vos
1192 1452 1294 1516 tionis
1317 1454 1516 1531 percipiant,
1533 1456 1567 1519 et
1589 1455 1677 1531 apud
1692 1454 1880 1519 districtum
1894 1453 1990 1531 jndi-

341 1551 521 1628 praesumat
532 1550 573 1610 ad
590 1550 768 1612 concilium
782 1563 914 1626 cogere,
929 1550 989 1610 eut
1000 1564 1059 1613 vos
1075 1564 1138 1610 ex·
1193 1565 1263 1612 cem
1277 1551 1415 1626 praemia
1426 1553 1561 1617 eterna
1577 1552 1670 1627 pacis
1678 1551 1863 1616 inveniant.
1872 1554 1989 1614 Amen.

341 1648 663 1720 communicationis
678 1663 737 1710 seu
753 1647 853 1708 etiam
867 1647 1038 1710 interdicti
1055 1662 1136 1710 sen-
1232 1650 1300 1722 hmo
1312 1649 1491 1721 Honorius,
1511 1649 1686 1713 catholicae
1708 1649 1866 1713 Ecclesiae
1885 1650 1988 1726 episc.

340 1747 478 1810 tendam
505 1746 718 1822 promulgare
747 1747 783 1806 in
811 1744 1016 1807 monasterio
1049 1745 1135 1822 ipsc,
1232 1747 1300 1820 Ego
1313 1747 1392 1819 Leo,
1401 1747 1453 1810 tit.
1466 1748 1592 1811 sanctae
1600 1747 1718 1810 crucis
1731 1747 1766 1812 in
1777 1747 1989 1812 Hierusalem

341 1844 517 1921 quicquam
536 1846 659 1921 praeter
678 1844 823 1904 vestram
843 1842 1048 1904 voluntatem
1068 1841 1139 1903 sta-
1193 1841 1302 1918 presb.
1318 1843 1408 1910 card.

340 1941 446 2012 tuere,
460 1943 517 2004 aut
532 1940 713 2004 monachos
723 1939 854 2002 vestros
867 1939 1138 2002 excommunica-
1232 1941 1301 2014 Ego
1321 1940 1438 2014 Gnate,
1465 1941 1579 2004 Sancti
1607 1942 1745 2006 Martini
1765 1940 1875 2018 presb.
1897 1940 1989 2002 card.

343 2041 406 2112 tos,
421 2040 493 2102 sive
508 2038 634 2114 mactes
648 2037 703 2100 vel
719 2037 877 2114 fugitivos
896 2036 1070 2100 absolvere
1083 2036 1136 2098 vel
1192 2035 1242 2098 tit.
1256 2037 1390 2114 Equitii.

340 2137 521 2214 suscipere,
538 2138 597 2197 aut
608 2135 680 2197 sine
698 2133 812 2198 vestro
827 2149 994 2198 consensu
1016 2133 1056 2195 ad
1078 2150 1136 2194 or·
1231 2135 1300 2210 ego
1315 2135 1517 2214 Stephanus,
1535 2133 1869 2200 basilicaeduddecim
1883 2139 1991 2212 Apos-

340 2233 435 2298 dines
463 2247 669 2310 promovere.
688 2232 840 2295 chrisma
864 2247 944 2293 vero
970 2232 1003 2294 et
1026 2231 1136 2294 oleum
1191 2230 1336 2294 telorum
1350 2232 1459 2310 presb.
1476 2233 1568 2294 card.

340 2332 503 2402 sanctum,
520 2329 789 2398 consecrationes
808 2329 965 2392 altarium
988 2328 1135 2390 siveba-
1232 2329 1543 2404 agennensem
1569 2329 1699 2396 Sanctae
1723 2328 1856 2395 Sabinae
1879 2327 1988 2406 presb.

339 2428 522 2496 silicarum,
548 2427 777 2489 ordinationes
806 2426 1057 2499 monachorum,
1080 2427 1136 2504 qni
1192 2427 1293 2486 card.¹

339 2526 381 2590 ed
410 2541 524 2590 sacros
548 2524 673 2587 luerint
696 2525 830 2587 ordines
858 2523 1092 2601 promovendi,
1116 2540 1136 2585 a
1231 2525 1299 2599 Ego
1309 2525 1552 2598 iohannestil.
1564 2525 1694 2587 Sanotae
1706 2524 1868 2586 Praxedis
1878 2523 1987 2600 presb.

339 2623 528 2687 dioecesano
559 2623 733 2700 accipietis
775 2621 943 2698 episcopo,
974 2621 1136 2698 siquidem
1192 2619 1282 2680 card.
1938 2673 1943 2680 .

335 2722 480 2798 gratiam
495 2723 529 2784 et
543 2720 808 2784 communionem
824 2719 1024 2796 apostolicae
1041 2718 1136 2780 Sedis
1231 2719 1299 2793 Ego
1312 2720 1420 2794 Hugo,
1434 2717 1622 2784 Hostiensis
1634 2720 1666 2779 et
1676 2717 1892 2780 velletrensis
1906 2717 1990 2794 epis·

338 2818 504 2892 babuerit,
521 2819 554 2882 et
578 2818 607 2880 si
626 2833 666 2880 ea
688 2817 854 2893 gratisne
877 2817 951 2878 sine
971 2817 1136 2893 pravitate
1192 2831 1306 2892 copus.

337 2917 483 2981 voluerit
497 2916 673 2990 exbibere;
697 2915 846 2992 alioquin
862 2929 921 2991 pro
944 2914 1135 2978 eorumdem
1233 2915 1300 2989 Ego
1316 2913 1484 2988 Pelagine,
1499 2913 1618 2975 alban.
1635 2913 1822 2990 episcopus.

297 3071 302 3078 .
338 3011 624 3079 sacramentorum
667 3012 882 3088 susceptione
935 3011 1136 3074 catholicum
1232 3013 1299 3087 Ego
1312 3011 1482 3084 Nicolaus,
1496 3011 1705 3094 Tusculanus
1720 3009 1909 3086 episcopus.

339 3109 462 3192 [queml
491 3111 677 3174 malueritis
703 3110 887 3171 antistitem
911 3108 1052 3180 adeatis,
1077 3109 1136 3186 qui
1234 3109 1432 3183 EgoGuido,
1449 3107 1868 3185 Prenestinusepiscopus.

341 3210 537 3289 apostolicae
561 3208 655 3270 Sedis
683 3201 786 3268 tuitus
814 3207 1024 3278 auctoritate,
1049 3207 1135 3283 quod
1230 3209 1298 3282 Ego
1310 3207 1522 3278 Octavianus,
1537 3209 1594 3268 SS.
1610 3206 1719 3282 Sergii
1733 3207 1766 3267 el
1778 3203 1883 3268 Bachi
1901 3205 1986 3266 dinc.

339 3307 539 3390 postulatur,
549 3304 732 3379 indulgeat.
744 3303 982 3366 Obeuntevero
992 3303 1036 3373 te,
1048 3319 1136 3366 nunc
1191 3304 1281 3366 card.

339 3405 486 3484 ejusdem
510 3402 576 3464 loci
604 3401 734 3472 abbate,
755 3401 809 3462 vel
832 3402 966 3462 tuorum
991 3400 1137 3477 quelibet
1231 3405 1299 3478 Ego
1312 3401 1504 3476 Gargarius,
1522 3403 1556 3462 S.
1570 3402 1694 3464 Theod.
1711 3401 1796 3463 diac.
1811 3399 1903 3462 card.

339 3517 582 3572 successorum,
600 3499 713 3563 nullus
727 3499 774 3560 ibi
788 3497 935 3574 qualibet
947 3498 1137 3575 subreptio-
1231 3502 1298 3576 Ego
1314 3502 1495 3571 Romanus,
1512 3501 1545 3560 S.
1557 3500 1676 3575 angeli
1692 3499 1778 3560 diac.
1795 3499 1886 3560 card.

340 3602 393 3664 nis
418 3599 542 3660 astutia
568 3597 620 3658 vel
644 3595 804 3658 violentia
828 3598 1052 3673 praeponatur,
1070 3597 1135 3658 nisi
1230 3600 1298 3674 Ego
1315 3597 1512 3673 Stephanus,
1531 3599 1564 3658 S.
1579 3596 1731 3660 Adriani.
1747 3595 1833 3658 diac.
1850 3597 1944 3658 card.

339 3714 437 3776 quern
459 3695 579 3758 tratres
606 3694 773 3758 communi
793 3709 958 3756 consensu
979 3695 1033 3756 vel
1062 3693 1135 3756 ira·
1230 3697 1349 3756 Datum
1360 3694 1529 3766 Laterani,
1539 3709 1597 3770 per
1608 3697 1743 3757 manum
1755 3693 1918 3756 (luidonis
1929 3694 1988 3755 do-

337 3799 427 3866 irunt
445 3811 524 3872 pars
546 3793 680 3855 consilii
702 3791 848 3854 sanioris
872 3792 1052 3852 secundum
1076 3792 1136 3854 Dei
1191 3793 1274 3854 mini
1293 3808 1387 3869 papae
1406 3792 1540 3865 notarii,
1554 3794 1629 3854 XVI
1650 3792 1718 3852 kal.
1730 3792 1832 3868 junii,
1852 3791 1988 3868 pontiti-

336 3895 490 3958 timorem
506 3893 539 3953 et
556 3891 645 3952 beati
660 3889 831 3951 Benedicti
849 3889 1057 3965 providerint
1072 3889 1137 3950 eli·
1192 3893 1285 3952 catus
1299 3905 1378 3952 vero
1395 3889 1522 3952 domini
1537 3889 1677 3951 Honorii
1692 3891 1739 3952 ΙΙΙ
1751 3905 1839 3951 anno
1856 3889 1986 3954 octavo.

338 3991 492 4068 gendum.
507 3988 724 4050 Decernimus
739 4003 829 4062 erge,
848 3987 883 4049 ut
900 3987 985 4047 nulli
1001 3986 1136 4048 omnino

339 4089 509 4153 bominum
528 4087 630 4151 liceat
646 4084 820 4161 praelatum
833 4085 1073 4146 monasterium
1086 4085 1138 4146 te-

340 4201 430 4253 mere
444 4184 652 4262 perturbare,
668 4185 726 4244 aut
743 4185 815 4258 eJus
831 4182 1060 4258 possessiones
1075 4198 1138 4242 an·
1493 4147 1686 4238 CCXXIII

340 4284 441 4354 ferre,
467 4282 522 4344 vel
547 4281 675 4342 ablatas
696 4279 853 4351 retinere,
881 4280 1043 4352 minuere,
1078 4295 1137 4344 sea
1192 4303 1244 4362 Ad
1271 4303 1467 4376 eppgeopum
1494 4301 1796 4371 εῑιυαηρριθηςθη,
1818 4301 1986 4360 precanum

341 4378 543 4458 quibuslibet
564 4375 796 4440 vexationibus
821 4376 972 4454 fatigare,
990 4376 1047 4441 sed
1065 4393 1138 4441 em·
1232 4401 1475 4460 mmmm
1491 4397 1525 4458 pp
1535 4401 1692 4472 priorem
1705 4397 1825 4459 Sancti
1842 4397 1986 4459 vectores

342 4479 398 4544 nia
420 4477 552 4552 integra
575 4477 813 4539 conserventur
833 4490 949 4537 eorum
973 4490 1032 4551 pro
1054 4489 1138 4553 qno·
1230 4498 1457 4557 pangimus,

341 4592 416 4646 rum
440 4572 683 4650 gubernatione
706 4575 765 4635 aut
792 4573 1033 4637 sustentatione
1053 4589 1133 4634 con·
1487 4593 1519 4648 ii
1534 4589 1602 4647 mflp
1619 4589 1697 4648 tiit.

341 4689 436 4738 cessa
465 4672 543 4733 sunt
568 4670 684 4732 usibus
712 4670 911 4732 omnimodis
951 4669 1135 4746 protutura,

341 4772 435 4834 salva
459 4769 553 4830 Sedis
576 4768 776 4845 apostolicae
791 4767 1003 4830 auctoritate.
1019 4767 1068 4828 Ad
1083 4766 1139 4827 in-

342 4868 465 4932 dicium
489 4869 598 4930 autem
621 4867 784 4943 perceptae
814 4865 915 4942 bilius
944 4881 963 4925 a
987 4867 1136 4926 Romana
1192 4848 1307 4908 Missdssl
1325 4857 1357 4950 Ψ
1378 4861 1507 4918 Causam,
1526 4849 1602 4948 illle?
1625 4847 1821 4920 imbibitum,
1845 4847 1987 4905 decanum

341 4967 490 5034 Ecclesia
506 4964 669 5026 libertatis
685 4978 806 5024 aureos
820 4964 904 5025 duos
915 4962 1058 5038 singulis
1070 4978 1135 5024 an·
1227 4945 1255 5038 {³⁸
1269 4939 1423 5038 capitulum
1437 4937 1716 5036 3⁰⁰⁸⁸¹⁰¹¹0fl³⁰¹¹30⁸
1727 4951 1783 4994 ¹¹⁰³
1794 4945 1875 5035 Ρθῐζῑθ
1885 4943 1913 4994 0²
1926 4951 1984 4994 ¹¹³⁸·

342 5068 395 5133 nis
412 5064 507 5129 nobis
531 5063 720 5138 nostrisque
742 5059 991 5123 successoribus
1014 5061 1137 5136 persol·
1224 5043 1326 5102 ΨΜ
1344 5035 1456 5099 lumms
1474 5033 1503 5082 et
1525 5039 1720 5126 ⁰⁰¹¹¹¹¹¹J¹¹¹¹³¹¹¹
1748 5027 1985 5082 ⁵⁰0⁸⁸¹⁰¹¹³¹¹⁸⁹¹¹¹

341 5164 437 5226 vetis.
455 5161 490 5222 si
506 5160 580 5237 quis
598 5159 700 5234 igitur
714 5157 749 5218 in
769 5155 916 5218 futurum
931 5157 1134 5236 patriarcha,
1226 5133 1261 5172 ex
1275 5117 1360 5173 altera
1377 5121 1547 5202 vertentem,
1562 5113 1688 5171 andfflm'

341 5258 626 5334 archiepiscopus,
654 5254 839 5330 episcopus,
869 5254 927 5315 aut
954 5253 1136 5316 ecclesias·
1230 5252 1409 5322 Honorius,
1424 5253 1498 5320 etc„
1511 5249 1696 5311 venerabili
1712 5249 1811 5310 tratri
1831 5251 1986 5326 episcopo

1209 4723 1384 4789 [regestum.
1395 4723 1461 4781 vui,
1474 4721 1611 4786 epatica.
1626 4721 1683 4772 uss.
1696 4721 1733 4772 ca
1744 4687 1820 4774 roris
1830 4721 1865 4774 cu
1875 4721 1971 4787 russi]

341 5360 409 5426 tica
424 5370 565 5434 persona
581 5350 1133 5429 quaelibet,saecularisvepersona,
1192 5349 1446 5419 silvanectensi,
1463 5348 1595 5408 dilectis
1620 5346 1699 5406 tiliis
1721 5347 1847 5408 decano
1867 5347 1988 5408 Belvas

340 5457 427 5520 hanc
438 5452 584 5514 nostram
596 5449 843 5514 constitutionis
853 5449 1010 5526 paginam
1026 5451 1135 5512 sciens
1190 5448 1293 5520 censi,
1308 5449 1377 5509 et..
1394 5447 1498 5523 priori
1511 5444 1622 5508 Sancti
1634 5443 1777 5506 Victoris
1788 5444 1985 5516 Parisiensi,

341 5555 456 5620 contra
485 5565 559 5610 eam
587 5549 711 5614 temere
739 5547 854 5610 venire
877 5547 1065 5619 tentaverit,
1087 5563 1136 5610 se·
1191 5548 1343 5617 salutem,
1360 5547 1423 5606 etc.

340 5651 448 5714 cundo
487 5645 626 5708 tertiove
658 5644 869 5716 commonita,
905 5643 972 5704 nisi
1005 5645 1135 5706 reatum
1197 5637 1198 5640 ’
1230 5643 1349 5706 Dilecti
1377 5640 1751 5718 tilii....precpositus....
1777 5638 1934 5713 decanus,
1955 5640 1988 5699 et
