4258 6394
173 314 230 376 aoa
777 317 1003 392 ansanum.
1026 319 1105 392 nra.
1128 319 1215 380 vru.
1758 316 1818 382 roa
1843 277 1844 287 Ν

172 471 302 537 dilectis
315 471 393 536 tiliis
406 474 770 554 Novarlenslcapltulo,
782 477 967 542 salutemet
1020 476 1177 542 videlicet
1196 476 1262 555 lpsi
1285 477 1439 542 canonlcl
1453 475 1527 542 cota
1547 473 1602 542 vel
1621 487 1704 556 capa
1717 474 1816 552 nigra

170 571 395 648 Apostolicam
409 570 684 635 benedictionem.
1019 576 1052 638 et
1073 575 1188 638 clausa
1217 577 1354 638 utantur
1374 576 1410 637 in
1424 575 1596 638 matutinis
1610 575 1644 636 et
1656 573 1767 636 missis
1782 573 1817 636 et

212 668 433 730 interstatuta
444 670 729 747 quaevenerabilis
740 671 966 735 fraternoster
1018 671 1165 736 sufficiat
1182 673 1341 735 denarius
1356 687 1514 734 numerus
1528 671 1738 734 sacerdotum
1753 685 1815 733 ar-

170 763 432 830 Mediolanonsis
463 766 735 845 archiepiscopus
765 769 965 832 auctoritate
1019 768 1269 847 chipresbytero
1296 770 1495 847 computato,
1530 769 1660 832 caewms
1691 770 1727 830 in
1750 767 1815 830 boc

170 861 285 924 nostra
295 862 332 924 in
345 863 487 925 ecclesia
497 865 609 926 vestra
628 863 718 936 fecit,
735 865 808 928 baec
819 867 964 928 vidimus
1019 867 1267 944 comprehensis
1282 867 1427 944 capitulo
1439 865 1680 929 inviolabiliter
1695 865 1815 927 obser-

170 958 335 1022 contineri
351 961 388 1021 ut
405 959 561 1022 videlicet
587 961 693 1038 ipsius
714 963 866 1024 canonici
890 964 964 1026 cota
1018 962 1147 1024 randis.
1164 964 1256 1036 Quod
1282 963 1312 1024 si
1333 963 1448 1026 forsan
1473 963 1595 1042 aliquis
1618 978 1733 1024 eorum
1756 961 1814 1040 qui

170 1058 345 1134 semperin
359 1058 533 1120 matutinis
543 1059 678 1121 utantur
692 1060 726 1121 et
737 1060 862 1133 missis,
879 1061 913 1122 et
929 1057 965 1122 ut
1018 1059 1143 1122 luerint
1165 1062 1201 1122 in
1225 1061 1440 1122 interioribus
1455 1056 1627 1122 ordinibus
1643 1058 1815 1122 constituti

169 1154 965 1234 septemsacordotes,totidemquediaconiarchi·
1018 1159 1189 1234 promotus
1208 1157 1309 1220 luerit
1332 1159 1374 1219 ad
1398 1157 1532 1220 ordines
1544 1156 1752 1234 supradictos
1766 1157 1814 1217 ita

169 1250 362 1328 presbytero
371 1253 404 1313 et
416 1251 652 1314 archidiacono
665 1255 862 1331 computatis
873 1254 966 1315 ordi·
1017 1253 1106 1331 quod
1127 1269 1188 1331 per
1210 1254 1275 1316 hoc
1294 1258 1456 1330 augeatur
1478 1254 1747 1333 presbyterorum
1760 1251 1815 1315 vel

169 1349 291 1408 nentur
301 1347 463 1419 incanae
474 1348 637 1411 sacerdoti
649 1366 722 1411 cum
735 1352 783 1411 eis
792 1350 901 1412 locum
910 1365 966 1412 va·
1019 1350 1234 1414 diaconorum
1249 1368 1407 1414 numerus
1419 1352 1635 1429 praetaxatus,
1651 1353 1725 1428 ejus
1739 1351 1814 1411 loco

169 1459 247 1506 cara
261 1445 447 1521 contigerit,
463 1446 681 1508 substituatur
693 1447 779 1508 alius
793 1463 891 1524 quam
909 1462 966 1509 sa·
1017 1446 1170 1518 vacante,
1192 1445 1297 1508 libere
1318 1447 1424 1524 possit
1440 1447 1473 1507 ei
1490 1446 1643 1508 substitui
1663 1445 1752 1506 alius
1775 1445 1813 1506 in

170 1542 287 1603 cardos
297 1543 351 1604 vel
359 1542 436 1603 talis
446 1543 502 1620 qui
510 1544 577 1606 cito
589 1543 624 1603 in
635 1544 841 1606 sacerdotem
853 1545 966 1606 valeat
1019 1541 1205 1604 minoribus
1220 1543 1394 1605 ordinibus
1416 1543 1632 1618 constitutus3
1649 1540 1815 1619 permitti-

168 1639 368 1715 promoveri,
389 1638 453 1700 hoc
475 1639 547 1716 ipso
569 1639 659 1702 circa
677 1640 834 1703 diaconos
850 1640 966 1703 obser·
1019 1654 1091 1700 mus
1105 1640 1206 1701 etiam
1218 1641 1254 1702 ut
1267 1641 1353 1702 ostia
1367 1641 1403 1701 in
1425 1655 1485 1700 suo
1502 1639 1591 1700 statu
1604 1639 1811 1709 remaneant,

167 1735 278 1798 vando
292 1736 433 1812 adjecto,
450 1739 487 1798 ut
501 1737 612 1798 nullus
628 1739 864 1800 canonicorum
876 1738 966 1800 intra
1019 1736 1195 1798 dummodo
1218 1737 1377 1799 statutum
1398 1737 1439 1798 de
1460 1752 1527 1797 non
1545 1734 1717 1798 vendendo
1734 1735 1814 1796 vino

168 1832 282 1910 portas
303 1833 463 1893 canonice
489 1835 668 1910 praesumat
688 1834 802 1896 vinum
821 1835 965 1898 vendere
1018 1833 1259 1896 inviolabiliter
1280 1833 1484 1896 observetur.
1512 1832 1654 1910 Ideoque
1676 1831 1814 1892 univer-

169 1928 211 1989 ad
233 1927 408 1997 minutum,
425 1928 458 1990 et
472 1930 558 2006 quod
575 1931 660 1992 ostia
676 1946 748 2008 quae
764 1932 965 2008 respondent
1019 1931 1110 1993 sitati
1123 1933 1244 1994 uestrae
1259 1947 1318 2008 por
1331 1931 1521 2008 Apostolica
1535 1929 1659 2006 scripta
1674 1928 1814 1990 firmiter

169 2023 313 2086 incuria
329 2023 553 2087 obstruantur.
566 2027 723 2089 Volentes
731 2027 833 2104 igitur
848 2029 964 2090 utalia
1013 2028 1243 2105 praecipiendo
1258 2027 1465 2099 mandamus,
1482 2027 1646 2104 quatenus
1666 2025 1738 2086 baec
1753 2025 1811 2084 in-

168 2120 293 2182 statuta
318 2137 392 2198 quae
417 2122 662 2200 inspexerimus
683 2125 716 2186 et
742 2125 964 2201 approbamus
1017 2124 1221 2188 violabiliter
1234 2124 1431 2187 observetis.
1455 2127 1573 2186 Datum
1586 2122 1720 2198 Signiae,
1736 2123 1813 2184 VIII

168 2216 786 2296 inconcussampbnneantfirmitatem,
799 2238 966 2299 quaeprae·
1018 2221 1181 2283 kalendas
1203 2221 1348 2299 augusti,
1372 2221 1583 2300 pontificatus
1598 2219 1704 2282 nostri
1723 2231 1812 2282 anno

168 2314 283 2376 notata
311 2313 389 2376 sunt
418 2313 467 2376 sic
493 2315 649 2378 dommus
671 2319 898 2395 temperanda,
928 2321 965 2381 ut
1019 2319 1169 2396 septimo.

650 2937 899 3128 urana
955 2933 1328 3064 cernuus

553 3529 574 3616 Ι
1015 3515 1120 3578 electo
1141 3515 1280 3628 pallium
1306 3514 1531 3628 assignatum,
1554 3515 1724 3581 devotioni
1741 3518 1808 3580 tuae

185 3682 238 3743 a
264 3681 475 3758 molstum
495 3679 707 3749 scutrum·
727 3681 940 3754 emmau
1014 3615 1809 3788 littllltiltt{titttltttt

422 3780 463 3839 Α·
483 3779 518 3838 S·
539 3777 700 3854 ‘effatum‘
1015 3807 1140 3885 absquo
1155 3823 1257 3870 morae
1271 3807 1444 3884 dispendio
1460 3809 1666 3886 exsequaris.
1689 3807 1809 3868 Datum

456 3907 491 3964 27
507 3905 572 3980 julil
587 3905 667 3964 litt.
1016 3905 1151 3981 Signiae,
1180 3907 1223 3967 Vl
1237 3904 1398 3966 kalendas
1427 3905 1570 3982 augusti,
1596 3903 1808 3982 pontificatus

351 4027 653 4120 [rejer.c⁰r3dip10m.,
670 4029 691 4092 ι,
707 4025 775 4094 rra]
1014 4002 1121 4065 nostri
1136 4017 1224 4064 anno
1239 4001 1369 4065 octavo.

164 4145 333 4206 arcontium
348 4147 476 4218 legatum
490 4159 574 4201 suurn
587 4143 722 4202 Gunzallo
739 4142 908 4216 spalatensi,
930 4143 960 4200 in

249 4233 373 4310 gratiam
386 4240 513 4305 recepto,
529 4231 645 4305 pallium
660 4231 772 4289 nederc
786 4231 877 4304 jubet.

204 4359 374 4426 Honorius
383 4357 570 4436 episcopus,
581 4372 698 4420 servus
708 4357 958 4430 servorumbei,
1390 4293 1432 4382 Π

164 4457 284 4521 dilecto
295 4457 364 4520 filio
372 4456 405 4518 et
415 4455 574 4532 magistro
582 4457 633 4526 b„
646 4453 819 4532 capellano
832 4455 958 4527 nostro,
1094 4445 1147 4508 Ad
1165 4445 1459 4521 archiepiscopum
1475 4446 1724 4520 spalatensem.

163 4555 361 4632 Apostolicae
376 4553 471 4614 Sedis
486 4551 606 4630 legato,
622 4551 764 4614 salutem
775 4551 961 4628 etaposto-
1311 4575 1346 4632 27
1354 4573 1417 4648 juffi
1431 4575 1509 4635 1223·

163 4651 263 4714 licam
277 4650 555 4713 benedictionem.
1175 4697 1266 4763 froja,
1287 4697 1350 4750 oud.
1368 4695 1484 4764 diplom,
1497 4699 1517 4758 1,
1535 4712 1561 4763 p.
1574 4697 1642 4763 tra]

203 4752 270 4811 Per
284 4751 335 4821 Ga,
358 4746 586 4826 spalatensem
612 4743 766 4818 electum,
796 4743 875 4806 olim
895 4743 955 4806 tibi

162 4845 287 4923 scripta
303 4844 416 4908 nostra
428 4843 623 4915 direximus,
638 4843 675 4905 ut
686 4842 730 4916 ei,
746 4857 842 4921 quem
856 4841 957 4903 rasti·
1010 4821 1177 4880 Gusszellllffl
1195 4823 1229 4880 d.
1245 4821 1412 4896 Opimium
1434 4821 1642 4895 Sllflltlesssseffls
1657 4837 1695 4878 ¹¹0
1712 4820 1806 4880 flhbtlli

160 4944 232 5006 tuta
244 4942 309 5004 sibi
320 4941 429 5019 gratia
443 4942 568 5012 nostra,
585 4939 775 5001 remisimus
789 4939 830 5000 ad
848 4939 957 5000 eccle-
1100 4909 1246 4984 &epham
1261 4911 1409 4968 ¹¹¹⁰¹⁶³¹i³⁸
1422 4909 1555 4979 f⁸⁰⁹⁸⁸⁸¹’
1571 4909 1716 4968 ⁸⁶⁰¹⁰¹¹⁰²²

162 5040 246 5101 siam
263 5038 502 5117 spalatensem,
518 5035 657 5112 pallium
672 5051 732 5112 per
745 5036 784 5098 V.
799 5035 922 5095 dudum
935 5049 955 5095 a
1049 5037 1230 5108 Honorius,
1242 5036 1304 5099 etc.

160 5137 256 5198 nobis
270 5134 514 5204 transmissum,
527 5133 624 5210 juxta
637 5131 776 5194 formam
790 5132 952 5204 traderes,
1049 5135 1142 5196 Sicut
1165 5149 1224 5211 per
1237 5133 1335 5206 alias,
1349 5133 1396 5195 ita
1413 5149 1474 5210 per
1486 5133 1667 5212 praesentes
1676 5131 1805 5196 litteras

161 5235 222 5296 sub
249 5233 342 5295 bulla
373 5233 488 5294 nostra
521 5231 692 5302 directam,
726 5231 954 5306 juramentum
1008 5232 1074 5293 tuae
1085 5231 1288 5293 fraternitati
1301 5230 1508 5303 mandamus,
1525 5232 1688 5310 quatenus
1702 5230 1807 5294 ebba·

160 5332 329 5396 fidelitatis
341 5329 382 5390 ab
396 5329 468 5406 ipso
482 5327 663 5390 secundum
675 5326 833 5399 sormam,
855 5341 953 5404 quam
1008 5327 1074 5388 tem
1089 5326 1283 5388 monasterii
1309 5327 1341 5387 S.
1361 5327 1575 5404 stephanide
1600 5327 1746 5404 spalato,
1763 5344 1806 5389 ex

160 5429 221 5492 sub
235 5428 326 5489 bulla
340 5428 456 5489 nostra
471 5425 720 5494 destinavimus,
745 5424 951 5501 recepturus.
1007 5440 1058 5498 eo,
1070 5424 1157 5502 quod
1172 5424 1205 5486 te
1219 5422 1306 5501 apud
1323 5423 1440 5485 Sedem
1450 5425 1673 5502 apostolicam
1684 5426 1805 5488 consti·

160 5529 266 5600 Quum
279 5526 389 5588 autem
402 5523 575 5595 lraclenuS,
588 5521 674 5584 sicut
689 5521 822 5594 dicitur,
833 5522 869 5582 in
880 5535 954 5598 par·
1005 5524 1088 5594 tuto,
1119 5537 1179 5600 per
1197 5521 1380 5598 capitulum
1401 5523 1494 5586 tuum
1518 5523 1802 5585 confirmationem

159 5625 246 5687 libus
274 5623 394 5699 agente
419 5621 568 5690 remotis,
600 5620 744 5682 nondum
771 5619 878 5680 eidem
910 5619 953 5681 sit
1007 5619 1179 5683 electionis
1195 5619 1346 5690 obtinuit,
1364 5621 1397 5682 et
1415 5634 1476 5698 per
1497 5621 1728 5696 suffraganeos
1749 5637 1801 5684 ec-
