4274 6388
325 282 385 346 215
792 265 796 284 '
935 282 1112 368 sonorus
1133 282 1179 343 111
1200 283 1347 345 orsas.
1898 288 1959 351 stc

326 441 554 512 memoratum,
570 439 675 502 nobili
696 439 770 502 viro
783 438 933 502 Waltero
954 443 1026 518 ejus
1047 439 1117 503 tilio
1169 427 1255 518 ipso,
1269 442 1443 519 pecuniam
1458 443 1681 520 supradictam
1696 445 1834 523 praelato
1854 446 1959 511 Paulo

326 539 528 614 resignasse,
542 538 582 599 de
601 537 838 600 satisfaciendo
852 537 999 614 ejusdem
1012 540 1118 600 comi·
1171 539 1224 600 vel
1236 542 1308 616 ejus
1323 540 1531 617 procuratori
1543 543 1641 618 juxta
1654 532 1747 603 suam
1760 545 1959 620 promissio-

326 635 370 698 tis
386 634 605 698 creditoribus
628 635 670 696 ab
694 651 733 696 eo
755 635 889 712 recepta
908 635 1116 713 fidejussoria
1171 651 1246 698 nem
1270 636 1431 698 exsolvat.
1457 637 1600 714 Ideoque
1621 640 1813 701 discretioni
1838 644 1960 705 vestras
2016 656 2020 664 ·

328 732 493 794 cautione.
511 731 605 792 Unde
616 730 765 794 eamdem
777 732 980 794 comitissam
994 748 1118 809 rogan·
1171 749 1230 810 per
1240 733 1430 810 Apostolica
1443 735 1566 812 scripta
1576 737 1771 797 mandamus
1784 739 1957 814 quatenus,

327 827 404 890 dam
417 828 572 889 duximus
584 829 617 890 et
629 829 912 907 monendam,ipsi
925 830 1117 907 perscripta
1171 831 1201 892 si
1222 831 1310 892 dicta
1329 830 1497 910 comitissa
1512 833 1713 909 praeceptum
1732 837 1881 896 nostrum
1896 853 1959 898 ne-

327 925 442 986 nostra
458 925 651 986 mandantes
671 927 718 998 ut,
744 942 843 1003 quum
865 927 1117 1002 promissionem
1171 926 1314 1004 glexerit
1328 927 1519 1004 adimplere,
1534 945 1594 990 vos
1609 945 1683 990 eam
1698 930 1739 990 ad
1759 931 1792 991 id
1808 947 1867 1008 per
1882 947 1962 994 cen-

329 1037 425 1082 suam
452 1036 525 1082 eam
554 1021 680 1082 violare
714 1038 780 1084 non
817 1022 942 1096 deceat,
974 1024 1117 1086 maxime
1172 1039 1284 1086 suram
1299 1024 1572 1097 ecclesiasticam,
1587 1026 1807 1102 appellatione
1821 1032 1959 1100 remota,

328 1133 430 1194 quum
448 1117 552 1194 possit
564 1118 688 1179 babere
702 1134 875 1181 recursum
887 1121 927 1182 ad
944 1121 1117 1198 praelatum
1172 1121 1308 1196 cogatis.
1328 1121 1446 1183 Datum
1471 1121 1637 1194 Laterani,
1662 1125 1693 1182 X
1711 1122 1871 1185 kalendas
1895 1141 1960 1186 au·-

330 1213 475 1276 nobilem
499 1214 532 1276 et
556 1215 597 1276 sd
626 1215 839 1294 fidejussores
864 1217 928 1279 sibi
956 1218 1050 1280 datos
1075 1217 1117 1279 ab
1171 1218 1272 1294 gusti,
1289 1217 1499 1296 pontificatus
1513 1219 1619 1280 nostri
1632 1234 1720 1280 anno
1734 1220 1840 1281 sexto.

787 1913 1033 2038 LIBER
1090 1911 1506 2040 SEPTIMUS

516 2453 581 2540 bii
619 2452 832 2542 sobrino
870 2451 1092 2541 HONORII
1128 2453 1190 2540 ΙΙΙ
1227 2451 1595 2541 PONTIFIGATUS
1631 2451 1787 2540 ANNO.

368 2681 433 2740 Nou
447 2681 509 2740 sine
522 2681 700 2740 tribulatione
714 2689 742 2742 et
756 2684 850 2756 aliqua
876 2683 987 2740 tristitia
1003 2681 1054 2740 luit
1077 2683 1124 2741 ille
1177 2691 1266 2741 verat.
1278 2683 1408 2742 Hecalia
1419 2682 1470 2741 luit
1480 2683 1605 2741 Honorio
1615 2695 1701 2740 causa
1710 2679 1896 2751 tristitie,scd
1906 2682 1966 2738 Dec

333 2769 627 2829 Pontificatusannus.
640 2774 723 2842 Nam,
746 2773 851 2830 amissa
866 2773 1006 2844 Damiata,
1023 2771 1059 2828 de
1078 2786 1122 2829 re·
1179 2770 1277 2842 iratus,
1298 2785 1351 2829 nec
1374 2772 1478 2841 auimo,
1497 2785 1551 2829 nec
1569 2771 1688 2828 consilio
1707 2768 1806 2838 deluit,
1821 2776 1850 2826 et
1871 2768 1964 2826 Ludo·

333 2855 532 2931 dintegraudis
553 2859 637 2917 rebus
665 2860 848 2918 orientalibus
868 2860 1016 2934 agebatur,
1031 2867 1060 2917 et
1078 2861 1123 2917 illa
1178 2859 1272 2916 vicum
1288 2873 1397 2932 regem,
1413 2858 1534 2932 Philippi
1546 2865 1654 2924 natum,
1670 2856 1855 2914 vehementer
1869 2855 1965 2914 horta·

334 2959 401 3018 spes
420 2963 505 3019 quam
520 2948 549 3004 iu
572 2948 721 3006 Frederico
746 2956 878 3021 posuerat
902 2945 1041 3018 Pontifex,
1065 2949 1124 3020 jam
1179 2954 1224 3004 tus
1238 2954 1282 3004 est
1294 2946 1329 3004 ad
1345 2946 1580 3020 proficiscendum
1595 2953 1692 3004 contra
1702 2944 1757 3002 hos
1767 2945 1897 3003 rebelles.

332 3033 431 3091 delusa
451 3036 602 3103 multoties,
629 3051 686 3094 non
699 3037 768 3094 satis
780 3037 860 3094 lirma
875 3035 1032 3094 videbatur.
1048 3038 1123 3105 Qua·
1214 3038 1338 3105 Interea,
1367 3035 1435 3093 dum
1463 3037 1560 3093 Romae
1580 3041 1656 3092 esset
1679 3034 1849 3102 Demetrius,
1873 3032 1921 3106 qui
1939 3032 1969 3090 in

335 3129 450 3194 propter
473 3124 615 3181 Honorius
629 3125 778 3182 consilium
795 3125 953 3197 principum
974 3132 1012 3192 et,
1032 3131 1063 3181 ut
1087 3125 1125 3182 ita
1179 3123 1325 3182 Thessalia
1345 3123 1494 3197 regnabat,
1510 3121 1676 3180 Theodorus
1689 3121 1747 3191 ille,
1760 3121 1807 3194 qui
1821 3120 1970 3178 dicebatur

335 3207 440 3280 dicam,
460 3211 611 3268 concilium
650 3212 771 3270 militare
792 3211 962 3269 convocarit
985 3210 1014 3268 in
1039 3211 1122 3270 Cam·
1178 3213 1312 3284 Angebat,
1339 3211 1467 3284 regionis
1485 3213 1560 3269 illius
1581 3211 1686 3284 potitus
1700 3217 1770 3268 erat.
1789 3208 1966 3277 Guillelmus,

335 3297 430 3368 panta.
447 3296 637 3357 interfuerunt
649 3305 743 3357 autem
759 3300 1010 3374 rexlercsolyme,
1024 3298 1127 3357 Frede·
1179 3300 1308 3358 marchio
1321 3299 1516 3367 Montisierati,
1538 3300 1580 3357 sic
1600 3299 1719 3372 depulso
1748 3298 1861 3371 proprio
1888 3295 1967 3353 iratri

334 3384 412 3441 ricus
435 3387 597 3457 imperator,
622 3387 821 3460 religiosorum
841 3388 968 3460 equitum
984 3388 1124 3460 Magistri,
1180 3389 1209 3444 in
1223 3403 1389 3446 succursum
1404 3389 1501 3444 venire
1516 3395 1636 3459 conatus
1656 3393 1709 3455 ost,
1731 3391 1763 3442 ut
1781 3385 1895 3442 lamiliae
1908 3397 1970 3440 rem

336 3477 365 3529 et
377 3471 433 3529 alii.
1181 3477 1209 3532 in
1224 3476 1337 3534 Oriente
1355 3477 1525 3543 restitueret,
1541 3482 1569 3532 et
1587 3475 1671 3532 simul
1687 3473 1850 3530 Latinorum
1870 3479 1969 3543 poten·
2036 3533 2046 3546 ι

371 3563 501 3634 Insuper,
514 3562 575 3635 ipse
585 3562 715 3622 Pontifex
730 3561 869 3622 mediator
879 3562 930 3622 luit
941 3564 1014 3621 inter
1028 3577 1126 3637 regem
1181 3565 1250 3621 tiam
1276 3563 1413 3622 stabiliret
1430 3563 1570 3621 adversus
1592 3564 1716 3620 Grecos.
1741 3562 1806 3631 Ipse
1828 3558 1971 3616 Honorius

337 3647 625 3723 Hierosolymltanum
653 3658 682 3708 et
711 3652 912 3724 imperatorem
937 3653 1002 3720 cui,
1035 3664 1125 3708 uxore
1180 3653 1395 3725 crucesignatos
1406 3652 1575 3708 invitaverat
1597 3658 1626 3707 et
1644 3648 1837 3722 indulgentias
1850 3659 1969 3704 conces·

336 3737 498 3796 Constantia
514 3748 634 3810 mortua,
651 3741 716 3798 data
731 3747 775 3798 est
797 3741 826 3797 in
839 3740 1050 3797 matrimonium
1064 3739 1127 3811 ipsa
1181 3751 1266 3798 serat.
1279 3741 1342 3810 Ast,
1357 3741 1386 3796 in
1410 3741 1473 3812 ipsa
1501 3737 1646 3796 Thessalia
1670 3743 1799 3794 mortuus
1821 3741 1866 3792 est
1893 3733 1970 3792 Guil-

331 3825 394 3890 illia
407 3827 535 3898 loannis,
551 3843 607 3900 quo
621 3826 776 3886 terrentius
784 3827 950 3886 Fredericus
962 3826 1128 3884 detenderet
1180 3829 1292 3898 lelmus,
1312 3829 1381 3885 dum
1404 3830 1529 3885 loannes
1543 3829 1637 3884 buces
1660 3825 1806 3892 Vatacius,
1828 3836 1918 3895 gener
1944 3829 1973 3878 et

336 3913 372 3970 ab
382 3913 511 3974 hostibus
524 3925 633 3988 patrem
648 3917 791 3990 conjugis.
812 3919 853 3974 De
864 3916 967 3988 quibus
977 3917 1016 3972 ita
1030 3915 1129 3972 scribit
1181 3931 1329 3974 successor
1350 3915 1501 3985 Theodori,
1532 3913 1712 3986 imperatoris
1746 3911 1908 3970 Grecorum
1943 3911 1972 3966 in

337 4003 478 4060 Honorius
494 4021 501 4061 :
520 4024 531 4054 ι
548 4005 707 4078 Fastigium
722 4006 897 4063 excellentie
911 4005 1067 4077 imperialis
1077 4003 1125 4060 de·
1181 4007 1275 4064 Nicaea
1288 4004 1445 4076 regnantis,
1456 4003 1662 4075 auxitregnum
1676 4014 1799 4058 asocero
1812 4005 1972 4072 acceptum,

337 4097 435 4146 center
444 4089 598 4149 humilians
610 4093 647 4148 ad
658 4093 808 4150 consitium
817 4097 990 4160 nostramet
1001 4093 1129 4162 fratrum
1182 4093 1270 4148 etiam
1281 4106 1346 4148 cum
1361 4089 1525 4148 Latinorum
1538 4087 1653 4144 damno.

337 4183 510 4248 nostrorum,
530 4179 655 4236 nobilem
681 4180 829 4238 mulierem
849 4178 1011 4248 lsabcllam,
1033 4186 1129 4236 natam
1217 4180 1370 4238 'lribulatio
1385 4179 1471 4236 etiam
1487 4177 1580 4249 aliqua
1595 4183 1692 4233 exorta
1708 4181 1761 4242 cst,
1772 4173 1853 4246 cuius
1868 4170 1972 4231 Frede·

338 4263 498 4323 charissimi
514 4267 542 4322 in
564 4265 736 4332 Christolllii
754 4268 842 4325 nostri
865 4268 997 4337 loannis,
1012 4267 1129 4324 illustris
1184 4271 1259 4326 ricus
1275 4267 1331 4326 luit
1357 4275 1463 4336 auctor,
1490 4265 1557 4324 dum
1581 4264 1749 4322 electionem
1775 4265 1974 4337 episcoporum

336 4354 414 4426 regis
451 4355 713 4429 Hierosolymam,
747 4355 910 4414 affidaveris
944 4355 1055 4429 publica
1099 4355 1129 4411 in
1184 4357 1237 4416 sibi
1252 4365 1434 4430 arrogantem
1445 4354 1587 4413 Honorius
1601 4365 1758 4426 coarguere
1771 4351 1891 4424 cogitur.
1906 4351 1973 4406 Fre·

337 4455 466 4499 illimem·
489 4464 500 4494 ³
1184 4447 1271 4505 derici
1294 4445 1420 4515 nuntius,
1441 4445 1469 4501 in
1490 4443 1640 4517 praesentia
1662 4439 1778 4497 Honesti
1794 4439 1974 4506 constitutus,

374 4532 407 4587 ln
422 4531 511 4588 Gallia
524 4529 656 4601 decessit,
674 4530 731 4588 hcc
743 4546 829 4602 anno,
845 4547 895 4590 rex
910 4532 1066 4606 Philippus,
1083 4531 1131 4604 qui
1184 4535 1294 4592 dixerat
1307 4531 1474 4590 Pontificem
1490 4529 1695 4602 protectionem
1710 4525 1823 4585 dedisse
1838 4539 1900 4598 que
1918 4538 1975 4581 nou

338 4619 474 4677 Ecclesia
495 4618 585 4678 iuerat
599 4619 732 4678 defensor
749 4628 777 4679 et
799 4629 954 4694 protector,
977 4622 1082 4693 quique
1101 4621 1131 4677 in
1185 4631 1246 4682 erat
1260 4621 1406 4694 protectio,
1432 4617 1483 4676 sed
1502 4633 1565 4690 que
1579 4614 1714 4674 tendebat
1735 4613 1771 4672 ad
1786 4612 1975 4686 perditionem

337 4721 390 4767 sua
401 4707 521 4782 juvenili
531 4716 615 4767 aetate
627 4715 725 4766 contra
737 4711 910 4768 Sarracenos
923 4709 1031 4768 lortiter
1046 4709 1129 4767 dimi·
1185 4720 1214 4770 et
1227 4709 1406 4784 imperatoris
1425 4714 1454 4765 et
1468 4706 1562 4778 regui,
1587 4719 1680 4777 necue
1703 4704 1775 4760 velle
1797 4699 1977 4763 Fredericum

339 4807 464 4869 caveret,
486 4806 516 4858 et
538 4799 736 4873 Albigenslum
755 4799 904 4858 audaciam
925 4808 1023 4874 postea
1041 4799 1130 4857 relre·
1185 4800 1258 4858 ullos
1282 4813 1297 4855 a
1319 4801 1396 4869 Papa
1421 4795 1593 4863 nominatos,
1608 4799 1640 4850 ut
1664 4791 1815 4864 episcopos
1838 4791 1976 4862 recipere,

339 4890 427 4946 navit.
454 4887 544 4962 Hujus
558 4889 644 4962 igitur
664 4903 741 4946 mors
757 4888 923 4946 Pontificem
943 4889 1130 4958 contristavit,
1187 4887 1300 4961 quaudo
1326 4884 1487 4943 nominatos
1513 4895 1528 4940 a
1558 4879 1708 4939 Frederico
1732 4882 1808 4952 Papa
1837 4878 1977 4951 rejiceret.

340 4985 371 5034 ut
385 4979 445 5050 ipsc
465 4985 583 5036 testatur
597 4977 627 5034 in
642 4977 701 5034 suis
716 4977 752 5035 ad
767 4976 952 5048 ludovicum,
968 4979 1029 5052 ejus
1044 4978 1132 5037 iillum
1187 4973 1333 5050 Eiusmodi
1347 4973 1470 5046 querele
1492 4985 1550 5027 non
1567 4976 1650 5026 erant
1669 4967 1829 5060 concordie
1844 4964 1977 5023 iudicium

341 5071 369 5122 et
378 5081 584 5135 successorem,
597 5067 708 5124 litteris.
1187 5064 1387 5122 certissimum.
1415 5058 1471 5118 Sed
1497 5057 1533 5116 ad
1560 5055 1741 5130 Appendices
1773 5054 1837 5111 libri
1866 5055 1920 5122 lv,
1950 5053 1979 5110 in

377 5152 431 5209 Sed
442 5160 470 5210 et
479 5153 650 5227 albigenses
660 5171 694 5212 eo
705 5169 794 5226 usque
802 5153 978 5212 devenerunt
987 5161 1018 5210 ut
1027 5153 1133 5226 Papam
1187 5159 1256 5210 tom.
1272 5153 1324 5220 lll,
1340 5149 1475 5206 lectorem
1489 5145 1662 5204 remittimus
1675 5143 1859 5201 benevolum.

340 5239 535 5310 sibicrearint,
550 5242 597 5314 qui
619 5241 758 5300 habitavit
771 5243 800 5298 in
817 5243 924 5300 linibus
932 5243 1131 5315 bulgarorum,
1223 5242 1327 5311 Magna
1346 5237 1375 5293 in
1389 5234 1556 5310 regionibus
1570 5230 1838 5306 septentrionalibus
1850 5243 1977 5285 commo-

342 5329 460 5388 Croatiae
475 5335 505 5386 et
520 5330 677 5391 Dalmatiae.
694 5332 722 5389 ls
737 5331 920 5402 rescribebat,
937 5346 968 5388 se
988 5329 1131 5388 diceudo:
1187 5328 1227 5385 tio
1254 5325 1347 5384 civilis
1372 5326 1458 5382 etiarn
1474 5321 1546 5379 lacta
1564 5328 1617 5392 est,
1638 5319 1751 5392 quando
1766 5317 1980 5376 waldemarum

342 5432 456 5475 seruum
470 5431 616 5474 servorum
631 5427 738 5476 sanctae
764 5419 839 5477 lidei.
855 5419 899 5480 nd
920 5435 985 5478 eum
1006 5417 1131 5476 condue-
1189 5431 1287 5488 regem
1311 5413 1455 5486 principes
1482 5412 1578 5469 Daciae
1606 5409 1785 5465 vulneratum
1809 5413 1981 5477 captumque

342 5507 411 5564 bant
425 5505 561 5576 heretici,
577 5513 606 5562 et
629 5508 666 5563 ita
686 5523 765 5566 error
790 5509 948 5566 invaluerat
970 5508 999 5564 in
1023 5505 1135 5579 quibus
1189 5502 1386 5576 conjicientis
1409 5513 1565 5566 carcerem,
1584 5510 1641 5554 una
1662 5509 1727 5551 oum
1743 5493 1809 5550 lilio.
1825 5493 1877 5561 Qui
1891 5493 1979 5550 vecti·

344 5593 409 5654 dam
421 5595 491 5654 locis
501 5602 534 5653 ut
545 5596 630 5654 ctiam
643 5595 793 5670 episcopos
800 5596 940 5669 quosdam
954 5595 1132 5656 contamina·
1190 5593 1264 5665 gulis
1279 5597 1340 5648 crat
1353 5588 1489 5647 Ecclesie
1503 5587 1639 5646 Romanae
1656 5589 1685 5644 et
1698 5581 1980 5655 obsequentissimus.
