4258 6394
183 247 242 308 an
323 302 331 309 .
506 218 509 243 ⁴
655 267 662 276 ·
795 225 1026 312 neisrcim.
1048 251 1128 316 nm.
1152 256 1222 318 vn.
1342 237 1347 242 ’
1772 261 1873 342 ssa,

183 405 377 470 eorumdem
407 408 551 470 excitari
585 410 778 474 sanderum
804 413 840 474 et
865 421 981 474 eornm
1035 411 1231 488 infringere,
1248 412 1301 478 tel
1316 414 1348 476 el
1363 425 1448 476 ausu
1459 415 1642 478 temerario
1652 417 1831 482 contraire.

184 503 380 578 patrociniis
399 506 618 580 communiri;
634 507 787 572 omnihus
802 523 881 570 vera
904 525 979 586 poe·
1036 507 1072 569 Si
1084 509 1158 586 quis
1168 509 1279 571 autem
1295 510 1358 570 boc
1386 510 1549 573 attentare
1569 516 1830 592 praesumpserit,

183 600 366 663 nitentibus
381 603 414 664 et
428 603 602 676 mutassis,
624 603 683 681 qul
696 603 751 667 die
764 605 871 682 ipsius
886 607 981 668 dedi-
1035 605 1299 682 indignationem
1324 604 1559 684 omnipotentis
1584 609 1654 682 Del,
1670 611 1704 672 et
1716 605 1833 674 beato-

184 699 328 773 catlonis
351 700 583 764 anniversario
610 701 651 763 ad
675 703 851 765 acaedam
871 704 980 781 ipsam
1034 716 1108 764 rum
1123 703 1215 764 Petri
1230 704 1263 766 et
1277 703 1373 765 Pauli
1388 703 1620 780 Apostolorum
1636 711 1707 784 ejus
1723 723 1760 770 se
1774 721 1832 771 no·

184 807 259 858 cnm
296 796 472 858 devotione
506 799 726 873 accesserint,
758 803 977 878 quadraginta
1033 800 1120 861 verit
1134 801 1358 864 incursurum.
1374 802 1467 864 Datis
1481 805 1650 873 Laterani,
1667 805 1832 868 11113133-

184 893 255 955 dles
271 891 312 954 de
325 891 484 972 injunctis
498 893 563 957 sibi
577 897 793 973 paenitentiis,
809 899 851 960 de
869 899 980 962 omni-
1034 896 1093 957 das
1119 897 1216 968 maii,
1242 893 1453 975 pontificatus
1484 899 1591 962 nostri
1616 915 1703 962 anno
1733 903 1827 965 sexto

184 991 328 1071 potentis
345 992 477 1056 Domini
496 993 739 1067 misericordia,
754 997 789 1057 et
806 995 979 1058 beatorum
1035 989 1212 1074 [septimo].

184 1089 276 1151 Patri
304 1090 337 1151 et
363 1087 460 1154 Bauli
483 1090 710 1167 apostolorum
732 1095 804 1168 ejus
828 1093 979 1156 aucerr-

183 1186 253 1250 tate
265 1186 384 1248 condsi
396 1185 657 1250 misericorditer
671 1189 874 1251 relaxamus.
884 1191 978 1252 Datis
1381 1213 1482 1306 CXX

186 1285 353 1358 Laterani,
381 1287 427 1346 111
454 1282 616 1346 kalendas
639 1286 737 1360 maii,
767 1286 978 1364 pontificatus
1218 1327 1221 1332 -

187 1383 292 1447 nostri
304 1379 698 1464 ennosextotsepnmot.
1153 1368 1205 1428 Ad
1222 1369 1416 1430 Hssnrmm
1432 1383 1551 1446 1696111
1565 1371 1708 1446 Ababa.

1314 1499 1351 1556 27
1369 1497 1466 1571 aprilis
1481 1499 1560 1558 ¹223.
1673 1487 1675 1490 ’

1235 1617 1351 1685 [Rymen
1371 1619 1485 1681 renem,
1498 1621 1520 1682 1,
1537 1619 1620 1688 aab]

521 1733 643 1822 CXIX
1047 1741 1163 1804 Mandat
1174 1749 1271 1802 utnon
1285 1753 1504 1817 extorqueantur
1521 1747 1645 1821 pedagia
1657 1762 1673 1804 a
1686 1749 1812 1808 aucesi-

1294 1835 1390 1906 gnatis
1408 1836 1436 1891 in
1452 1835 1567 1908 Aegiis.

1072 1948 1740 2026 Honoriusapiscopus‚servusserrorum
1750 1952 1823 2027 Dei,

460 2051 495 2110 ii
508 2051 606 2124 aprilis
620 2051 699 2111 tata.
1033 2045 1206 2108 carissimo
1225 2045 1261 2106 in
1282 2047 1412 2109 Christo
1435 2047 1505 2108 filio
1526 2048 1682 2121 Henrico,
1698 2049 1824 2112 illustri

275 2145 884 2246 [linuriqna'dnnalescisterciensealvdibj
1032 2141 1419 2252 regiAnglssae'salutem’
1437 2145 1499 2253 εἷς·
1543 2242 1550 2255 ,
1756 2243 1763 2256 ‚

1072 2241 1179 2310 Quum
1191 2241 1235 2302 stt
1253 2255 1320 2302 non
1339 2235 1446 2303 sdlum
1471 2258 1621 2318 impium,
1639 2242 1696 2304 sed
1720 2244 1822 2306 ettam

1032 2336 1212 2398 absurdum
1223 2337 1291 2398 illis
1306 2337 1431 2400 auferri
1446 2339 1599 2416 pedagia,
1610 2340 1827 2418 quietosque

1031 2433 1169 2510 pedibus
1182 2435 1294 2496 omnia
1310 2437 1386 2498 sunt
1400 2435 1561 2514 subjecta,
1569 2436 1714 2500 fideliter
1725 2437 1824 2502 obse-

217 2531 293 2591 Etsi
308 2543 512 2607 nequeamus
526 2529 701 2607 quicquam
721 2530 861 2592 Domino
876 2531 977 2592 retri—
1031 2531 1088 2608 qui
1108 2531 1314 2605 affectantes,
1339 2530 1382 2594 ad
1403 2533 1639 2596 vindicandam
1662 2535 1823 2612 injuriam

181 2626 285 2688 buere
309 2642 370 2705 pro
398 2627 563 2700 omn-ibus,
589 2627 726 2704 quaeda
750 2643 818 2688 suas
842 2628 975 2704 pietatis
1031 2629 1139 2690 eruas
1161 2632 1244 2705 ejus,
1268 2630 1303 2691 et
1328 2630 1465 2702 terram,
1482 2647 1556 2708 quae
1584 2629 1754 2692 funiculus
1773 2631 1825 2694 est
1935 2639 1937 2644 '

180 2723 385 2804 abundantia
403 2723 520 2787 tribuit
541 2724 614 2802 ipse
637 2723 744 2797 nobis,
761 2739 873 2801 proso
886 2726 974 2802 qued
1030 2717 1823 2802 baereditatisipstus,abbustibusvindicandam,
1858 2785 1878 2814 0

180 2834 249 2884 non
261 2822 314 2884 est
328 2821 603 2898 tacturaevicaria
613 2823 839 2899 compensatio
851 2823 895 2884 ad
910 2823 977 2886 lac·
1030 2823 1191 2898 cognatis,
1205 2822 1239 2885 et
1262 2823 1362 2895 notis,
1382 2839 1423 2884 ac
1437 2824 1706 2900 possessionibus
1723 2825 1826 2886 dere-

179 2919 301 2982 torem:
327 2919 472 2982 scientes
497 2919 610 2983 tamen
636 2918 881 2996 beneplacitum
901 2935 974 2982 esse
1029 2918 1129 2992 lictis,
1158 2919 1372 2982 laudabiliter
1397 2920 1636 2996 accinguntur3
1657 2920 1827 2984 excellen-

179 3016 241 3090 ilii,
256 3017 293 3080 ut
317 3017 460 3078 famulos
487 3031 565 3077 suos
589 3017 646 3094 qui
675 3016 878 3092 abnegantes
906 3034 974 3080 nou
1029 3016 1110 3078 dam
1125 3017 1216 3078 tuam
1231 3018 1826 3093 rogamusetttortamurinbomino

179 3115 376 3186 solamenta,
402 3113 459 3176 sed
484 3113 585 3175 etiam
610 3113 807 3191 semetipsos
827 3114 891 3176 sibi
909 3114 974 3177 soli
1029 3114 1193 3191 quatenus
1206 3129 1225 3175 a
1240 3115 1492 3192 crucesignatis,
1508 3115 1544 3176 in
1566 3119 1678 3178 'Perrae
1693 3117 1825 3180 Sancta
1903 3183 1906 3188 ,

178 3211 370 3274 desiderant
383 3210 549 3283 famulari,
566 3225 722 3287 geramus
736 3211 772 3272 in
787 3212 973 3274 visceribus
1028 3211 1211 3272 subsidium
1227 3211 1437 3290 proiecturis,
1464 3213 1534 3274 slve
1547 3212 1588 3272 ab
1600 3213 1680 3282 illis,
1692 3214 1749 3290 qui
1764 3229 1827 3276 ne-

179 3308 341 3382 caritatis,
355 3309 388 3370 et
402 3309 451 3370 eis
466 3324 602 3370 manum
615 3309 735 3370 auxilii
745 3309 972 3386 porrigamus,
1028 3309 1176 3370 cessaria
1202 3308 1352 3379 delerent
1373 3310 1576 3383 eorumdem,
1598 3311 1633 3372 in
1648 3327 1751 3388 regno
1767 3311 1825 3373 tuo

179 3404 382 3468 monasterio
394 3407 506 3468 vestro
519 3407 644 3468 certam
660 3405 855 3468 donavimus
871 3423 975 3484 pecu·
1028 3407 1218 3483 extorqueri
1229 3407 1369 3484 pedagia
1380 3423 1446 3469 non
1460 3409 1644 3484 permittas,
1657 3408 1699 3470 ab
1708 3411 1826 3471 extor-

179 3503 246 3564 niae
257 3502 486 3580 quantitatem,
501 3504 537 3565 ut
546 3503 668 3565 exinde
678 3502 719 3564 ad
732 3519 815 3580 opus
827 3505 860 3566 et
875 3505 972 3567 utili·
1027 3504 1121 3566 sione
1148 3504 1338 3581 hujusmodi
1362 3507 1635 3584 praesumptores,
1660 3507 1825 3583 potestate

178 3601 279 3664 tatem
294 3601 399 3678 ipsius
410 3601 608 3677 praedia‚vel
618 3617 674 3663 res
684 3600 770 3662 alias
785 3601 972 3664 immobiles
1027 3601 1087 3664 tibi
1115 3601 1250 3674 tradita,
1276 3602 1526 3679 compascendo.
1550 3603 1714 3665 Caeterum
1745 3604 1823 3680 quia

178 3699 343 3761 emeretis.
374 3699 436 3769 Qui
464 3698 534 3759 dati
559 3697 784 3761 conditionem
802 3699 971 3763 studentes
1026 3698 1177 3775 generali
1205 3700 1345 3761 Domino
1368 3699 1536 3774 generalis
1558 3698 1655 3762 debet
1668 3699 1823 3762 exbiberi

177 3796 327 3872 implere,
342 3799 410 3872 jam
426 3795 467 3857 de
484 3796 577 3872 parte
598 3796 705 3872 ipsius
728 3796 879 3873 pecuniae
894 3813 973 3874 pos-
1026 3795 1212 3868 subventio,
1225 3796 1357 3873 eoquod
1368 3796 1454 3858 sicut
1466 3795 1823 3859 nullusbenedciorum

135 3969 141 3976 Ι
178 3894 344 3956 sessiones
359 3892 498 3964 emistis,
515 3893 548 3954 et
563 3893 674 3956 adhuc
693 3894 778 3954 alias
789 3893 970 3972 dereliqua
1027 3896 1099 3972 ejus
1112 3894 1164 3955 est
1177 3908 1308 3970 expers,
1339 3893 1388 3954 sic
1412 3894 1446 3954 et
1470 3893 1581 3953 nullus
1598 3908 1635 3954 se
1656 3894 1764 3970 potest
1778 3892 1822 3956 ab

177 4005 287 4053 emere
309 3989 477 4052 laboratis.
504 3991 598 4052 Unde
626 3990 722 4052 nobis
757 3992 970 4069 supplicastis
1025 3994 1098 4068 ejus
1111 3989 1277 4068 obsequiis
1299 4005 1471 4061 excusare,
1485 3990 1574 4052 iuter
1583 3990 1667 4052 alios
1676 3989 1822 4053 subven-

176 4088 351 4158 instanter,
367 4085 490 4149 utcum
516 4103 567 4159 ea,
591 4103 664 4164 quae
684 4087 724 4149 de
744 4089 971 4152 munificentia
1024 4087 1126 4148 tionis
1153 4087 1268 4150 modos
1297 4087 1333 4146 in
1361 4101 1464 4164 regno
1499 4088 1628 4164 angliae
1655 4089 1819 4150 serenitas

177 4181 357 4263 principali
386 4186 498 4246 restro
524 4185 726 4246 monasterio
747 4185 967 4262 applicantur,
1025 4183 1264 4260 neglectarum,
1290 4185 1328 4246 ut
1345 4183 1502 4261 quaelibet
1530 4186 1658 4258 domus,
1675 4185 1818 4262 singulis

1840 1029 1843 1037 Δ
1907 969 1917 1008 l

225 1913 277 1973 Ad
286 1909 442 1974 abbatem
454 1911 488 1974 et
497 1911 705 1973 enervantem
720 1911 934 1974 Casoernartt.

182 2307 232 2364 Eis
242 2305 371 2380 indulget
381 2313 412 2364 ut
426 2305 565 2379 quasdam
581 2305 808 2379 possessionese
828 2305 977 2381 cujuslibet

201 2395 317 2452 alterius
322 2393 519 2468 iurisdictione
528 2391 796 2453 habeantliberaeet
805 2395 956 2452 immunes.

178 4283 268 4344 omni
278 4281 419 4344 debeant
431 4281 584 4344 libertate
597 4279 736 4352 clarere,
753 4298 812 4360 pro
828 4299 866 4346 eo
882 4284 969 4361 quod
1024 4277 1204 4352 mensibus,
1219 4294 1323 4357 usque
1333 4279 1561 4342 adtriennium
1574 4281 1702 4354 saltem,
1716 4297 1819 4342 unum

177 4379 350 4456 indignum
364 4381 428 4451 est,
444 4381 567 4457 atquae
577 4377 618 4440 ab
634 4393 685 4451 00,
708 4380 765 4456 qui
780 4383 969 4457 assumptus
1024 4375 1262 4450 Turonensem,
1292 4377 1345 4438 vel
1374 4377 1629 4454 aequivalentem
1654 4381 1820 4468 monetam
1844 4371 1849 4380 '

177 4478 269 4540 estin
278 4473 517 4554 plenitudinem
525 4475 968 4554 potestatispietatisamore
1024 4474 1191 4548 exsolvat3
1204 4473 1360 4552 quoniam
1369 4490 1412 4536 ex
1425 4475 1565 4537 collecta
1576 4475 1820 4540 contributione

175 4575 352 4646 donantur,
369 4573 445 4636 aliis
459 4575 656 4651 subjaceant
676 4574 711 4634 in
733 4574 856 4651 aliquo,
870 4591 968 4652 quam
1023 4572 1223 4650 hujusmodi,
1241 4571 1314 4634 sine
1329 4575 1524 4650 cujusquam
1543 4573 1739 4648 masmine
1752 4589 1819 4650 ag-

174 4671 293 4744 datori,
330 4671 557 4749 possessiones
592 4671 633 4734 de
675 4672 818 4749 pecunia
854 4675 967 4736 nostra
1022 4671 1178 4747 gregata,
1201 4669 1369 4747 provideri
1402 4670 1525 4747 poterit
1544 4672 1657 4732 'remae
1687 4671 1818 4733 sancta
1943 4719 1948 4738 .

174 4769 314 4846 emptas,
338 4768 392 4829 vel
407 4768 566 4830 emendas
580 4769 774 4846 tanquama
793 4767 889 4831 nobis
904 4770 966 4832 do·
1022 4767 1205 4830 subsidium
1214 4767 1446 4843 opportunum.
1539 4811 1545 4818 .

172 4867 269 4928 natas
296 4865 432 4926 omnino
454 4865 615 4927 exhibere
649 4864 875 4942 dignaremur.
898 4868 967 4929 Nos
1061 4868 1141 4927 Haec
1154 4865 1254 4927 etiam
1266 4861 1307 4926 ab
1323 4862 1399 4924 allis
1411 4863 1546 4939 regibus
1558 4863 1592 4925 et
1611 4863 1819 4942 principibus

171 4963 285 5041 itaque
298 4962 420 5026 resins
447 4961 747 5040 supplicationibus
767 4965 964 5037 annuentes,
1022 4961 1220 5024 Christianis
1244 4960 1477 5037 exposcimus;
1494 4976 1561 5022 non
1585 4960 1818 5026 erubescentes

173 5061 370 5124 auctoritate
388 5060 483 5122 uobis
508 5061 723 5138 praesentium
745 5061 966 5137 indulgemus,
1021 5076 1081 5138 pro
1093 5060 1155 5122 'illo
1169 5057 1257 5135 apud
1265 5058 1351 5120 alios
1367 5057 1440 5120 lieri
1451 5058 1619 5135 petitores,
1630 5059 1687 5137 qui
1706 5061 1815 5136 parati

173 5160 210 5223 ut
220 5159 449 5236 possessiones
460 5159 550 5235 ipsas
559 5158 716 5234 tanquam
728 5159 769 5219 ad
783 5161 966 5220 Romanam
1022 5171 1135 5220 summ
1150 5157 1190 5218 de
1205 5156 1269 5228 bis,
1286 5171 1360 5233 quae
1383 5154 1482 5216 babet
1504 5154 1665 5228 Ecclesia,
1682 5159 1716 5219 et
1727 5158 1816 5232 aliis,

172 5255 356 5319 Ecclesiam
370 5255 560 5317 immediate
576 5256 819 5331 exspectantes,
831 5259 968 5334 acidus·
1021 5272 1093 5333 quaa
1106 5253 1148 5316 ad
1163 5268 1357 5316 succursum
1372 5256 1484 5315 Terrae
1506 5254 1673 5331 praedicta
1691 5272 1817 5332 prove-

171 5351 646 5438 libetalteriusjurisdietione
664 5351 815 5414 babeatis
830 5353 964 5427 liberes,
1021 5354 1144 5422 aerini,
1176 5352 1317 5414 libenter
1344 5351 1376 5412 et
1401 5350 1587 5414 liberaliter
1624 5353 1813 5415 subvenire.

172 5451 206 5512 et
227 5449 402 5510 immunes.
427 5447 522 5510 Nulli
536 5463 616 5524 ergo
636 5448 771 5510 omnino
794 5448 965 5512 bominum
1021 5453 1138 5513 Datum
1163 5448 1329 5520 Laterani,
1349 5447 1552 5511 Vkalendas
1565 5451 1660 5523 maii,
1677 5450 1815 5528 pontid·

171 5547 271 5609 liceat
283 5547 370 5608 hanc
384 5545 540 5624 paginam
562 5547 685 5608 nostra
699 5547 965 5610 confirmationis
1021 5550 1113 5612 catus
1129 5545 1234 5610 nostri
1247 5561 1335 5608 anno
1348 5546 1500 5624 septimo.
