4262 6382
144 289 214 352 729'

143 445 329 525 campanis,
343 459 521 523 suppressa
531 459 623 516 voce,
636 443 750 506 dlvlna
767 443 878 506 cilicia
890 459 942 506 ce·

144 544 287 606 labrare.
300 543 451 605 Chrisma
463 558 555 615 vero,
565 543 674 604 oleum
686 543 849 614 sanctum,
860 557 941 604 con-

144 641 348 704 secrationes
364 640 520 703 altarium
533 656 592 702 seu
604 639 832 710 basilicarum,
848 639 941 700 ordi·

143 738 296 799 nationes
315 737 523 809 clericorum,
540 737 597 814 qui
613 735 654 797 ad
670 751 784 798 sacros
806 735 940 797 ordines

143 833 267 896 suerint
285 834 531 911 promovendis
544 833 734 895 dioecesano
749 831 939 909 suscipietis

143 933 309 1010 episcopo,
328 933 357 992 si
377 932 509 1008 quidem
525 930 722 1002 catholicus,
739 929 815 1002 etc,
832 944 940 1004 osque

143 1027 312 1092 exhibere.
323 1028 478 1106 Alioquin
486 1029 587 1091 liceat
594 1027 688 1090 vobis
701 1041 940 1104 quemcumque

143 1126 341 1198 malueritis,
353 1126 429 1197 etc,
443 1125 740 1201 usqueimpendat.
757 1124 940 1186 statuimus

142 1224 315 1301 praeterea,
337 1225 372 1285 ut
384 1238 492 1300 neque
506 1223 676 1299 episcopo,
692 1238 799 1299 neque
812 1221 938 1294 comiti,

144 1337 205 1382 seu
221 1321 322 1382 alicui
337 1336 489 1398 personae
510 1319 675 1392 saeoulari,
694 1320 748 1381 rol
761 1318 941 1382 ecclesias-

141 1419 216 1481 ticae
239 1418 340 1480 liceat
353 1417 520 1479 indebitas
539 1418 573 1479 et
586 1417 730 1494 injustas
745 1417 938 1478 exactiones

142 1515 177 1577 in
198 1514 339 1592 praelata
362 1515 505 1576 ecclesia
529 1528 698 1575 exercere.
729 1513 940 1588 sepulturam

142 1628 272 1690 quoque
288 1612 393 1689 ipsius
404 1611 469 1672 loci
477 1611 617 1672 liberam
628 1625 702 1672 esse
714 1609 938 1680 decernimus,

142 1707 938 1779 uteorumdevotionietextremaeroluntati,etc.‚

142 1821 251 1881 usque
276 1806 501 1868 assumuntur.
519 1805 667 1867 Obeunte
692 1820 773 1866 vero
795 1805 830 1866 te
851 1819 940 1866 nuuc

144 1904 293 1980 ejusdem
312 1903 377 1964 loci
405 1901 536 1974 abbate,
557 1903 611 1966 rel
634 1904 767 1965 tuorum
794 1901 941 1978 quolibet

144 2015 385 2072 successorum,
414 2000 527 2062 nullus
549 1999 597 2061 ibi
619 1999 766 2077 qualibet
793 1999 939 2075 subrep-

143 2097 246 2185 tionis
272 2098 395 2161 astutia
426 2113 486 2158 seu
522 2097 683 2160 violentia
710 2096 938 2175 praeponatur,

144 2195 211 2256 nisi
224 2212 319 2271 quem
344 2194 476 2266 iratres,
502 2196 577 2262 etc,
600 2205 708 2269 usquc
731 2193 940 2271 providerint

144 2292 344 2369 eligendum.
362 2293 528 2354 Praeterea
550 2292 761 2369 praecipimus
778 2293 813 2353 ut
827 2290 940 2352 nullus

144 2390 191 2451 ibi
216 2389 373 2468 deinceps
399 2390 571 2452 ordinetur
585 2390 778 2461 canonicus,
796 2388 862 2449 nisi
884 2388 940 2464 qui

145 2503 181 2549 se
197 2488 356 2549 canonice
370 2489 534 2550 victurum
550 2486 720 2564 professus
735 2485 845 2548 luerit.
859 2486 939 2547 Paci

146 2601 287 2663 quoque,
304 2585 338 2648 et
349 2584 584 2661 tranquillitati
603 2585 723 2646 vestrae
746 2584 886 2660 paterna
902 2583 938 2643 in

148 2683 317 2759 posterum
339 2681 564 2748 sollicitudIne
589 2682 766 2758 providere
789 2679 939 2742 volentes

148 2780 345 2842 auctoritate
359 2779 549 2856 apostolica
563 2778 789 2855 prohibemus,
801 2780 838 2840 ut
851 2777 940 2838 inira

145 2877 319 2938 clausuras
334 2877 484 2939 locorum
506 2877 693 2938 vestrorum
714 2875 828 2936 nullus
843 2875 940 2950 rapi-

146 2990 235 3036 mam
261 2991 320 3036 seu
341 2974 464 3036 lurtum
479 2972 600 3044 lacere,
627 2973 739 3048 ignom
760 2987 939 3049 apponere,

148 3071 345 3147 sanguinem
353 3071 501 3141 fundere,
512 3069 680 3130 hominem
688 3071 812 3138 temere
821 3083 941 3144 capere

144 3169 198 3230 rel
211 3168 410 3245 interficere,
429 3183 489 3228 seu
501 3166 695 3228 stolentlam
710 3166 832 3226 audeat
842 3181 941 3226 exer-

145 3281 232 3328 cere.
249 3266 417 3327 Praeterea
432 3279 546 3326 omnes
568 3262 740 3325 libertates
767 3264 801 3324 et
813 3263 939 3324 immu-

145 3365 266 3426 nitates
281 3380 300 3424 a
315 3360 614 3439 praedecessoribus
637 3361 761 3422 nostrIs
781 3361 942 3422 Romanis

145 3460 356 3538 pontificibus
373 3460 523 3522 ecclesiae
540 3459 660 3520 restrae
675 3473 863 3532 concessas,
880 3473 943 3520 nec

145 3556 943 3634 nonlibertatesetexsmptionessaeculariumex-

146 3658 314 3719 actionum
327 3671 346 3717 a
361 3655 507 3732 regibus,
521 3655 555 3716 et
569 3654 786 3731 principibus,
795 3669 854 3714 seu
866 3653 944 3715 lide·

144 3755 232 3816 libus
247 3754 491 3816 rationabiliter
505 3752 599 3816 robis
623 3751 770 3814 indultas
792 3751 942 3814 auctori-

145 3852 213 3914 tate
227 3852 416 3928 Apostolica
431 3850 676 3922 confirmamus,
693 3852 756 3911 etc.
772 3849 821 3910 Ad
844 3849 939 3910 indi-

147 3950 235 4010 cium
260 3951 371 4010 autem
386 3949 485 4025 hujus
505 3947 668 4025 perceptae
684 3946 725 4008 ab
750 3947 942 4023 Apostolica

147 4046 232 4108 Sede
247 4045 422 4114 libertatis,
438 4045 533 4106 nobis
547 4045 737 4121 nostrisque
764 4059 941 4106 successo-

145 4142 238 4204 ribus
251 4142 397 4219 quinque
419 4141 542 4202 solidos
565 4141 772 4203 Pictarensis
788 4143 941 4210 monetae,

146 4241 244 4302 annis
277 4239 436 4314 singulis,
473 4239 684 4314 persolvetis.
725 4239 942 4300 Decernimus

146 4353 237 4415 ergo,
254 4339 291 4399 ut
303 4336 385 4397 nulli
402 4335 536 4397 omnino
552 4335 724 4396 hominum
738 4335 838 4398 liceat
851 4353 942 4413 prae-

145 4436 248 4498 latam
257 4434 432 4497 ecclesiam
445 4436 572 4495 temere
581 4432 787 4510 perturbare,
800 4435 858 4496 aut
869 4436 942 4510 ejus

145 4533 373 4610 possessiones
384 4529 732 4604 auferre,etc.,usqrce
742 4531 940 4592 omnimodis

145 4630 331 4709 profutura,
347 4630 440 4691 salva
457 4628 551 4690 Sedis
577 4627 778 4704 Apostolicae
793 4630 944 4690 auctori-

144 4730 213 4792 tate
227 4730 261 4791 et
272 4727 451 4789 dioecesani
465 4727 613 4803 episcopi
625 4725 785 4786 canonica
797 4727 940 4802 justitia.

148 4827 182 4888 Si
193 4841 258 4904 qua
269 4825 372 4902 igitur
386 4825 421 4885 in
438 4823 585 4885 futurum
599 4823 826 4885 ecclesiastica
841 4840 943 4886 saecu·

146 4924 271 4985 larisve
283 4937 424 5001 persona
440 4922 526 4982 hanc
550 4921 673 4981 nostrae
695 4921 942 4983 constitutionis

145 5022 301 5099 paginam
319 5019 440 5092 sciens,
462 5018 540 5090 etc,
566 5033 673 5091 usque
693 5017 866 5095 subjaceat
887 5020 942 5081 ul-

144 5120 240 5181 tioni.
255 5117 522 5187 Cunctisautem,
537 5115 812 5188 usqueinveniat.
824 5120 940 5179 Amen.

145 5217 264 5281 Datum
285 5215 442 5276 Laterani
459 5228 519 5290 per
533 5227 667 5274 manum
690 5213 841 5288 magistri
856 5215 941 5276 Gui-

146 5312 375 5375 donisdomini
384 5327 478 5388 papae
488 5309 624 5379 notarii,
638 5311 798 5372 lllnonas
811 5311 943 5374 decem-

144 5412 226 5483 bris,
247 5409 429 5472 indictione
451 5411 539 5476 XIII,
561 5409 807 5471 incarnationis
830 5410 941 5472 domi·

145 5510 230 5570 nicae
261 5523 350 5568 anno
378 5507 579 5578 Mcoxxlv,
619 5506 830 5584 pontificatus
861 5524 942 5570 vero

146 5605 270 5667 domini
285 5605 423 5666 Honorii
439 5619 522 5680 pape
538 5603 582 5666 Ill
598 5619 685 5666 anno
699 5620 797 5668 nono.

760 284 990 352 EPISTOLAE.
1014 287 1093 348 LIB.
1117 289 1172 349 IX.

1293 471 1497 560 XXXVIII
1538 461 1553 470 „

1118 625 1170 684 Ad
1181 623 1314 698 fratres
1325 626 1504 685 Mauortem
1517 629 1661 688 ordinis.

1260 753 1277 810 3
1297 753 1428 813 decemb.
1445 754 1524 812 liat.

1119 873 1260 938 [Sbaralea,
1271 877 1413 928 Bullariom
1427 878 1564 938 Francisc„
1584 879 1603 937 I,
1616 879 1667 944 io]

994 999 1129 1058 Concedit
1151 1009 1181 1058 ut
1204 1002 1232 1058 io
1246 1001 1317 1058 locis
1333 1010 1361 1058 et
1376 1003 1506 1061 oratoriis
1520 1004 1580 1062 suis
1601 1019 1666 1062 cum
1688 1005 1793 1064 viatIco

1030 1090 1110 1146 altari
1123 1091 1234 1162 possint
1249 1091 1402 1148 missarum
1415 1093 1553 1149 solemnia
1568 1101 1597 1150 et
1619 1094 1673 1150 alie
1695 1093 1792 1153 divina

1030 1177 1122 1234 olbcie
1135 1178 1290 1248 celebrare,
1305 1180 1383 1236 omni
1395 1180 1551 1253 parochiali
1564 1182 1627 1254 jnre
1640 1183 1790 1256 parocbia·

1029 1265 1103 1323 libus
1117 1266 1248 1325 ecclesiis
1261 1276 1418 1326 reservato.

1034 1392 1202 1455 Honorius
1211 1395 1399 1473 episcopus,
1410 1411 1707 1460 servusservorum
1718 1399 1791 1471 Dei,

995 1489 1125 1551 dilectIs
1158 1491 1237 1551 illlis
1264 1490 1423 1554 iratribus
1452 1494 1619 1556 Minorum
1651 1495 1790 1569 ordinis,

996 1587 1179 1650 salutemet
1191 1589 1702 1666 Apostolicambenedictionem.

1035 1686 1119 1758 Quia
1153 1687 1332 1764 populares
1361 1687 1533 1762 tumultus
1558 1691 1728 1768 tamquam
1756 1691 1792 1752 in

994 1786 1106 1844 restro
1118 1782 1339 1846 adversantur
1358 1787 1527 1864 proposito
1542 1786 1719 1864 fugientes,
1733 1805 1791 1850 se-

995 1879 1104 1942 cretos
1139 1897 1292 1942 recessus
1323 1882 1465 1946 libenter
1492 1886 1659 1962 appetitis,
1691 1887 1727 1948 ut
1752 1887 1788 1948 in

996 1978 1111 2039 sancta
1125 1978 1235 2054 quiete
1250 1979 1389 2040 liberius
1405 1982 1549 2044 orationi
1564 1999 1685 2046 vacare
1709 2001 1791 2061 pos-

996 2074 1081 2146 sitis,
1099 2089 1160 2136 nos
1176 2076 1383 2139 attendentes
1401 2079 1588 2140 orationum
1603 2083 1791 2144 vestrarum

995 2172 1157 2248 suffragIa
1178 2173 1323 2250 plurima
1352 2178 1548 2252 opportuna,
1570 2179 1725 2254 quoniam
1753 2195 1792 2242 eo

996 2269 1165 2331 efficacior
1180 2271 1360 2334 essedebet
1372 2275 1481 2335 restra
1497 2276 1792 2356 intercessioapud

995 2371 1109 2441 Deum,
1140 2385 1205 2446 quo
1245 2369 1389 2446 perlecto
1414 2373 1565 2434 viventes
1595 2377 1667 2452 ejus
1696 2375 1791 2451 digni

996 2466 1077 2528 estis
1110 2467 1219 2542 gratia
1247 2469 1380 2544 potiori.
1411 2470 1666 2534 considerantes
1695 2473 1791 2535 robis

996 2564 1184 2640 negandum
1204 2581 1271 2626 non
1289 2581 1376 2638 esse,
1394 2566 1481 2628 unde
1495 2569 1621 2630 nemini
1645 2570 1792 2648 deroga-

995 2662 1051 2723 tur
1066 2683 1074 2722 :
1089 2661 1167 2722 dum
1182 2678 1263 2724 vera
1278 2665 1429 2740 exposcit
1442 2667 1572 2742 religio,
1583 2669 1620 2730 ut
1630 2684 1703 2744 quae
1717 2671 1794 2731 sunt

995 2759 1096 2820 etiam
1124 2759 1165 2819 de
1188 2759 1297 2836 gratia
1320 2761 1470 2838 speciali,
1496 2763 1590 2824 vobis
1610 2766 1793 2828 concedere

996 2854 1185 2928 debeamus,
1214 2855 1382 2919 devotioni
1403 2859 1535 2931 restrae,
1553 2876 1627 2921 cum
1652 2863 1792 2940 professi

996 2953 1224 3030 paupertatem
1251 2954 1336 3026 sitis,
1353 2956 1479 3031 pariter
1498 2959 1532 3020 et
1552 2959 1709 3036 amplexi,
1725 2977 1793 3022 non

995 3051 1179 3126 temporale
1192 3052 1411 3126 commodum,
1426 3054 1483 3116 sed
1502 3056 1675 3132 spirituale
1697 3075 1792 3136 quee-

996 3148 1120 3219 rentes‚
1137 3148 1335 3212 auctoritate
1356 3153 1572 3228 praesentium
1599 3155 1719 3217 vestris
1734 3156 1792 3217 in·

997 3245 1113 3308 clinati
1134 3246 1289 3323 precibus
1312 3248 1537 3326 indulgemus,
1554 3252 1639 3314 utin
1662 3253 1743 3316 locis
1759 3256 1793 3316 et

997 3344 1155 3406 oratoriis
1168 3344 1289 3406 restris
1304 3361 1378 3406 cum
1393 3347 1518 3408 viatico
1539 3349 1638 3411 altari
1657 3352 1793 3427 possitis

996 3442 1174 3503 missarum
1201 3443 1363 3504 solemnia
1392 3447 1425 3507 et
1450 3445 1518 3507 alia
1542 3446 1655 3509 divina
1682 3449 1793 3512 officia

996 3539 1177 3612 celebrare,
1195 3540 1285 3603 omni
1307 3542 1492 3618 parochiali
1509 3547 1587 3620 jure
1610 3548 1793 3622 parocbia·
1873 3529 1878 3534 ’

994 3635 1082 3698 libus
1099 3637 1249 3699 ecclesiis
1264 3640 1445 3701 reservato
1458 3641 1549 3701 Nulli
1563 3657 1643 3718 ergo
1656 3645 1793 3706 omnino

997 3735 1167 3796 bominum
1182 3734 1282 3796 liceat
1304 3737 1390 3798 hanc
1405 3738 1561 3814 paginam
1576 3740 1698 3802 nostrae
1712 3757 1794 3802 con-

998 3831 1158 3892 cesslonis
1171 3834 1204 3894 et
1227 3833 1348 3894 iudulti
1361 3833 1557 3910 infringere,
1577 3836 1629 3898 vol
1653 3837 1685 3897 ei
1708 3852 1792 3900 ausu

996 3928 1175 3989 temerario
1204 3929 1381 3991 contraire.
1412 3931 1448 3991 Si
1476 3931 1550 4008 quis
1579 3934 1700 4006 autem,
1728 3936 1789 3997 etc.

997 4027 1115 4088 Datum
1131 4026 1246 4098 Reate,
1259 4028 1304 4086 ΙΙΙ
1320 4043 1426 4088 nonas
1439 4027 1634 4102 decembris,
1651 4031 1792 4108 pontifi-

998 4125 1091 4186 catus
1108 4123 1214 4186 nostri
1230 4139 1318 4185 anno
1331 4125 1460 4186 octavo.

1314 4481 1477 4570 XXXIX

997 4632 1296 4694 contestariorum
1304 4637 1500 4709 episcopum
1508 4639 1790 4701 Vorodincnsem.

1262 4763 1424 4822 ddecemb.
1446 4766 1524 4824 aaut.

1161 4886 1253 4952 [Fejen
1265 4887 1326 4937 Cod.
1340 4887 1457 4952 diplom„
1473 4889 1515 4940 lll.
1531 4903 1548 4948 1,
1560 4890 1628 4955 toa]

997 5011 1031 5068 lii
1045 5010 1162 5068 mandat
1176 5018 1207 5068 ut
1220 5013 1249 5068 in
1266 5010 1377 5070 lacinus
1397 5012 1473 5084 quod
1499 5014 1668 5094 praepositus
1680 5017 1789 5090 strigo·

1032 5099 1141 5158 niensis
1155 5108 1252 5158 contra
1265 5099 1410 5159 andream
1428 5115 1527 5174 regem
1540 5104 1696 5176 Huugariae
1709 5120 1792 5164 com-

1031 5188 1119 5258 misit,
1135 5189 1289 5260 inquiraut,
1310 5197 1338 5246 et
1351 5188 1426 5264 quod
1443 5191 1603 5250 invenerint
1617 5192 1683 5252 Sedi
1696 5196 1789 5269 Apos-

1032 5278 1124 5335 tolicae
1139 5277 1258 5335 fideliter
1272 5285 1426 5350 exponant.

1037 5413 1204 5474 Honorius
1241 5413 1429 5491 episcopus,
1465 5429 1582 5477 servus
1618 5433 1791 5482 serrorum

997 5511 1067 5581 Del,
1085 5508 1146 5572 etc.

1037 5607 1162 5669 Altiora
1177 5621 1212 5667 se
1224 5621 1373 5683 quaerere
1390 5609 1616 5686 Strigonensis
1630 5615 1790 5689 praeposi-
