4222 6374
311 234 371 299 aab
922 230 1099 297 HONORII
1119 229 1165 294 111
1186 228 1335 292 OPERA.
1890 235 1950 300 iio

311 393 439 464 nostra,
461 387 594 469 proviso
615 387 702 468 qnod
727 403 780 461 oa,
800 403 874 467 que
893 388 1099 463 fraudarunt,
1155 387 1331 466 utriusque
1355 385 1518 454 moniales
1539 387 1680 468 includis
1705 389 1754 458 itu
1777 391 1863 472 quod
1882 409 1948 458 ox·-

311 488 489 554 restiiuani
503 487 538 548 in
550 489 662 548 Terrae
677 487 807 548 Sanctae
823 485 1007 547 subsidium
1022 501 1104 548 con-.
1155 485 1256 547 eundi
1279 487 1472 548 monasterii
1492 489 1585 566 septo
1607 487 1749 554 facultas
1766 490 1807 554 do
1829 491 1950 556 caetero

310 585 479 650 vertenda.
502 584 622 646 Datum
639 583 810 660 anagnias,
832 585 863 644 11
881 582 955 644 idus
976 583 1099 655 martii,
1156 582 1331 654 adimatur,
1352 581 1448 646 honis
1470 585 1601 661 praelati
1620 586 1812 649 monasterii
1835 587 1949 652 Sancti

311 699 398 747 anno
413 681 524 746 saxio,
1156 679 1326 756 Hippolyti
1345 679 1411 757 ipsi
1433 681 1634 756 monasterio
1649 684 1762 746 Sancti
1777 685 1949 756 Laurentii

1156 775 1374 853 applicandis,
1390 777 1528 855 excepta
1542 779 1652 857 aliqua
1668 795 1784 846 eorum
1801 795 1950 858 congrua

1156 873 1317 950 portione,
1334 874 1375 936 de
1390 890 1454 951 oua
1468 877 1621 952 personis
1632 879 1703 953 jam
1716 877 1803 940 dicto
1819 895 1952 944 monas

590 971 824 1066 fflfflfl
1156 969 1240 1032 torio
1253 971 1365 1034 Sancti
1380 971 1549 1050 Hippolyti
1562 974 1736 1039 servituris
1748 975 1860 1039 valeat
1873 992 1950 1053 pro·

436 1129 489 1194 Ad
503 1129 752 1194 romanensem
766 1128 973 1202 apocopum.
1156 1065 1273 1140 rideri,
1289 1083 1331 1128 ¹²⁶
1352 1069 1444 1130 ¹⁰⁰¹¹⁸
1464 1069 1536 1146 59⁸0
1551 1071 1624 1133 ⁵1⁰0
1638 1071 1729 1134 ⁰1¹lt11
1750 1072 1857 1136 divini
1880 1089 1948 1138 no·-

1157 1163 1258 1228 minis
1286 1164 1504 1242 relinquatur.
1538 1167 1619 1233 (lum
1643 1167 1745 1244 igitur
1767 1168 1803 1232 in
1825 1169 1950 1236 talibus

589 1263 731 1326 timenti
747 1263 826 1322 tati.
1064 1286 1067 1297 ·
1158 1261 1392 1338 oporteatcum
1405 1263 1509 1326 multa
1519 1265 1953 1342 maturitaieprocodbdis·

459 1395 597 1466 [mmm
608 1396 673 1449 Anu.
686 1397 719 1448 aa
732 1410 772 1447 aa.
786 1395 882 1462 ¹²²¹»i
898 1395 951 1462 Μ]
1157 1358 1296 1423 crationi
1309 1359 1428 1424 vestras
1440 1375 1500 1437 por
1513 1361 1702 1439 apostolica
1714 1362 1838 1440 scripta
1853 1379 1952 1428 man·

993 1519 1011 1534 ..
1080 1519 1086 1532 .
1156 1454 1283 1528 damus.
1302 1457 1465 1534 quatenus
1481 1459 1647 1522 univorsis
1666 1459 1789 1535 nogotii
1804 1460 1953 1524 circum-

311 1521 489 1597 indulgebat
502 1521 683 1591 Enaiaclrius,
698 1521 862 1594 capellanus
876 1523 1012 1578 Demetru
1027 1533 1103 1593 regn

346 1611 609 1674 Thessalonicensis
623 1607 751 1668 obtineat
762 1607 876 1683 aliquod
885 1607 1073 1670 beneficium..
1157 1552 1289 1616 smmis
1311 1554 1489 1630 diligenter
1510 1553 1679 1632 iss⁸p⁰⁰fi⁸²
1696 1556 1725 1618 ⁸⁸¹
1751 1556 1852 1620 saluti
1874 1557 1953 1618 ⁸¹¹1·

1156 1665 1285 1713 marum
1305 1651 1457 1714 videritis
1479 1653 1648 1729 expedire,
1674 1654 1709 1718 at
1733 1653 1806 1715 fiori
1829 1655 1952 1731 poterit

351 1745 530 1819 Honorius,
545 1746 608 1807 otc.
1157 1745 1280 1826 absque
1300 1749 1458 1814 scandalo
1472 1752 1505 1812 ot
1515 1751 1602 1829 juris
1617 1751 1811 1829 praejudicio
1831 1752 1949 1827 alieni,

351 1845 432 1906 curn
455 1843 648 1904 carissimus
669 1841 704 1902 in
726 1839 857 1903 chrisio
878 1839 968 1902 illius
991 1841 1104 1902 nostor
1157 1846 1318 1909 moniales
1342 1847 1434 1924 ipsas
1455 1848 1490 1910 in
1511 1851 1581 1926 jam
1608 1849 1696 1912 dicto
1720 1850 1833 1914 Sancti
1856 1851 1950 1912 Lau-

310 1940 497 2003 Demetrius
511 1953 572 2000 rex
586 1937 894 2000 Thessalonicensis
908 1937 1103 2009 illustris,in
1156 1943 1257 2006 rentii
1273 1945 1475 2008 monasterio
1498 1943 1630 2008 iacietis
1650 1946 1788 2020 includi,
1809 1947 1951 2012 alterius

311 2037 425 2100 nostra
453 2035 652 2098 constitutus
684 2033 873 2113 praesontia‚
908 2032 1103 2110 supplicarit
1157 2041 1351 2102 monasterii
1370 2041 1467 2106 bonis
1488 2042 1662 2118 applicatis
1677 2043 1796 2116 eidem.
1811 2047 1951 2122 excepio

311 2134 486 2205 instantor,
510 2133 546 2194 ut
560 2131 679 2194 dilecto
699 2130 768 2194 tilio
789 2131 975 2194 Eustachio.
987 2129 1102 2208 capol-
1157 2137 1243 2198 unde
1257 2136 1362 2214 aliqui
1377 2139 1534 2201 servituri
1549 2139 1584 2200 in
1601 2139 1716 2204 eadem
1736 2141 1878 2206 ecclesia
1891 2157 1952 2204 aa·

182 2309 186 2316 ,
311 2231 389 2293 lano
405 2247 464 2292 suo
483 2229 658 2307 providero
676 2229 713 2290 in
734 2228 845 2306 aliquo
863 2226 1105 2299 henoticimdi-
1157 2232 1248 2296 leant
1282 2235 1473 2308 sustentari,
1512 2237 1569 2312 qui
1602 2236 1636 2300 et
1670 2237 1735 2314 ipsi
1771 2239 1951 2314 sepedicto

311 2329 391 2391 nnn
406 2329 439 2390 at
453 2342 512 2390 suo
532 2325 653 2388 intuitu
673 2325 904 2402 dignaremur,
930 2339 990 2386 nos
1012 2323 1104 2386 doio·
1159 2331 1270 2393 Sancti
1286 2333 1456 2397 Laurentii
1473 2335 1675 2398 monasterio
1696 2336 1896 2412 respondere
1909 2337 1951 2400 do

312 2425 425 2488 rantes
450 2423 552 2501 rogiae
576 2423 739 2500 dignitati,
762 2437 802 2484 ac
823 2421 995 2500 sperantes
1017 2421 1102 2498 quod
1157 2427 1395 2504 temporalibus
1406 2430 1593 2492 teneantur.
1605 2432 1697 2504 Quod
1712 2433 1742 2494 si
1755 2447 1822 2496 non
1836 2449 1950 2499 omues

312 2521 399 2584 idern
415 2537 475 2582 rex
488 2520 614 2582 imitari
628 2519 746 2582 debeat
757 2519 1005 2596 progenitorum
1019 2533 1108 2580 suo-v
1157 2523 1211 2586 his
1226 2527 1448 2602 exsequendis
1463 2529 1638 2604 potueritis
1654 2529 1826 2602 interesse,
1838 2532 1874 2592 tu
1887 2529 1953 2594 ira·

312 2633 387 2680 rum
412 2617 554 2693 voshgia
578 2616 634 2694 qui
662 2632 793 2694 semper
815 2615 925 2678 dovoti
945 2615 1104 2678 Ecclesia)
1159 2623 1210 2684 tar
1239 2623 1601 2701 archiepiscoporum
1637 2641 1753 2691 eorum
1779 2627 1885 2690 altero
1910 2643 1951 2692 ca

314 2717 472 2778 Romanas
498 2713 642 2786 morunt,
672 2715 744 2790 ojus
771 2711 925 2791 precibus
949 2711 1111 2774 duximus.
1157 2719 1376 2782 nihilominus
1406 2723 1612 2800 exsoquaris.
1640 2725 1757 2786 ilatum
1776 2725 1948 2800 anagnis,

311 2811 535 2883 annuendum,
564 2813 626 2873 cto.
653 2811 772 2872 Datum
805 2810 978 2886 Anagniae,
1002 2808 1032 2872 11
1057 2807 1110 2876 id„
1157 2816 1234 2884 idus
1250 2816 1375 2891 martii,
1394 2818 1607 2896 pontificatus
1622 2821 1727 2884 nostri
1742 2835 1830 2884 anno
1844 2823 1949 2885 sexto.

311 2909 435 2981 martii,
451 2907 661 2986 pontificatus
672 2908 780 2972 nostri
794 2922 882 2974 anno
894 2906 1009 2974 sexto..

1507 3155 1603 3246 cxl

614 3225 806 3315 CXXXIX
1137 3263 1210 3369 ³Aci
1224 3305 1399 3370 einnonem
1421 3309 1726 3384 archiepiscopum,
1748 3310 1949 3385 nosocomo

312 3379 364 3439 Ad
384 3379 560 3440 Simonem
586 3379 881 3452 amamponopom
904 3377 1105 3451 apostolicae
1140 3413 1143 3444 :
1414 3405 1513 3468 Sedis
1528 3407 1690 3481 pagrum,

349 3475 449 3536 Sedis
478 3473 640 3550 legatum,
666 3476 834 3536 dommum
853 3487 897 3535 ac
924 3474 1104 3536 cantorem
1140 3487 1143 3498 ·
1436 3531 1576 3592 mmm
1591 3533 1669 3592 Μ

351 3571 598 3644 Biturtcemes.

1292 3653 1425 3720 [hemena
1436 3655 1582 3708 Thesaurus
1593 3656 1699 3718 Anecd„
1711 3657 1732 3717 l,
1745 3655 1813 3720 sin]

589 3698 623 3757 lb
636 3699 732 3758 martii
747 3698 827 3760 tiit.

465 3821 596 3887 [mn
743 3819 950 3884 Μ»
1157 3769 1953 3841 *³¹¹⁸

313 3947 429 4010 blandai
443 3955 475 4006 ui
486 3948 516 4006 in
535 3947 709 4006 monamerio
725 3946 821 4006 &noti
839 3945 982 4006 Laurentii
998 3945 1102 4006 includi
1192 3945 1385 4008 habitantibus
1403 3949 1541 4018 instituat,
1557 3947 1712 4010 dummodo
1732 3948 1760 4008 id
1778 3950 1839 4008 lieri
1857 3951 1952 4010 valeat

346 4036 452 4096 iaciant
463 4036 604 4094 moniales
615 4035 712 4096 Sancd
726 4035 881 4108 ltippolyii,
894 4035 919 4094 si
932 4034 960 4092 ld
974 4033 1035 4094 heri
1049 4049 1101 4108 pc·
1192 4033 1300 4108 absque
1315 4034 1452 4093 mandato
1464 4042 1493 4094 et
1504 4037 1576 4109 juris
1588 4037 1753 4112 prejudicio
1765 4038 1861 4098 alieni.

345 4122 401 4182 test
416 4121 523 4196 absque
537 4122 673 4181 scandalo
686 4130 715 4180 ei
726 4123 843 4180 laesione
852 4123 923 4193 juris
938 4122 1032 4180 alieni.
1197 4159 1365 4224 Honorius
1375 4161 1686 4240 episcopu⁸,servus
1694 4177 1868 4226 servorum
1878 4163 1949 4240 Dei,

350 4257 1020 4336 Honoriusepisoopus,semusssrvorun
1030 4255 1101 4330 Dei,
1157 4256 1342 4318 venorabili
1362 4255 1458 4322 tratri
1471 4259 1672 4323 Bituriconsi
1688 4261 1949 4338 archiepiscopo,

309 4355 494 4422 venerabili
515 4354 610 4416 tratri
632 4353 883 4434 archiepiscopo
904 4353 1103 4431 apostolicae
1158 4353 1358 4432 apostolicae
1373 4355 1467 4418 Sedis
1478 4354 1598 4432 legato,
1615 4355 1801 4420 salutemet
1813 4359 1951 4438 aposto·

312 4453 406 4520 Sedis
421 4453 530 4530 legato
545 4453 578 4516 et
595 4451 725 4514 dilectis
745 4450 823 4512 liliis
838 4450 964 4514 decano
977 4453 1012 4514 oi
1022 4466 1105 4516 can·
1158 4449 1257 4512 licam
1270 4447 1545 4516 benedictionem

309 4551 375 4617 tori
401 4549 612 4622 Bituriconsi,
639 4547 780 4610 salutem
816 4553 850 4610 ot
886 4549 1104 4626 apostolicam
1197 4548 1266 4608 Tua
1293 4548 1407 4626 petitio
1438 4547 1533 4610 nobis
1562 4547 1710 4612 exhibita
1743 4549 1950 4624 continebat,

308 4645 584 4711 benedictionem.
1158 4643 1244 4724 quod
1269 4643 1401 4708 abbatia
1423 4645 1469 4708 do
1485 4644 1584 4708 Collis
1607 4645 1720 4710 Sancti
1743 4647 1865 4708 Eusicii
1886 4648 1952 4712 tue

349 4746 516 4823 Experto
539 4744 608 4816 tua,
634 4740 741 4805 irater
759 4741 1020 4822 archiepiscopo,
1043 4741 1105 4805 luit
1158 4741 1322 4813 dioecesis,
1348 4741 1383 4804 in
1404 4757 1469 4821 qua
1492 4744 1572 4805 sunt
1591 4743 1743 4806 canonici
1767 4744 1951 4822 regulares,

309 4841 515 4922 propositum
539 4855 651 4904 coram
674 4839 780 4914 nobis,
804 4839 891 4918 quod
910 4839 946 4902 in
969 4839 1104 4902 civitate
1159 4853 1218 4918 per
1241 4838 1403 4901 malitiam
1425 4837 1645 4903 habitantium
1663 4839 1700 4902 in
1723 4839 1849 4916 oedem,
1869 4841 1952 4904 adeo

309 4937 509 5010 Bituriconsi
519 4937 599 5000 suni
609 4936 674 4998 duc
685 4937 887 5000 monasteria
896 4937 1102 5008 monialium,
1160 4937 1210 4998 est
1224 4935 1381 5014 collapsa,
1400 4936 1520 5000 utnon
1542 4937 1694 5014 speretur
1710 4937 1797 5016 quod
1816 4938 1951 5018 aliqna-

311 5036 424 5100 Sancii
438 5034 610 5098 Laurentii
629 5035 663 5096 et
677 5034 790 5096 Sancti
812 5033 999 5112 Hippolyti3
1022 5049 1106 5114 qaro-
1158 5033 1473 5112 ienuspossiiasua
1485 5033 1952 5120 ruinarosnrgero,nisitaies

309 5149 384 5196 rum
402 5131 564 5194 moniales
584 5130 776 5208 frequenter
797 5147 856 5213 por
871 5131 963 5192 vicos
977 5131 1010 5193 at
1031 5131 1106 5214 pla·
1158 5145 1309 5209 personae
1322 5131 1539 5194 instituantur
1551 5130 1586 5192 in
1600 5146 1651 5198 aa.
1665 5147 1738 5210 qiam
1748 5130 1835 5194 bona
1849 5134 1952 5212 ejusa

308 5232 381 5302 teas
404 5227 572 5302 incedunt,
585 5228 620 5290 in
644 5228 831 5290 animarum
852 5244 988 5290 suarum
1011 5227 1104 5306 peri·
1159 5227 1300 5290 diversis
1320 5228 1452 5290 clericis
1472 5228 1634 5308 laicisque
1653 5228 1785 5299 detenta
1799 5229 1953 5306 potenter

310 5327 421 5392 culrarn
448 5327 482 5390 et
511 5324 705 5392 scandalum
736 5326 966 5403 plurimorum.
994 5327 1104 5397 Quare
1158 5325 1292 5389 valeant
1313 5325 1484 5388 vindicare
1500 5343 1508 5386 :
1527 5340 1631 5403 quaro
1649 5325 1779 5398 suades,
1797 5327 1834 5388 ut
1852 5343 1952 5404 quum

310 5424 446 5504 potebas
456 5423 576 5500 utipso
584 5423 785 5486 monasterio
795 5424 908 5486 Sancti
919 5421 1103 5494 Laurentii,
1158 5422 1194 5482 in
1220 5437 1261 5484 aa
1282 5422 1406 5484 luerint
1426 5422 1506 5485 elim
1525 5421 1678 5484 canonici
1698 5421 1889 5496 saeculares,
1911 5423 1952 5486 ad

311 5523 397 5606 quod
413 5521 531 5590 adhoc
545 5521 596 5586 ost
610 5519 716 5600 magis
731 5520 898 5595 idoneum,
919 5517 1104 5586 laceramus
1159 5519 1330 5598 antiquum
1357 5519 1479 5583 statum
1505 5519 1620 5582 reduci
1650 5519 1835 5583 laceremus
1856 5533 1952 5582 earn-
