4258 6394
330 327 391 389 475
770 341 781 384 g
952 299 1131 362 HONORII,
1143 296 1195 366 ,ΙΙΙ
1216 295 1363 356 OPERA.
1542 321 1557 356 s
1919 283 1982 342 476

331 483 398 548 nisi
423 479 465 546 ad
490 475 607 544 eadem
630 463 838 536 observanda
859 462 1127 539 transgressores
1182 455 1291 518 soluto
1305 455 1420 515 mutuo
1434 443 1839 528 superfueritmemorato
1849 442 1980 513 comiti,

332 577 515 658 superioris
535 567 733 638 auctoritate
758 562 938 640 cogentum
970 559 1051 636 quin
1074 572 1130 633 po-
1183 554 1212 614 si
1227 550 1426 616 remanserit
1441 549 1476 609 in
1496 544 1667 621 Albigensi
1681 543 1784 614 terra,
1800 541 1982 602 transmit·
2111 559 2112 562 ¹

331 679 399 744 tius
423 671 544 737 exinde
566 666 706 732 vilescat
734 659 915 724 auotoritas
940 653 1126 725 statuentis,
1183 653 1244 714 tas.
1272 650 1389 712 Datum
1413 644 1580 715 Laterani,
1607 643 1653 702 ΙΙΙ
1679 640 1754 702 idus
1778 629 1979 708 decembris,

332 773 419 854 quod
432 770 545 834 multis
560 764 648 828 esset
667 763 702 822 in
724 757 917 820 scandalum
933 753 966 816 et
983 751 1127 822 ruinam,
1184 747 1394 826 pontificatus
1405 741 1512 804 nostri
1525 755 1613 802 anno
1628 741 1759 801 octavo.

333 871 460 941 audito,
475 864 561 945 quod
577 863 612 924 iu
634 857 770 922 dioecesi
780 856 837 917 tua
850 854 886 913 in
901 849 1014 912 multis
1029 863 1130 909 euer-

333 968 456 1031 vantur
470 963 593 1026 statuta
606 955 745 1020 Consilii
759 949 937 1030 generalis,
948 947 989 1009 de
1003 946 1132 1006 disere-

333 1067 426 1130 tione
440 1064 498 1123 tua
514 1060 645 1136 plenam
661 1054 697 1115 in
713 1049 853 1113 Domino
874 1044 1029 1106 fiduciam
1045 1041 1133 1103 obti-
1515 990 1646 1077 LVIII

306 1139 471 1231 'nentes,
510 1150 712 1217 fraternitati
746 1149 812 1210 tum
846 1159 905 1222 per
941 1138 1132 1218 Apostolioa
1206 1147 1258 1207 Aa
1273 1141 1476 1206 abbatemet
1494 1139 1701 1202 conventum
1719 1139 1761 1198 ae
1779 1135 1959 1206 praeopto,

337 1258 462 1336 scripta
485 1253 691 1320 mandamus,
709 1245 872 1324 quatenus
887 1237 1045 1318 praedicta
1059 1239 1131 1296 sta-
1189 1249 1194 1254 ·
1429 1239 1570 1302 castere,
1594 1237 1738 1298 ordinas,

334 1357 408 1420 tuta
426 1351 532 1414 facias
554 1349 590 1410 in
613 1347 671 1408 tua
692 1341 829 1405 dioecesi
849 1337 989 1399 tirmiter
1014 1333 1132 1396 obser·
1445 1371 1477 1427 ss
1491 1367 1620 1427 decemb.
1641 1367 1722 1424 lm

332 1453 419 1525 rari,
442 1451 709 1522 transgressores
739 1454 798 1518 per
821 1448 998 1500 censuram
1019 1430 1131 1491 eccle·
1345 1484 1351 1496 ,
1500 1483 1505 1494 ,
1924 1477 1929 1488 ,

336 1548 518 1614 siasticam,
535 1539 758 1620 appellatione
774 1530 967 1613 postposita,
983 1541 1134 1603 compes-
1190 1488 1323 1588 .[R⁸⁸³⁸²''
1333 1485 1379 1536 ¹¹¹³·
1390 1484 1540 1550 vlmeprst.
1552 1483 1606 1532 ¹²⁰·
1617 1482 1674 1532 ⁵¹⁵⁸·
1688 1481 1724 1531 ¹²⁸
1735 1480 1810 1530 ΡΜ
1822 1477 1857 1529 ‘¹¹¹
1869 1476 1965 1542 rhem]

334 1645 457 1724 cend03
483 1639 684 1719 praeceptum
708 1635 819 1695 autem
846 1629 999 1690 nostrum
1021 1623 1134 1685 taliter

334 1743 468 1807 studeas
491 1734 686 1812 adimplere,
707 1729 794 1808 qumi
818 1738 1027 1802 nequequam
1047 1719 1134 1781 elie·
1227 1727 1407 1796 Honorius,
1430 1728 1506 1796 ete,
1528 1721 1658 1784 dileetis
1682 1719 1799 1782 filiis...
1815 1717 1927 1782 abbati
1949 1716 1983 1779 et

334 1857 413 1904 nam
434 1837 578 1912 culpam,
592 1831 670 1892 dum
696 1841 771 1890 eam
786 1823 955 1898 corrigere
976 1817 1131 1894 negligis,
1189 1823 1366 1887 conventu
1392 1822 1433 1883 oe
1452 1820 1616 1891 Pretorio,
1631 1819 1825 1881 cistercien.
1839 1815 1979 1886 ominis,

334 1937 442 2000 {adias
454 1948 528 1996 esse
543 1931 646 2000 tuam,
661 1941 723 1986 ileo
744 1919 955 1984 restantem
974 1913 1134 1977 contritio
1189 1922 1330 1984 salutem
1345 1921 1378 1982 ei
1392 1917 1616 1996 Apostoliggm
1631 1914 1906 1977 benedictionem,

335 2035 495 2110 tanquam
519 2023 757 2102 negligentem,
788 2018 821 2080 et
843 2014 994 2092 tepidum
1022 2025 1135 2088 proee-
1227 2018 1333 2102 ausos
1358 2016 1552 2094 petentium,
1571 2016 1646 2085 ote,
1672 2026 1779 2086 reque
1803 2009 1980 2087 complere.

336 2131 416 2192 <iere
467 2122 717 2201 &inpellamus
750 2115 870 2177 Datum
909 2108 1077 2177 Laterani,
1105 2108 1134 2166 V
1189 2116 1383 2194 Eapropter,
1407 2115 1483 2185 etc„
1504 2126 1644 2172 assensu
1665 2108 1812 2172 decimas
1831 2107 1871 2168 de
1891 2107 1982 2168 Ver-

339 2225 415 2288 idus
431 2219 627 2292 decembris,
644 2231 731 2279 sere
745 2214 874 2275 eriere·
1188 2213 1301 2286 nolio,
1331 2209 1534 2273 monasterio
1562 2208 1674 2270 restro
1700 2221 1721 2268 a
1756 2203 1916 2266 Gautrido
1940 2203 1983 2265 de

1189 2310 1342 2373 Losduno
1356 2307 1478 2370 clerico
1493 2307 1534 2368 de
1548 2319 1689 2367 assensu
1702 2301 1904 2364 venerabilis
1918 2299 1983 2362 ira·

1188 2410 1249 2471 tris
1274 2406 1416 2469 nostri...
1441 2403 1654 2480 andegaven.
1683 2400 1830 2478 episcopi
1857 2397 1982 2460 intuitu

613 2507 617 2514 ‘
683 2541 794 2632 LVII
1189 2503 1322 2583 pletatis
1339 2503 1488 2574 oollatas,
1504 2501 1590 2562 siout
1611 2514 1669 2560 eas
1684 2499 1785 2576 juste,
1809 2496 1981 2568 canonice,

1189 2603 1221 2664 et
1235 2602 1374 2679 paoitioe
1388 2599 1576 2678 possidetis,
1597 2597 1630 2658 et
1652 2595 1688 2656 in
1709 2595 1873 2656 dictorum
1888 2593 1983 2670 epis-

358 2709 410 2768 Λα
429 2701 642 2768 eceteram,
658 2696 892 2756 senonensem
911 2685 1111 2760 arcbepcso.
1189 2700 1274 2777 copi,
1287 2701 1320 2760 et
1334 2695 1449 2759 clerici
1463 2695 1583 2757 literis
1598 2691 1984 2755 conreotrsoxmoeuioi-

600 2829 632 2886 fl
648 2823 781 2884 geoemp,
796 2821 876 2881 1223,
1188 2796 1243 2857 tur
1262 2793 1438 2865 contineri,
1454 2791 1548 2854 vobis
1566 2792 1600 2853 et
1620 2805 1681 2867 per
1700 2803 1760 2852 vos
1781 2788 1888 2850 eidem
1907 2802 1983 2848 mo-

1189 2891 1336 2955 nasterio
1367 2889 1565 2952 auctoritate
1588 2887 1778 2964 apostol-ios
1810 2881 1985 2948 conflrma-

1305 1603 1437 1660 Decimas
1449 1599 1484 1658 de
1498 1597 1633 1659 vernolio
1644 1597 1686 1655 eis
1700 1594 1860 1654 coufirmat.

362 2961 499 3026 [bouquet
510 2957 570 3009 Rae.
580 2951 625 3003 des
635 2949 712 3008 illst,
721 2947 790 3004 xlx,
800 2945 855 2995 739.
873 2944 982 3006 liegest„
993 2939 1038 2991 lib.
1046 2937 1113 2998 lllll,

660 3029 735 3094 ,pig
748 3025 813 3087 rm]
1189 3005 1273 3062 mus,
1288 2990 1321 3050 et
1346 2987 1521 3065 praesentis
1550 2985 1668 3062 scripti
1692 2981 1877 3061 patrocinio
1896 2997 1986 3042 oom-

339 3147 409 3208 Cum
431 3140 592 3202 Amelrious
606 3136 642 3194 de
656 3130 819 3194 Montelorti
838 3128 947 3186 viribus
970 3139 1043 3198 pene
1066 3123 1134 3181 deil-
1190 3087 1368 3158 munim&
1386 3086 1463 3147 dum
1475 3086 1589 3147 idfflffli
1604 3081 1688 3143 mliii
1702 3095 1763 3158 per
1776 3079 1840 3142 hee
1858 3081 1986 3156 praeju-

376 3239 464 3298 oeret,
479 3237 509 3288 et
528 3223 678 3298 albigensi
699 3229 774 3280 terra
795 3217 856 3292 jam
877 3221 1029 3288 cogeretur
1049 3211 1133 3270 (1000.
1190 3183 1314 3246 dicium
1331 3182 1520 3259 generetur.
1543 3180 1636 3242 Nulli
1658 3193 1749 3254 ergo,
1766 3179 1843 3249 eto,
1858 3177 1985 3238 nostrae

378 3320 447 3378 dere
461 3314 579 3374 mandat
590 3309 735 3368 Honorius
750 3312 790 3374 nt,
803 3317 888 3376 super
905 3301 1010 3359 indicte
1025 3298 1135 3356 clericis
1190 3280 1464 3350 confirmationis,
1479 3279 1541 3340 sie·
1559 3277 1594 3339 Si
1609 3277 1684 3354 quis
1700 3276 1822 3346 autem,
1841 3275 1904 3334 eie·
1916 3275 1986 3333 De·

377 3405 539 3464 reddituum
555 3398 704 3465 vicesima,
730 3392 867 3451 librarum
893 3391 1018 3464 quinque
1047 3387 1135 3443 millia
1190 3379 1260 3440 tum
1273 3379 1441 3450 Laterani,
1458 3378 1504 3438 III
1518 3375 1594 3436 idus
1607 3373 1803 3446 decembris,
1820 3385 1909 3434 anuo
1925 3385 1986 3432 oc-

378 3501 478 3554 mutuo
502 3487 623 3562 accipiat
648 3482 881 3554 archiepiscopus
905 3477 1092 3546 senonensis,
1108 3482 1137 3533 et
1189 3477 1277 3540 tago,

379 3581 523 3642 Amalrico
535 3575 717 3635 transmittat.

384 3705 552 3772 Honorius
578 3701 805 3778 episcopus...,
833 3690 1017 3756 venerabili
1040 3687 1137 3752 tratri
1543 3669 1631 3756 LIX

342 3787 1133 3882 archiepiscopoSenonensi[Gualterocoruuto]
1191 3817 1242 3875 Ad
1269 3815 1523 3876 mmmmm
1562 3811 1868 3884 arehiepiscopum,
1898 3809 1985 3868 Lin-

346 3900 578 4013 saluiemgms·
1028 3981 1034 3994 ¹
1217 3908 1952 3990 goueucemoesbvanecrengemepiscopos.

388 3999 536 4065 Sollrcrte
551 3990 771 4061 intendentes,
786 3987 822 4048 ut
836 3983 877 4046 ad
898 3981 1136 4046 relevationem
1448 4039 1481 4096 fl
1495 4038 1625 4098 decemb.
1644 4037 1722 4098 lm·

345 4096 473 4174 negotii
487 4091 574 4170 quod
589 4091 625 4150 in
639 4086 789 4165 partibus
801 4080 1046 4157 albigensibus,
1063 4079 1138 4140 exi-
1841 4106 1845 4112 ,

345 4193 499 4275 gentibus
509 4185 624 4267 populi
637 4179 811 4245 christiani
824 4177 980 4256 peccatis,
996 4175 1137 4238 misera·
1331 4149 1843 4219 [seuque.aee.eeslmr.,x1x,ral.]
2036 4238 2042 4246 Ι

345 4291 459 4356 biliter
485 4284 536 4348 est
561 4282 757 4357 collapsum,
783 4273 983 4336 fraternitati
997 4275 1064 4336 tuae
1078 4287 1138 4350 per
1191 4267 1366 4329 ludovicum
1386 4271 1560 4327 Francorum
1586 4281 1685 4340 regern
1714 4267 1829 4337 adeant,
1848 4273 1887 4334 et,
1902 4265 1984 4322 lectis

344 4384 534 4468 apostoliea
551 4377 673 4455 scripta
692 4372 899 4444 mandamus,
918 4372 1080 4448 quatenus
1095 4365 1139 4429 ad
1226 4357 1429 4417 eidemlilteris
1439 4356 1475 4414 de
1482 4353 1986 4428 suscipiendoadversusAlbigeuses

346 4499 429 4563 opus
442 4475 593 4557 praedicti
605 4471 741 4549 negotii,
758 4485 800 4531 ne
815 4467 1018 4530 dissolvatur
1036 4466 1135 4544 peni.
1157 4491 1158 4494 κ
1226 4445 1311 4515 bello,
1329 4459 1396 4504 eum
1417 4443 1602 4502 vehementer
1623 4443 1772 4500 hortentur
1792 4441 1829 4500 ed
1851 4441 1983 4500 iacienda

345 4586 414 4654 tus,
439 4579 472 4641 et
497 4571 618 4637 nobilis
633 4570 685 4633 vir
706 4565 893 4631 Amalrious
908 4579 1018 4627 comes
1039 4563 1138 4624 Tolo-

346 4692 448 4743 sanus
463 4672 557 4737 exire
578 4671 669 4733 terra
684 4666 717 4727 et
731 4665 840 4742 ipsum
861 4662 1015 4723 deserere
1030 4676 1136 4736 nego·
1170 4648 1172 4656 ¹
1232 4659 1401 4721 Honorius
1416 4658 1641 4734 episcopus...,
1655 4654 1902 4718 venerabilibus
1913 4653 1985 4716 lra-

345 4779 429 4842 tium
444 4767 672 4847 compellatur,
694 4763 838 4840 quinque
855 4759 960 4818 millia
977 4755 1138 4817 librarum
1192 4756 1298 4818 tribus
1321 4754 1572 4831 archiepiscopo
1596 4751 1798 4814 Biturioensi
1814 4749 1873 4832 (1),
1897 4751 1982 4813 Lin-

345 4875 462 4937 mutuo
477 4858 899 4944 absquedispendiomorae
914 4853 1068 4929 recipias,
1080 4869 1140 4930 pe-
1192 4853 1332 4930 goneusi
1347 4850 1394 4931 (2)
1408 4852 1441 4912 et
1466 4849 1706 4913 silvaneetensi
1730 4848 1777 4930 (3)
1805 4849 1981 4927 episcopis,

346 4969 479 5035 cuniam
494 4957 684 5041 huiusmodi
700 4954 804 5017 eidem
822 4951 946 5021 comiti,
961 4949 1041 5009 siin
1061 4965 1140 5025 par·
1193 4950 1345 5021 salutem,
1360 4949 1422 5010 eto.

346 5069 436 5133 iilius
454 5063 523 5124 iilis
536 5052 746 5122 remanserit,
766 5047 1036 5118 transmissurus,
1064 5063 1139 5108 eum
1232 5043 1848 5121 uraternitativestraeper-apostolica
1860 5043 1984 5120 scripta

346 5178 447 5242 super
459 5155 641 5238 rrovinciae
655 5155 722 5213 tue
744 5145 915 5217 vicesima,
944 5159 1017 5221 me
1041 5143 1139 5220 lenge
1193 5143 1399 5214 mandemus,
1410 5143 1442 5204 et
1452 5142 1487 5203 m
1497 5140 1823 5205 virtuteoueuentrae
1834 5140 1985 5201 districte

347 5263 422 5342 plus
435 5259 549 5320 valere
563 5250 697 5320 dicitur,
711 5241 901 5322 hariusmodi
915 5241 1065 5302 mutuum
1079 5257 1141 5303 va·
1192 5241 1417 5317 praecipimus,
1447 5240 1610 5316 quatenus
1636 5237 1678 5299 ad
1703 5239 1913 5304 carissimum
1949 5237 1984 5298 111

347 5363 417 5423 leas
432 5356 505 5418 sine
519 5353 576 5414 tuo
598 5345 748 5421 recipere
774 5338 991 5412 detrimento;
1015 5337 1140 5400 nihilo·
1194 5337 1325 5398 Christo
1341 5337 1445 5398 fllium
1460 5351 1573 5412 regem
1587 5337 1791 5397 Francorum
1807 5335 1983 5406 illustrem,

347 5459 458 5520 minus
479 5443 684 5530 postmodum
706 5437 793 5518 quod
818 5435 858 5497 de
879 5436 955 5512 ipsa
980 5435 1139 5498 vicesima
1194 5451 1268 5498 oum
1283 5433 1404 5496 litteris
1420 5448 1615 5511 quassuper
1629 5433 1716 5496 laeto
1731 5431 1902 5510 albigensi
1925 5449 1985 5510 per

1227 4549 1291 4607 quse
1306 4533 1398 4606 poscit
1412 4533 1565 4590 Honorius.

384 5615 425 5690 (l)
442 5599 737 5670 SimonideSuliaco.
777 5593 998 5668 (tillugouidc
1014 5593 1213 5666 monteregali.
1252 5591 1291 5666 (3)
1307 5592 1421 5651 Garine.
1459 5585 1461 5590 ’
