4258 6394
176 367 348 428 437¹

179 525 309 602 damus,
326 527 500 606 quatenus,
517 525 546 588 si
561 527 683 590 dictam
703 528 974 592 excommunica-

176 625 280 688 tionis
293 625 491 688 sententiam
505 625 580 704 post
593 625 783 704 hujusmodi
794 625 973 704 apellatio·

177 735 255 783 nem
278 722 477 785 inveneritis
502 737 575 784 esse
596 721 710 795 latam,
739 722 973 785 denuntiantes

179 834 254 882 eam
273 821 405 898 penitus
429 837 496 882 non
519 820 647 893 tenere,
675 821 712 882 in
739 821 856 883 eadem
871 836 973 882 causa

173 918 273 996 juxta
286 917 434 996 priorum
445 918 633 981 litterarum
648 919 899 992 continentiam,
911 933 973 982 ra-

178 1013 270 1078 tione
285 1017 410 1094 previa
424 1016 629 1095 procedatis;
642 1017 791 1095 alioquin
802 1019 916 1095 partes
931 1016 974 1078 ad

180 1113 329 1192 priorum
338 1113 489 1191 iudicum
505 1113 683 1176 remittatis
696 1129 849 1188 examen,
863 1113 976 1192 appel-

179 1209 288 1274 lantes
302 1211 338 1272 in
353 1212 510 1290 expensis
533 1198 691 1290 legitimis
710 1211 972 1275 condemnando.

180 1309 295 1372 Testes
321 1309 431 1374 autem
458 1310 516 1388 qui
530 1310 656 1373 suerint
681 1309 856 1380 nominati,
881 1310 911 1371 si
939 1324 976 1370 se

180 1406 301 1482 gratia,
322 1405 399 1469 odio
424 1406 478 1468 vel
504 1407 625 1470 timore
651 1407 890 1480 subtraxerint,
915 1421 976 1484 per

182 1519 356 1566 censuram
372 1504 646 1578 ecclesiasticam,
660 1505 884 1582 appellatione
897 1519 975 1566 ces-

183 1599 290 1673 sante,
311 1599 439 1678 cogatis
463 1601 596 1663 veritati
611 1600 837 1664 testimonium
857 1600 975 1679 perhi-

181 1697 273 1762 bere.
289 1699 382 1772 Quod
404 1699 432 1761 ei
447 1715 514 1762 non
529 1715 644 1762 omnes
667 1700 721 1762 his
750 1701 977 1779 exsequendis

182 1796 358 1874 potueritis
371 1795 545 1870 interesse,
560 1797 626 1859 duo
640 1802 788 1860 vestrum
803 1813 842 1860 ea
853 1797 979 1860 nibilo-

183 1893 295 1956 minus
303 1893 537 1971 exsequantur.
545 1895 663 1957 Datum
671 1895 846 1972 Anagniae,
854 1897 885 1957 11
897 1911 975 1957 non.

185 1988 341 2066 octobris,
357 1990 569 2068 pontificatus
583 1993 690 2054 nostri
702 2007 790 2055 anno
805 1992 933 2056 octavo

514 2367 649 2456 XVIII

185 2539 238 2600 Ad
251 2538 460 2616 magistrum
480 2537 515 2600 et
538 2538 671 2612 patres
698 2537 832 2600 murtae
851 2538 979 2613 Templi

471 2636 510 2696 tn
525 2637 690 2696 Francia.

469 2778 592 2838 doctob.
609 2780 690 2840 2223.

203 2921 325 2990 [aegeon
338 2920 385 2974 lib.
396 2921 463 2982 vin,
473 2921 548 2987 epist.
558 2920 599 2972 di.
609 2921 668 2972 lies.
687 2921 724 2974 Le
736 2921 812 2972 Porto
822 2921 858 2974 du
868 2920 963 2987 rnen]

188 3065 302 3126 inhibet
325 3079 361 3124 ne
384 3064 592 3138 possessiones,
620 3063 657 3121 ad
680 3061 838 3122 dominium
863 3061 980 3121 fratrum

223 3153 333 3211 militie
347 3152 456 3224 Templi
471 3153 656 3226 pertinentes,
673 3151 709 3210 ab
724 3150 866 3226 aliquibus
879 3152 981 3212 Cister-

175 3323 179 3328 .
224 3241 331 3300 ciensis
349 3241 458 3298 ordinis
473 3239 634 3314 comparari
650 3240 770 3314 possint.

228 3387 408 3458 Honorius,
429 3387 505 3458 etc,
530 3383 661 3447 dilectis
676 3384 793 3447 iliis...
821 3385 980 3463 magistro

188 3486 223 3548 et
235 3483 394 3547 tratribus
408 3483 537 3545 militiae
552 3481 680 3560 Templi
695 3483 731 3544 in
745 3483 902 3557 Francia,
925 3499 983 3545 sa-

188 3581 291 3645 lutem
306 3583 339 3644 et
349 3581 574 3658 apostolicam
587 3578 865 3644 benedictionem.

230 3681 336 3752 Quum
362 3678 450 3740 sicut
469 3691 513 3739 ex
535 3678 630 3755 parte
653 3677 841 3740 devotionis
861 3679 982 3742 vestrae

189 3776 253 3839 luit
266 3775 389 3843 nostris
402 3774 541 3836 auribus
555 3775 757 3848 intimatum,
781 3776 915 3854 quidam
928 3776 983 3840 ab·

189 3873 294 3947 bates,
310 3872 440 3949 priores
455 3871 488 3934 et
508 3870 666 3933 monaehi
681 3872 875 3936 cistercien.
890 3874 984 3936 ordi·

189 3971 255 4045 nis,
267 3969 300 4032 et
309 3969 366 4031 alli
377 3969 441 4032 viri
452 3968 603 4045 religiosi
613 3971 980 4047 terraspossesstones,

190 4068 224 4132 et
234 4067 383 4130 redditus
397 4066 439 4128 ad
454 4065 601 4128 vestrum
614 4065 797 4128 dominium
811 4067 984 4144 pertinen·

189 4164 399 4228 tesavestris
409 4162 599 4224 hominibus
609 4176 805 4240 comparare
815 4166 850 4226 et
859 4178 984 4242 appro-

190 4263 302 4340 priare
316 4260 392 4333 sibi,
402 4259 498 4323 vobis
512 4259 640 4334 invitis,
655 4261 692 4320 in
699 4261 848 4323 vestrum
861 4277 984 4338 grava-

190 4375 268 4422 men
293 4361 328 4422 et
349 4357 579 4436 praejudicium
614 4373 681 4419 non
704 4357 894 4434 formident,
921 4377 983 4424 nos

189 4455 311 4520 vestris
337 4457 371 4518 et
397 4456 519 4518 vestrae
554 4455 671 4516 domus
709 4454 983 4520 indemnitatibus

190 4569 392 4633 precavere,
405 4554 565 4630 quantum
579 4567 654 4614 cum
674 4555 742 4615 Deo
754 4554 788 4615 et
809 4554 983 4618 honestate

191 4666 381 4730 possumus,
397 4650 583 4728 cupientes,
601 4665 644 4712 ne
653 4650 736 4712 talia
750 4650 792 4712 de
806 4653 928 4715 caetero
941 4652 983 4716 ab

193 4747 362 4826 aliquibus
380 4747 594 4820 attententur,
611 4747 808 4810 auctoritate
831 4764 983 4827 presen-

190 4845 274 4908 tium
285 4844 470 4908 districtius
483 4843 684 4907 inhibemus.
696 4845 788 4907 Nulli
801 4861 880 4922 ergo
897 4845 984 4909 hanc

188 4943 344 5022 paginam
354 4943 477 5004 nostroe
487 4939 697 5004 inhibitionis
709 4941 905 5019 intringere,
916 4946 980 5007 etc.

191 5041 228 5104 si
241 5041 316 5120 quis
331 5039 453 5111 autem,
472 5039 535 5100 eto.
553 5039 672 5100 natum
685 5039 859 5116 Anagniae,
875 5043 906 5102 li
921 5057 984 5104 no-

189 5153 251 5202 nas
266 5136 424 5206 octobris
437 5151 527 5198 anno
542 5135 672 5197 octavo.

230 5309 440 5370 [secumdam
459 5307 599 5368 morium
613 5303 836 5382 scriptumest
854 5308 982 5384 magis-

191 5407 243 5470 tro
258 5403 291 5467 et
304 5402 463 5466 iratribus
487 5402 617 5465 militiae
640 5402 768 5480 Templi
791 5403 827 5466 in
850 5406 982 5484 anglia.

779 365 1008 430 sersaonm.
1032 366 1111 428 nm.
1134 331 1220 430 vm.

1716 335 1720 348 ’
1761 355 1821 419 leo

1378 529 1470 620 XIX

1048 690 1102 749 Ad
1122 691 1287 750 Tboozam
1300 684 1577 761 strigoniensem
1596 681 1800 756 archiepisc.

1304 817 1320 874 7
1339 813 1433 872 octob.
1462 811 1542 870 litt.

1184 940 1275 1006 [Fater.
1285 939 1370 992 Codex
1383 936 1505 1002 niplom,
1518 933 1666 997 111,1,tts.]

1030 1065 1063 1124 ni
1089 1063 1220 1124 concedit
1244 1071 1276 1122 ut
1299 1062 1467 1137 prebendas
1490 1069 1593 1120 tenues
1618 1057 1822 1118 canonicorum

1064 1168 1181 1212 suorum
1196 1167 1213 1210 e
1227 1151 1412 1226 proventibus
1425 1150 1598 1224 capellarum
1612 1149 1822 1222 inperpetuum

1066 1240 1308 1302 annectendamm
1320 1247 1508 1316 augmentare
1527 1237 1626 1312 possit.

1070 1377 1249 1450 Honorius,
1293 1377 1369 1448 etc.,
1403 1373 1657 1452 archiepiscopo
1696 1369 1825 1447 strigo-
1877 1447 1882 1452 Ι

1030 1474 1152 1547 niensi,
1169 1473 1245 1546 etc,
1260 1472 1413 1535 salutem.

1071 1572 1227 1649 Experto
1241 1572 1299 1634 tua
1314 1569 1409 1632 nobis
1428 1567 1491 1632 luit
1506 1565 1679 1629 humiliter
1697 1563 1825 1642 suppil-

1032 1669 1153 1742 catum,
1170 1669 1207 1730 ut
1223 1684 1335 1748 quum,
1364 1667 1451 1729 sicut
1475 1665 1611 1738 asseris,
1637 1660 1825 1740 praebendae

1033 1765 1273 1843 strigoniensis
1283 1763 1433 1827 ecclesiae
1446 1763 1564 1826 tenues
1577 1760 1644 1823 sint
1651 1757 1826 1838 aequaliter

1032 1863 1066 1926 et
1079 1861 1196 1935 exiles,
1213 1863 1254 1924 de
1266 1863 1380 1924 nostra
1396 1859 1615 1939 permissione
1631 1855 1749 1918 liceret
1762 1869 1824 1918 ca-

1031 1961 1161 2024 nonicis
1173 1958 1456 2035 strigoniensibus
1471 1957 1513 2018 ad
1526 1953 1754 2034 provisionem
1767 1967 1826 2015 eo-

1031 2073 1107 2120 rum
1121 2056 1308 2134 aagendam
1335 2054 1498 2118 conferre.
1512 2055 1635 2116 Verum
1658 2051 1737 2114 licet
1749 2063 1829 2127 per-

1033 2171 1149 2218 sonam
1164 2155 1254 2216 tuam
1279 2151 1465 2216 sinceroin
1493 2150 1625 2213 Christo
1650 2148 1828 2224 diligamus

1032 2252 1166 2325 affectu,
1179 2251 1287 2329 parati
1298 2251 1458 2329 quantum
1473 2264 1549 2312 cum
1567 2250 1635 2309 Deo
1651 2258 1827 2324 possumus

1033 2350 1100 2412 tuis
1113 2351 1198 2412 votis
1214 2349 1359 2410 libenter
1372 2361 1533 2419 annuere,
1556 2361 1596 2408 ac
1620 2343 1827 2407 condescen-

1033 2445 1113 2509 dere
1125 2445 1321 2525 postulatis3
1338 2445 1417 2523 quia
1430 2445 1542 2506 tamen
1555 2458 1616 2519 per
1637 2440 1702 2504 hoc
1720 2438 1828 2501 statu-

1033 2543 1077 2606 tis
1087 2544 1306 2620 derogaretur
1317 2540 1485 2617 generalis
1502 2537 1654 2610 concilii,
1669 2552 1742 2614 quae
1762 2550 1827 2598 vo-

1033 2640 1144 2702 lumus
1166 2641 1364 2702 inconcusse
1390 2637 1530 2708 servari,
1552 2637 1586 2698 te
1603 2635 1668 2696 hac
1681 2633 1716 2694 in
1732 2631 1827 2709 parte

1033 2737 1245 2815 nequivimus
1260 2734 1431 2798 exaudire.
1449 2737 1555 2796 Porro
1570 2747 1671 2809 super
1682 2729 1827 2806 gratiam

1033 2834 1095 2896 tibi
1129 2849 1150 2895 a
1184 2832 1281 2894 nobis
1316 2831 1499 2894 exhibitam
1527 2829 1670 2906 gratiam
1698 2825 1829 2888 iacien-

1033 2931 1096 3003 tes,
1133 2929 1336 2992 fraternitati
1366 2928 1434 2991 tuae
1462 2925 1676 3006 praesentium
1709 2922 1828 2986 aucto-

1034 3028 1134 3091 ritate
1157 3027 1381 3099 concedimus,
1407 3025 1444 3088 ut
1469 3023 1499 3086 si
1522 3023 1661 3086 evidens
1680 3019 1831 3084 necessi-

1034 3127 1099 3198 tas,
1112 3124 1166 3186 vel
1181 3123 1308 3186 utilitas
1328 3121 1453 3200 exigat,
1474 3120 1624 3183 ecclesiae
1637 3115 1828 3180 memoratae

1035 3221 1230 3300 praebendas
1241 3220 1281 3282 de
1292 3219 1429 3297 capeliis
1445 3218 1687 3296 inperpetuum
1702 3229 1829 3277 annec-

1035 3319 1144 3382 tendis
1156 3318 1280 3380 eisdem
1291 3317 1405 3379 valeas
1419 3316 1506 3378 sicut
1522 3313 1723 3377 discretione
1737 3327 1828 3392 prae-

1035 3417 1091 3479 via
1119 3415 1278 3493 expedire
1312 3413 1449 3486 videris,
1479 3411 1706 3489 augmentare.
1738 3407 1830 3472 Nulli

1035 3529 1116 3590 ergo
1126 3513 1261 3576 omnino
1270 3511 1442 3574 hominum
1453 3509 1649 3572 liceathanc
1660 3507 1828 3584 paginam,

1036 3611 1098 3674 etc.
1116 3610 1152 3670 si
1167 3609 1242 3688 quis
1256 3609 1367 3671 autem
1387 3608 1453 3669 boc
1467 3606 1631 3669 attentare
1645 3618 1831 3682 presump-

1037 3708 1130 3779 serit,
1159 3705 1423 3784 indlgnetionem
1445 3701 1682 3780 omnipotentis
1707 3700 1767 3761 Dei
1797 3699 1830 3761 et

1036 3805 1210 3867 beatorum
1225 3801 1318 3864 Petri
1339 3802 1373 3864 et
1395 3801 1493 3862 Pauli
1516 3798 1741 3878 apostolorum
1756 3797 1830 3872 ejus
1864 3879 1868 3889 Ι

1037 3917 1073 3964 se
1104 3900 1235 3963 noverit
1261 3899 1486 3961 incursurum.
1511 3897 1631 3959 Datum
1656 3892 1829 3969 Anagnis,

1038 3997 1136 4060 nonis
1151 3996 1308 4070 octobris,
1323 3994 1537 4074 pontificatus
1549 3992 1657 4056 nostri
1672 4004 1760 4053 anno
1772 4004 1832 4052 oo·

1037 4097 1126 4160 tavo.

1399 4350 1471 4438 XX

1083 4497 1136 4558 Ad
1159 4497 1499 4558 Httdeusbemersscm
1515 4492 1550 4555 et
1573 4493 1791 4554 Mircdcasem

1340 4595 1525 4665 episcopos.

1321 4724 1337 4781 7
1356 4720 1450 4782 octob.
1467 4721 1546 4780 2223.

1065 4847 1183 4915 [Wonolq
1198 4846 1331 4898 llmsischo
1344 4843 1578 4910 Lendesgeschiote,
1595 4841 1807 4908 11,ttt,n.tot.]

1038 4977 1074 5034 Ut
1089 4973 1184 5032 abbati
1208 4980 1237 5032 et
1257 4969 1411 5031 conventui
1430 4969 1596 5028 monasterii
1614 4967 1650 5026 de
1669 4967 1830 5026 Helmwar·

1073 5062 1228 5132 desbusen,
1247 5059 1383 5131 chrisma,
1407 5060 1503 5118 oleum
1525 5063 1667 5128 sanctum,
1691 5064 1759 5128 etc,
1774 5057 1830 5114 im·

1072 5150 1210 5225 pendant.

1077 5275 1244 5339 Honorius
1253 5274 1439 5354 episcopus,
1448 5289 1564 5335 servus
1576 5287 1748 5335 servorum
1757 5271 1829 5345 Dei,

1037 5373 1284 5438 venerabilibus
1300 5371 1591 5433 Hildenshemensi
1616 5373 1649 5433 et
1666 5369 1832 5431 Mindensi

1038 5470 1216 5549 episcopis,
1233 5467 1374 5532 salutem
1388 5470 1421 5531 et
1434 5468 1659 5547 apostolicam
1670 5465 1832 5528 benedic-

1038 5571 1175 5633 tionem.

1080 5664 1173 5728 Sicut
1186 5663 1412 5728 intelleximus
1423 5661 1662 5728 monasterium
1673 5660 1713 5724 de
1724 5661 1833 5724 llelm·
