4274 6388
178 281 239 348 285
785 281 1013 348 EPISTOLAE.
1037 276 1115 345 nie.
1133 279 1208 346 vit.
1743 283 1819 349 ,286

179 441 380 521 diota,·quod
393 441 509 506 eadem
521 455 588 504 non
600 439 794 520 praejudicet
801 441 872 520 idm
885 441 971 506 dicto
1025 441 1186 504 moratam
1195 435 1454 519 inipsonapono
1465 444 1570 520 lisque
1580 439 1623 504 ad
1633 440 1819 509 mmmdcc

173 539 358 617 praeposito
366 539 420 600 vel
429 541 502 616 ejus
512 537 664 600 ecclesiae
675 537 710 598 in
722 537 863 610 actione,
874 551 972 616 qnam
1025 536 1199 600 sentemiae
1213 533 1378 600 calculum
1390 537 1554 602 duxeritis
1562 540 1818 618 procedendum,

180 635 296 697 contra
308 635 483 698 Nicolaum
498 635 531 697 ct
545 635 645 696 Olbos
658 633 795 696 comites
807 635 973 696 etismae-
1024 634 1157 697 andem
1171 636 1283 697 tamen
1295 634 1410 712 elapso
1433 635 1576 699 termino
1590 637 1632 698 ad
1647 637 1817 702 arbitrari·
1935 647 1938 654 '

179 731 320 794 litasse
345 731 841 808 haberedicebatpraepositus
867 745 974 808 saepe-
1023 728 1103 792 dum
1131 730 1287 808 prastino,
1315 731 1357 792 ad
1390 731 1658 795 terminationem
1692 735 1821 812 negotii

180 828 300 890 dictus.
322 827 480 889 Promisit
493 828 594 890 etiam
614 827 772 904 praelatus
789 825 973 905 'Gregorius
1025 828 1162 890 minime
1180 827 1406 904 processistis3
1431 830 1566 906 propter
1591 831 1677 907 quod
1703 832 1819 894 eadem

180 927 361 987 sedentum
374 925 593 1001 quadraginta
609 939 699 998 ores,
714 939 797 1001 quas
811 925 877 1002 ipsi
891 939 974 1002 prae·
1022 926 1199 1002 jussuum
1227 939 1294 985 non
1332 925 1439 1005 potuit
1472 924 1630 988 obtinere.
1660 928 1817 1000 volentes

179 1021 287 1098 posito
298 1019 445 1093 abstulit,
453 1020 572 1094 eidem,
580 1035 678 1098 quarn
689 1017 973 1098 cito'iiungariam
1026 1017 1173 1092 igiturut
1187 1017 1264 1078 finis
1283 1017 1397 1080 litibus
1413 1018 1612 1096 imponatur,
1623 1019 1817 1084 discretioni

179 1116 365 1189 intraverit,
395 1116 610 1179 redditurum.
641 1118 734 1179 Licet
758 1117 861 1194 igitur
886 1117 973 1178 idem
1026 1114 1145 1177 vestra
1169 1127 1228 1190 per
1246 1114 1437 1191 apostoliea
1460 1116 1585 1194 scripta
1599 1117 1816 1191 mandamus,

180 1213 360 1290 Gregorius
373 1213 532 1291 qnantum
547 1213 588 1275 ad
601 1214 868 1292 impetrationem
882 1213 974 1276 litte-
1026 1211 1188 1289 quamnus
1198 1210 1348 1288 partibus
1362 1212 1554 1274 convocatis
1563 1212 1723 1290 inspectis
1734 1214 1819 1277 actis

180 1325 295 1374 rarum
309 1311 497 1372 nostrarum
518 1311 792 1388 compositionem
814 1325 881 1373 non
900 1325 974 1372 ser·
1025 1307 1202 1380 clauditis,
1215 1307 1819 1387 siquaedejureluerintproponenda,

180 1407 310 1470 raverit
327 1408 563 1485 supradictam,
586 1407 736 1470 volentes
755 1408 868 1470 tamen
887 1406 971 1484 quod
1028 1414 1163 1465 causam
1196 1404 1304 1482 Ipsam
1328 1405 1509 1466 secundum
1536 1406 1767 1470 attestationes
1785 1411 1823 1472 et

181 1503 217 1566 in
240 1503 318 1566 allis
348 1503 496 1566 obtineat
518 1503 662 1566 debitam
689 1501 890 1572 firmitatem,
915 1517 975 1580 per
1027 1499 1255 1563 contessiones
1277 1501 1434 1578 praelatas
1453 1502 1487 1564 et
1509 1503 1658 1564 rationes
1677 1504 1773 1579 alias,
1789 1505 1821 1567 si

181 1598 370 1678 apostolica
384 1599 479 1662 robis
494 1600 617 1678 scripta
631 1600 838 1672 mandamus,
858 1599 975 1677 quam·
1027 1611 1110 1676 quas
1124 1597 1165 1658 de
1176 1599 1253 1675 jure
1263 1597 1418 1660 sidentis
1438 1597 1671 1673 admittendas,
1685 1601 1819 1664 sublato

181 1711 245 1759 nus
268 1697 360 1758 illam
377 1697 418 1758 de
439 1697 559 1760 caetero
581 1697 713 1761 iacietis
730 1696 975 1760 'inviolabiliter
1027 1691 1260 1770 appellationis
1276 1693 1458 1767 obstaculo,
1474 1693 1509 1755 si
1533 1694 1574 1756 de
1587 1695 1731 1772 partium
1747 1710 1820 1760 ¹vo-

181 1793 365 1880 obserrari,
397 1793 579 1856 secundum
611 1792 751 1856 formam
781 1807 974 1870 expressam
1027 1789 1154 1852 luntate
1177 1791 1388 1867 processerit,
1404 1789 1470 1852 dne
1487 1790 1598 1853 debito
1619 1793 1819 1868 terminetis,
1892 1797 1895 1803 '

166 1889 348 1968 superius,
376 1889 598 1966 appellatione
628 1889 823 1967 postposita,
855 1903 976 1966 proce·
1027 1885 1187 1949 iacientes
1201 1885 1724 1963 quod‘decrereritisauctoritate
1738 1905 1819 1951 nos-

182 1985 419 2057 dendo,'nullis
436 1986 556 2048 litteris
570 1983 776 2048 obstantibus
790 1985 975 2046 barum'te-
1026 1985 1079 2044 tra
1101 1982 1241 2045 tirmiter
1259 1981 1441 2045 observari.
1458 1983 1615 2061 Alioquin
1629 2000 1703 2046 eam
1725 1985 1815 2048 suffl-

181 2097 265 2144 ncre
285 2083 386 2144 tacito
412 2097 433 2144 a
460 2081 543 2144 sede
562 2082 752 2160 Apostolica
775 2081 972 2159 impetratis.
1025 2079 1154 2142 cienter
1177 2079 1375 2142 instructam
1403 2079 1453 2141 ‘ad
1488 2080 1688 2157 apostoncae
1723 2082 1821 2144 Sedis

182 2178 275 2250 Quod
296 2178 326 2238 si
346 2193 412 2240 non
432 2193 557 2250 omnes,
575 2179 636 2240 etc.
660 2177 779 2241 Datum
803 2178 971 2250 Laterani,
1027 2176 1204 2238 remittatis
1243 2187 1385 2238 examen
1421 2177 1631 2254 spargentes
1662 2177 1820 2256 partibus

182 2275 214 2336 ΙΙ
236 2274 398 2336 kalendas
419 2274 596 2357 februarii,
619 2275 841 2353 :ponnncatus
867 2275 981 2360 nostri
1027 2273 1205 2334 terminum
1215 2273 1466 2350 competentem,
1479 2289 1545 2352 quo
1558 2277 1824 2338 senostro-cons·

182 2382 272 2434 anno
287 2371 438 2450 septimo.
1016 2369 1138 2451 pastui
1151 2371 1537 2448 representantjaaam,
1555 2371 1656 2434 dante
1666 2373 1819 2448 Domino,

1028 2461 1226 2529 sententiam
1239 2467 1434 2544 recepturae.
1450 2467 1543 2540 Quod
1564 2468 1596 2530 si
1611 2483 1819 2544 nonomnes,

1025 2565 1090 2626 eto.
1106 2559 1225 2627 Datum
1252 2564 1419 2638 Laterani,
1445 2566 1475 2626 ii
1489 2565 1623 2628 kalend.
1636 2565 1818 2642 rsbruarii,

508 2648 652 2735 LXVII
1015 2660 1625 2740 pontinatmaostriannoseptimo.

182 2782 576 2860 lassataslasatas
598 2799 639 2860 ce
666 2799 756 2860 aaa
776 2797 973 2868 cometen,

223 2883 257 2957 tt
288 2879 497 2970 medisinam
542 2888 736 2956 albericum
771 2895 976 2956 cananaeam

223 2981 451 3054 rosacea
477 2993 527 3052 W.
543 2990 721 3080 'Redones
745 2992 974 3052 cenomanen.
1342 2978 1507 3076 LXVIII

211 3087 414 3149 'mmmm'
437 3161 481 3239 «ἐι
490 3165 710 3254 mmm
1088 3136 1141 3196 Ad
1154 3137 1427 3210 archiepiscopos
1441 3137 1476 3199 ct
1495 3139 1760 3214 epitomasse.

202 3287 669 3369 [aagst.,iih.v11,⁴apist:totns.
684 3301 806 3353 caroea
820 3301 854 3354 uu
863 3299 957 3366 rusti]
1288 3263 1460 3337 ³¹1³¹¹¹¹³ffi
1475 3267 1555 3326 ¹²²3·

185 3425 421 3488 mmmmm
439 3424 669 3485 domomum
686 3425 975 3498 mmmmm
1069 3387 1205 3454 [Strehlke,
1216 3387 1320 3440 Tabula
1330 3389 1385 3442 ord.
1399 3389 1561 3452 Thcutonici,
1571 3405 1597 3458 p.
1607 3385 1664 3452 326,
1676 3405 1702 3444 n.
1711 3393 1781 3460 ³83]

220 3516 379 3588 anglorum
393 3515 534 3587 reginem,
552 3519 582 3572 et
599 3514 791 3572 Cenomanos.
808 3515 975 3588 episcopum
1029 3513 1171 3572 Honorius
1185 3511 1265 3586 jubet
1280 3513 1411 3586 praelatos
1425 3513 1532 3572 ordinis
1543 3515 1716 3576 ¹'theutonici
1731 3518 1818 3591 privi-

209 3603 384 3662 *tcrminent
1063 3601 1140 3674 legia
1155 3600 1318 3673 apostoliea
1332 3601 1440 3674 legere,
1461 3601 1625 3674 observare,
1640 3604 1818 3664 obseruanda

215 3718 403 3791 'Honorius
439 3717 514 3790 etc„
549 3717 678 3780 dilectis
712 3717 829 3779 tiliis...
852 3716 976 3780 abbati
1064 3703 1175 3746 We·

172 3813 402 3877 -SanctiPetri
417 3813 458 3875 de
467 3813 561 3876 Valle
574 3815 764 3887 carnoten,
774 3814 810 3876 et
817 3815 976 3891 magistro
1069 3813 1237 3876 Honorius
1246 3813 1430 3890 episcopus,
1442 3830 1557 3878 servus
1566 3831 1738 3879 servorum
1746 3820 1817 3894 Del,

185 3909 340 3972 moerico
349 3909 796 3982 canonicoParisien.,·etW.
806 3909 975 3972 Redones.
1030 3909 1276 3972 venerabilibus
1309 3909 1468 3972 iratribus
1504 3912 1763 3992 archiepiscopis
1787 3918 1826 3979 et.

187 4009 410 4069 cenomanen.
433 4007 615 4079 canonicis,
628 4007 772 4082 'salutem
784 4007 822 4070 et
831 4007 976 4084 Aposto-
1031 4005 1821 4085 episcopis,etc,salutemotapostoiicamiene-

187 4094 287 4165 licam
302 4103 577 4165 benedictionem.
1032 4103 1222 4165 dictionem.

225 4201 276 4261 Ex
299 4199 393 4276 parte
414 4198 597 4260 carissima
610 4197 645 4260 in
669 4197 799 4262 Christo
824 4199 903 4260 tiliae
926 4201 976 4271 B„
1073 4201 1109 4262 Si
1130 4199 1334 4273 discrimina,
1366 4199 1578 4278 quae'dilecti
1608 4203 1670 4265 niti
1698 4205 1820 4270 iratres

185 4295 350 4373 quondam
372 4295 555 4370 angiorum
570 4295 704 4370 *reginae
728 4295 888 4369 illustris,
916 4295 979 4357 luit
1031 4295 1213 4373 Hospitalis
1238 4295 1368 4358 Sanctae
1395 4297 1511 4360 Mariae
1543 4299 1822 4367 Tbeutonicorum

185 4391 389 4469 propositum
410 4406 522 4453 eoram
541 4389 648 4463 nobis,
666 4391 751 4468 quod
779 4408 879 4469 quum
903 4393 978 4469 ipsa
1031 4392 1324 4469 Hierosolymitani
1340 4407 1400 4470 pro
1418 4393 1611 4457 defensione
1625 4397 1822 4462 christiani-

186 4487 311 4550 diutius
338 4489 441 4566 super
452 4487 593 4548 dirersis
614 4487 765 4548 articulis
786 4503 898 4550 coram
926 4487 980 4550 di·
1030 4489 1108 4551 tatis
1121 4488 1269 4567 quotidie
1288 4490 1455 4552 sustinent
1477 4491 1513 4553 in
1535 4493 1685 4570 partibus
1707 4496 1822 4559 trans-

185 4582 468 4662 versisjudicibus
482 4583 680 4645 auctoritate
695 4583 886 4661 apostolica
898 4600 979 4647 con-
1031 4585 1180 4659 marinis,
1216 4587 1249 4649 et
1282 4585 1455 4660 beneficia,
1485 4604 1574 4666 ”quae
1620 4593 1820 4668 pauperibus

185 4682 238 4743 tra
252 4679 477 4742 venerabilem
490 4680 627 4742 fratrem
647 4683 799 4742 nostrum
813 4683 978 4744 Cenoma·
1032 4683 1294 4754 subministrant,
1305 4684 1570 4748 consideratione
1582 4689 1725 4753 sollicita
1737 4701 1821 4766 pen-

186 4791 263 4840 nen.
276 4777 466 4854 episcopum
476 4777 650 4852 litigasset,
657 4777 791 4839 demum
801 4779 978 4840 intendens
1031 4781 1162 4853 seretis,
1178 4797 1246 4842 non
1261 4782 1368 4844 solum
1382 4781 1423 4842 ab
1440 4797 1555 4844 eorum
1574 4785 1736 4848 molestiis
1753 4801 1822 4849 ces·

186 4873 357 4951 imponere
371 4873 540 4934 laboribus
555 4873 625 4934 suis
640 4873 751 4948 tinem,
767 4881 867 4954 super
886 4891 977 4954 prae·
1031 4877 1162 4950 seretis,
1180 4877 1337 4951 sed‘alios
1363 4878 1540 4940 studeretis
1559 4880 1742 4942 districtius
1752 4899 1819 4946 co-

185 4971 298 5033 missis
306 4969 534 5032 omnibns-una
544 4985 620 5032 cum
628 4975 724 5048 parte
732 4973 838 5036 altera
847 4990 976 5036 renun-
1031 4971 1346 5036 ninom‘cetarum
1366 4971 1555 5038 audivimus
1582 4975 1617 5038 et
1646 4977 1821 5043 audientes
1893 4999 1906 5032 x

184 5067 299 5130 tiendo
325 5067 445 5130 litteris
470 5067 656 5144 impetratis
685 5071 719 5132 et
745 5070 975 5148 impetrandis,
1028 5071 1241 5149 neminimus
1255 5071 1474 5143 nonmirari,
1491 5073 1583 5148 cuod
1604 5087 1662 5136 eos
1680 5077 1820 5153 ,pumen

187 5163 425 5243 compromisso
454 5155 609 5238 durante,
635 5167 672 5228 in
704 5183 763 5229 vos
794 5168 863 5230 sub·
887 5171 977 5232 certa
1020 5164 1423 5232 oestrumiuunussoiito
1434 5165 1748 5247 macaronesum
1763 5191 1821 5238 so-

185 5261 294 5325 sorma
318 5263 474 5339 tanquam
514 5260 727 5326 ad²arhltros
759 5265 979 5330 amicabiliter
1015 5267 1099 5326 lum
1114 5261 1267 5342 querelas
1280 5277 1394 5328 eorum
1410 5263 1630 5341 dissimulant,
1650 5271 1707 5332 sed
1729 5273 1819 5350 ipsos

187 5355 577 5437 compromisit3sed¹voa
587 5359 665 5422 licet
674 5361 816 5439 receptis
824 5363 975 5438 testibus,
1015 5363 1195 5439 aratinus·
1204 5361 1339 5439 injuriis
1351 5361 1557 5426 vexavemrnt
1571 5366 1604 5426 et
1623 5367 1659 5428 in
1678 5349 1820 5432 damnass

186 5458 221 5519 et
233 5455 502 5518 attestationibus
512 5456 702 5534 publicatis,
712 5459 837 5522 auditis
845 5461 979 5524 confes·
1029 5458 1090 5520 bili
1111 5458 1280 5536 proposito
1301 5459 1410 5521 adbuc
1433 5464 1659 5537 perseverant,
1692 5464 1819 5528 litteras

187 5551 339 5615 sionibus·
351 5553 384 5616 et
397 5553 475 5614 aliis
498 5554 539 5616 ad
561 5569 662 5618 eausa
683 5556 881 5620 lammtibus
903 5568 986 5622 ame-2
1030 5557 1162 5618 nostras
1185 5555 1360 5632 generales
1381 5559 1415 5620 ct
1432 5559 1636 5636 ¹quandoque
1658 5565 1819 5638 speciales
