4244 6374
130 295 187 355 545

131 451 265 526 dignum
286 449 375 511 esset
398 465 417 510 a
442 444 637 512 celsitudine
657 446 715 506 tua
737 445 920 517 serendum,

131 548 160 608 si
174 546 324 624 praedicti
339 545 513 606 occasione
529 542 730 620 hujusmodi,
744 543 831 604 unde
844 559 923 618 gra-

129 643 175 704 tia
187 644 245 704 tua
257 642 431 703 reddidere
444 656 479 700 se
494 640 623 715 dignos,
640 640 784 716 aliquem
796 639 832 699 in
846 654 923 715 per-

130 740 231 811 sonia,
246 739 298 802 uel
313 740 413 799 rebus
429 737 498 797 suis
514 737 701 798 molestiam
715 737 919 813 paterentur,

129 837 272 898 sciturus
296 835 381 913 quod
409 835 438 895 si
464 850 507 895 ex
530 834 592 894 hoc
616 834 693 894 illos
716 835 923 908 contingeret

128 933 310 1006 molestari,
349 931 466 993 merito
497 945 680 1006 possemus,
718 930 803 1006 quod
834 930 921 990 idem

127 1027 367 1107 primogenitus
379 1027 455 1088 tuus
466 1027 556 1088 circa
570 1026 794 1103 receptionem
806 1025 921 1086 uxoris

128 1143 197 1187 suae
219 1124 384 1186 mandatis
408 1125 532 1185 nostris
557 1125 671 1184 contra
692 1125 782 1184 tuam
801 1122 922 1183 volun-

126 1222 229 1284 tatem
257 1221 416 1298 paruerit,
449 1220 623 1296 suspicari.
657 1222 765 1292 Quare
792 1215 922 1280 sereni-

125 1320 228 1381 tatem
242 1319 332 1379 tuam
343 1333 526 1389 monemus,
538 1333 695 1392 rogamus
706 1317 739 1377 et
748 1315 922 1377 hortamur

127 1415 262 1487 attente,
287 1415 450 1492 quatenus
471 1414 630 1492 praedicto
652 1413 776 1483 comiti,
797 1412 831 1473 et
844 1411 920 1472 aliis

126 1512 275 1575 favorem
289 1513 383 1573 tuum
398 1511 576 1573 ostendens
594 1511 627 1572 et
643 1511 785 1586 gratiam
798 1524 858 1585 per
871 1508 922 1570 61-

125 1609 260 1681 lectum,
277 1609 311 1670 61
322 1609 358 1669 16
375 1609 411 1668 16
426 1608 518 1668 66116
538 1608 587 1668 616
605 1606 763 1668 molestus
778 1607 919 1678 existam

125 1707 159 1768 et
175 1706 299 1768 attente
310 1705 500 1782 providens,
517 1720 559 1765 ne
572 1703 645 1780 quis
657 1703 698 1766 ad
709 1719 824 1764 eorum
834 1702 921 1763 bona

124 1801 306 1864 minuenda
317 1815 435 1861 manus
447 1799 618 1872 extendam
636 1799 681 1860 ita
692 1798 778 1875 quod
790 1798 920 1860 sincera

125 1914 208 1973 erga
227 1895 332 1960 lilium
353 1897 447 1958 tuum
466 1896 675 1974 paternitatis
693 1896 825 1957 61166116
839 1897 871 1956 61
885 1895 921 1955 16

125 2011 201 2067 666,
227 1996 259 2056 61
279 1995 316 2055 16
336 1995 470 2055 illorum
492 1993 643 2071 personis
665 1993 791 2070 liquido
817 1993 921 2068 possit

124 2091 276 2166 agnosci.
292 2092 411 2153 Datum
425 2091 464 2152 ut
479 2105 598 2166 supra.

226 2538 278 2598 Ad
289 2538 464 2598 Audacem
479 2551 598 2612 regem
614 2538 818 2611 Huaaartoe.

384 2667 417 2723 11
433 2663 566 2722 februarii
583 2665 661 2724 1111.

289 2788 382 2852 [116166
394 2787 455 2838 Cod.
469 2788 586 2852 diplom,
602 2787 644 2843 ill,
659 2802 677 2846 i,
688 2783 756 2852 131]

121 2905 197 2962 Eum
208 2901 336 2960 hortatur
346 2910 377 2960 ut
386 2903 483 2960 Belaui
493 2916 593 2975 regem
605 2902 825 2974 primogenitum
835 2903 918 2960 suum

157 2991 394 3050 commendatum
406 2991 511 3048 habeat
525 2998 554 3048 et
566 2990 602 3047 ad
615 2990 676 3062 ejus
688 2998 716 3046 et
727 3006 842 3048 suorum
855 3007 918 3064 pro-

157 3081 301 3138 visionem
316 3079 466 3137 honestam
481 3078 517 3136 de
533 3093 624 3150 regno
638 3093 690 3135 suo
705 3079 730 3135 61
746 3086 838 3137 666166
853 3081 916 3138 red·

157 3165 238 3226 ditus
250 3167 388 3240 assignet.

160 3292 345 3366 Honorius
363 3294 438 3365 etc,
455 3293 607 3366 salntem,
624 3293 687 3355 etc.

159 3390 299 3453 Ventris
321 3406 341 3451 a
360 3390 456 3451 nobis
480 3390 612 3451 viscera
632 3392 916 3466 commendantur,

27 3509 32 3528 ·
117 3491 201 3550 dum
218 3486 430 3548 carissimum
447 3487 482 3548 in
497 3487 628 3550 Christo
647 3489 750 3549 filium
768 3492 917 3551 nostrum

116 3589 154 3646 B.
173 3599 302 3660 regem,
318 3584 576 3661 primogenitum
596 3587 700 3657 tuum,
718 3587 774 3662 qui
789 3602 848 3662 pro
865 3604 915 3660 eo,

116 3682 207 3759 quod
228 3671 366 3742 'iixorem
386 3696 481 3741 suam
496 3681 537 3741 ad
560 3683 751 3744 mandatum
768 3685 918 3746 nostrum

114 3777 261 3855 recepit,
282 3781 416 3840 coactus
438 3780 489 3839 est
509 3779 545 3838 in
568 3779 833 3844 terramnobilis
853 3781 917 3842 viri

118 3875 220 3937 ducis
234 3874 388 3946 Austriae,
405 3889 441 3935 se
455 3874 632 3947 tranferre,
645 3879 712 3938 tuae
727 3877 917 3939 celsitudini

115 3970 402 4034 commendamus.
420 3972 470 4032 Ne
481 3972 585 4046 igitur
594 3973 696 4049 regiae
707 3973 916 4050 displicuisse

116 4067 298 4130 serenitati
317 4067 481 4138 credatur,
498 4069 584 4144 quod
600 4070 777 4145 predictus
792 4073 918 4148 primo-

88 4231 91 4239 ,
112 4166 257 4241 genitus
271 4163 348 4224 tuus
363 4164 486 4224 nostris
502 4164 673 4226 humiliter
689 4167 801 4242 paruit
816 4168 918 4230 bene-

112 4261 268 4341 placitis,
292 4261 325 4321 et
346 4260 525 4335 mandatis;
544 4263 634 4322 tuam
653 4262 799 4340 66616616
823 4265 928 4328 decet.

112 4357 345 4438 prudentiam,
367 4357 403 4419 ut
426 4357 467 4418 de
488 4358 646 4434 praedicto
665 4359 734 4421 filio
750 4362 818 4434 tuo,
839 4362 917 4423 dum

112 4458 263 4519 interra
284 4454 434 4516 moratur
450 4454 571 4526 aliena,
594 4457 702 4517 Patris
724 4456 844 4519 6116616
859 4475 917 4521 66-

110 4555 204 4632 gites
219 4555 370 4627 assuete,
387 4552 495 4628 ipsum
509 4552 596 4614 61661
605 4554 689 4614 16611
700 4555 789 4630 regis
798 4555 914 4630 filium,

111 4729 184 4788 inde
200 4728 369 4810 1666616166
389 4737 468 4802 66616
483 4737 589 4788 666166.
604 4734 636 4789 16
655 4731 736 4805 cujus
751 4732 848 4801 fldem,
860 4741 914 4791 616.

111 4804 204 4859 Teste
238 4813 295 4855 mei
316 4815 348 4856 66
376 4800 451 4856 aud
478 4801 589 4857 Novum
619 4803 767 4874 Templum
801 4805 914 4861 Londo-

111 4873 233 4937 nieuse,
305 4871 369 4928 Vlll
385 4815 431 4952 (Xe
447 4871 554 4941 aprilis,
573 4885 648 4928 enno
663 4875 745 4945 regui
761 4875 851 4932 nostri
865 4890 914 4932 oc·

110 4950 195 5009 tuve,
213 4953 313 4996 coram
329 4939 446 4996 domiuo
466 4943 663 4998 cantuariensi
687 4943 866 5016 archiepisco
887 4962 914 5014 o,

112 5012 250 5069 lluberto
261 5008 296 5066 de
316 5013 410 5082 Burgo
423 5009 590 5082 justiciario,
606 5019 634 5069 et
646 5014 670 5070 l.
691 5014 876 5072 bathoniensi
888 5023 918 5073 61

111 5084 147 5140 11.
166 5083 276 5139 Serum
328 5080 473 5152 iscopis.»

150 5153 238 5218 itant,
260 5094 367 5230 11τῖ61.
386 5152 482 5232 illex·
490 5151 698 5210 venerabilibus
715 5155 783 5212 61616
802 5157 915 5213 616161-

111 5223 156 5279 cis
173 5223 204 5278 in
221 5219 334 5278 Christo
345 5234 509 5288 carissimis,
526 5221 740 5295 archiepiScopo
758 5227 916 5285 senonensi

111 5300 143 5350 et
159 5293 303 5364 66166666
321 5290 537 5360 silvanectensi,
553 5294 684 5351 salutem.
706 5297 805 5352 Grates
821 5305 912 5368 pater-

110 5363 201 5420 nitati
218 5365 323 5416 vestrae
340 5360 489 5418 referimus
512 5361 548 5419 de
570 5363 616 5420 liis
632 5379 704 5436 qum,
726 5364 762 5422 de
781 5367 916 5424 mandato

111 5432 232 5490 domini
257 5431 351 5502 Papa,
371 5431 453 5488 nobis
468 5431 587 5491 duxlstis
609 5450 658 5506 per
678 5437 786 5492 litteras
808 5445 917 5494 vestras

111 5497 293 5562 intimanda.
306 5500 342 5558 de
355 5503 464 5576 treugis
479 5504 551 5561 iuter
563 5505 708 5563 dominum
722 5521 820 5579 regem
831 5510 915 5564 Fran·

111 5575 223 5630 616661
251 5582 303 5626 nos
331 5573 529 5646 prorogandis.
551 5579 585 5632 Et
612 5577 693 5633 vobis
720 5577 917 5650 significamus

252 5708 365 5752 simoi.
383 5699 517 5757 6666111.

733 287 961 350 EPISTOLAE.
986 289 1062 348 ΜΒ.
1088 290 1173 348 VIII.

1713 289 1821 348 546-

977 447 1009 508 61
1023 447 1149 522 partem
1164 448 1297 507 tuorum
1310 446 1486 518 viscerum,
1503 445 1647 522 benigne
1660 463 1699 506 ac
1709 445 1772 508 bo·

976 545 1070 604 66616
1084 543 1268 613 mactando,
1286 543 1371 603 6661
1390 542 1583 614 liberaliter,
1604 543 1691 604 unde
1706 543 1771 604 sibi

977 639 1009 700 et
1033 640 1102 699 suis
1126 639 1283 700 decenter
1306 639 1482 715 providere
1505 640 1626 710 valeat,
1652 641 1769 716 provi-

976 736 1094 797 dendo.
1112 740 1221 809 Quare
1240 735 1453 798 serenitatem
1474 737 1565 796 tuam
1584 753 1768 808 monemus,

976 849 1131 908 rogamus
1147 835 1179 894 ei
1193 834 1367 894 hortamur
1381 832 1518 904 attente,
1538 837 1710 908 quatenus,
1729 851 1770 894 ne

976 931 1150 1007 quisquam
1165 931 1329 1006 suspicari
1345 931 1467 1001 valeat,
1485 930 1570 1006 quod
1591 930 1679 990 lilius
1694 933 1770 993 tuus

976 1027 1164 1103 praedictus,
1175 1027 1269 1088 nobis
1282 1028 1398 1090 devote
1409 1027 1567 1104 parendo,
1579 1029 1770 1089 6661616666

975 1123 1090 1185 1666611
1117 1125 1337 1198 voluntatem,
1373 1125 1429 1186 sed
1463 1126 1574 1202 potius
1609 1126 1768 1202 tanquam

976 1219 1131 1297 66166666
1142 1221 1554 1282 catholicusindevotione
1566 1222 1659 1281 SedIs
1670 1226 1771 1298 Apos-

975 1317 1083 1378 tolicae
1102 1318 1271 1378 radicatus
1290 1317 1413 1379 lactum
1436 1318 1625 1394 hujusmodi
1640 1319 1770 1380 babue-

974 1413 1033 1486 616,
1058 1414 1145 1475 61661
1172 1431 1356 1491 speramus,
1383 1415 1572 1490 acceptum
1596 1417 1770 1492 paternam

976 1509 1185 1571 affectionem
1199 1511 1241 1570 ad
1254 1510 1347 1571 illum
1361 1526 1420 1586 666
1433 1511 1586 1572 effectum
1596 1511 1767 1585 exhibeas,

975 1605 1009 1666 et
1023 1605 1064 1666 ad
1080 1622 1184 1677 suam,
1202 1607 1234 1668 et
1252 1622 1387 1668 suorum
1403 1608 1627 1684 provisionem
1642 1607 1768 1670 hones-

974 1702 1043 1763 tam
1062 1703 1103 1764 de
1124 1718 1226 1778 regno
1247 1705 1305 1765 166
1319 1703 1468 1765 redditus
1488 1705 1519 1766 ei
1546 1707 1654 1767 certos
1680 1708 1769 1767 assi-

975 1800 1135 1874 gnes3ita
1145 1799 1231 1876 quod
1243 1800 1504 1876 magnitudinem
1514 1802 1548 1862 61
1558 1801 1767 1865 devotionem

975 1895 1127 1956 1666616
1154 1897 1295 1957 Domino
1324 1897 1556 1959 commendare
1583 1900 1766 1975 pessimum

975 2007 1036 2053 nec
1049 1993 1225 2069 quisquam
1238 1993 1279 2053 de
1293 1994 1326 2054 te
1339 1994 1442 2067 aliud,
1457 2010 1555 2070 quam
1567 1995 1606 2055 de
1618 1996 1769 2073 principe

976 2089 1139 2150 catholico
1160 2089 1192 2151 et
1209 2090 1327 2152 devoto
1348 2091 1512 2168 suspicari
1527 2094 1674 2169 cogatur.
1693 2095 1768 2155 Sci-

975 2187 1070 2247 turus
1086 2187 1168 2248 satis
1181 2201 1270 2263 tegre
1283 2203 1343 2249 nos
1358 2187 1457 2260 lerre,
1472 2189 1557 2265 quod
1572 2191 1769 2266 saepedictus

975 2281 1063 2343 lilius
1079 2283 1156 2344 tuus
1171 2283 1212 2346 de
1229 2285 1414 2346 devotionis
1434 2287 1467 2347 et
1488 2285 1684 2348 obedientiae
1699 2304 1768 2348 6666

975 2380 1103 2460 merito,
1120 2381 1206 2441 unde
1217 2380 1312 2443 debet
1327 2383 1451 2444 sentire
1461 2384 1615 2459 gratiam,
1628 2384 1769 2447 sustinet

975 2477 1220 2540 detrimentum.
1235 2479 1353 2540 Datum
1366 2480 1534 2554 Laterani,
1547 2483 1592 2542 ix
1607 2480 1767 2543 kalendas

976 2575 1097 2648 martii,
1114 2591 1203 2637 anno
1219 2577 1346 2638 octavo.

1271 2870 1468 2958 CXXXIII

974 3020 1025 3078 Ad
1045 3019 1230 3081 1161661661
1250 3023 1445 3096 6616666661
1467 3024 1764 3096 Vespri'mi'eusem.

1227 3149 1411 3210 11161666τί1
1429 3151 1506 3210 1111.

1103 3239 1105 3244 ’
1138 3271 1301 3338 [6666666.
1316 3275 1600 3341 616166.,111,τ,131.]

973 3387 1114 3446 Honorius
1133 3388 1254 3446 boberto
1273 3389 1408 3462 66166666
1422 3391 1630 3463 vesprimiensi
1646 3393 1765 3450 61116116

1007 3477 1079 3549 regi,
1100 3476 1135 3532 ad
1158 3476 1342 3534 avertendum
1362 3477 1524 3549 divortium,
1548 3480 1621 3536 ultro
1652 3495 1765 3554 quoque

1007 3565 1169 3636 opituletur,
1184 3565 1377 3623 commendat.

1011 3690 1178 3751 Honorius
1187 3691 1374 3768 episcopus,
1384 3707 1501 3752 servus
1510 3707 1681 3754 servorum
1692 3696 1762 3768 Dei,

972 3786 1154 3848 venerabili
1189 3787 1296 3860 166161,
1329 3788 1485 3864 66166666
1509 3791 1762 3867 vesprimiensi,

972 3885 1157 3966 salutemet
1170 3884 1393 3961 Apostolicam
1407 3885 1682 3950 benedictionem.

1012 3983 1266 4043 Fraternitatem
1300 3970 1391 4043 tuam
1417 3983 1527 4058 dignIs
1556 3984 1591 4045 in
1624 3988 1764 4051 Domino

971 4075 1124 4137 laudibus
1162 4075 1448 4149 commendamus,
1489 4079 1575 4155 quod
1611 4081 1696 4144 sicut
1721 4099 1765 4145 ex

971 4173 1065 4249 parte
1088 4171 1256 4233 carissimi
1283 4172 1319 4232 in
1341 4172 1471 4235 Christo
1502 4173 1563 4236 11111
1583 4179 1699 4253 666161,
1725 4183 1761 4242 Β.

970 4269 1061 4344 regis
1080 4269 1291 4346 primogeniti
1306 4269 1472 4332 carissimi
1494 4273 1529 4333 in
1549 4275 1679 4337 Christo
1702 4278 1764 4339 lilii

971 4365 1077 4428 nostri
1091 4366 1272 4442 Hungariae
1287 4368 1376 4442 regis
1389 4367 1540 4442 illustris,
1557 4370 1619 4435 1611
1637 4391 1762 4452 propo-

971 4463 1070 4523 situm
1096 4477 1208 4523 coram
1237 4463 1344 4536 noble,
1370 4465 1406 4525 16
1430 4466 1539 4528 eidem
1559 4471 1596 4528 Β.
1619 4471 1702 4546 regi,
1730 4474 1764 4534 et

971 4558 1069 4620 uxori
1087 4561 1614 4637 666666166616611166661111611,
1630 4583 1691 4643 666
1710 4569 1764 4645 ip·

970 4734 1045 4806 quod
1069 4736 1329 4804 66661666661666,
1352 4752 1404 4810 per
1422 4737 1473 4794 Dei
1488 4739 1620 4811 gratiam,
1641 4741 1676 4800 ad
1691 4759 1759 4802 666-

970 4807 1066 4862 cilium
1080 4807 1241 4863 1661616666
1257 4807 1292 4863 ad
1307 4815 1365 4864 tres
1383 4809 1559 4880 septimanas
1575 4812 1692 4870 Paschae
1703 4815 1763 4886 (do-

971 4877 1074 4932 6616166
1091 4878 1171 4933 166116
1194 4885 1258 4948 6661
1281 4877 1402 4950 Pascha)
1423 4879 1568 4936 mittemus
1586 4881 1622 4938 ad
1642 4884 1760 4942 audien·

970 4945 1036 5002 dum
1053 4945 1118 5002 iude
1131 4961 1180 5018 666
1192 4948 1429 5006 vosvoluntatem
1445 4956 1473 5006 61
1487 4965 1655 5022 responsum
1672 4956 1762 5027 Ipsius

970 5017 1048 5098 regis
1058 5018 1352 5100 dranciae3Noveritis
1367 5026 1463 5076 autem
1479 5021 1554 5092 quod
1570 5037 1622 5079 nos
1640 5039 1696 5082 non
1716 5028 1759 5084 in-

970 5093 1052 5142 terim
1074 5095 1287 5158 intercipiemus
1300 5102 1370 5161 erga
1390 5089 1483 5160 ipsum
1504 5105 1603 5163 regem
1622 5095 1668 5152 vel
1693 5112 1761 5155 suos

971 5157 999 5212 in
1019 5158 1137 5229 treugis,
1159 5157 1215 5213 nisi
1238 5171 1273 5214 ex
1295 5166 1374 5230 66616
1397 5173 1448 5216 666
1475 5162 1553 5232 prius
1574 5161 1657 5222 166611
1680 5168 1764 5226 16166·

970 5233 1094 5298 ceptum.
1111 5230 1169 5285 Nos
1184 5234 1279 5284 autem
1305 5243 1339 5284 ex
1360 5237 1439 5300 66616
1453 5230 1561 5288 domini
1576 5236 1661 5308 Papae
1681 5253 1760 5296 man-

970 5297 1067 5354 datum
1081 5297 1243 5369 accepimus
1273 5299 1421 5355 6611116666
1438 5315 1514 5371 6666,
1526 5301 1561 5360 116
1572 5308 1680 5380 treugis
1695 5324 1760 5381 pro·

970 5367 1107 5440 rogandis
1119 5383 1210 5440 usque
1225 5381 1240 5424 6
1295 5368 1502 5439 uadriennlum,
1518 5374 1591 5432 sleut
1605 5377 1667 5449 ipse
1681 5395 1761 5436 rece·

971 5439 1021 5510 pit.
1041 5439 1124 5494 'leste
1141 5452 1209 5520 rege
1220 5383 1297 5520 apuX
1311 5441 1609 5516 westmonastenum,
1626 5449 1763 5508 vicesimo

971 5515 1072 5566 octavo
1085 5508 1130 5567 die
1146 5509 1254 5582 aprilis.
1273 5529 1285 5559 τ

1561 5711 1594 5766 18
