4274 6388
310 315 371 380 tto
918 315 1095 378 HoNoan
1115 309 1161 376 111
1182 315 1331 378 OPERA.
1889 313 1950 376 180

311 474 562 549 conterendam,
602 475 662 538 sed
700 474 892 554 reputantes
929 475 1102 552 indignum
1155 471 1318 538 Dominici
1329 474 1370 535 de
1379 473 1475 545 Sora,
1488 471 1542 534 cui
1554 472 1714 534 Dominus
1724 472 1759 534 ln
1770 487 1847 536 rore
1859 475 1947 549 coeli,

311 574 420 650 ipsum
436 575 485 636 sic
511 574 715 646 investitum,
734 589 796 636 nec
816 588 882 635 non
907 574 1101 636 distractum
1154 575 1187 634 et
1200 574 1301 635 terrae
1313 571 1515 649 pinguedine
1530 570 1758 643 benedixerat,
1778 572 1949 648 tamquam

309 671 359 733 tot
385 671 554 733 laboribus
578 673 610 734 et
638 671 793 748 expensis
821 671 993 734 commodo
1008 671 1101 732 frus·
1155 671 1270 732 hortus
1292 670 1488 730 deliciarum
1516 668 1574 729 diu
1595 669 1631 729 in
1660 668 1887 746 spiritualibus
1917 671 1951 733 et

308 777 393 839 trari
421 777 623 854 praebendae,
659 776 852 839 discretioni
887 777 1007 838 vestrae
1043 790 1103 854 per
1154 766 1391 843 temporalibus
1411 765 1580 828 floruisset
1598 765 1843 828 delectabilium
1858 766 1951 828 irno-

309 874 500 951 Apostolica
535 873 658 950 scripta
691 873 905 946 mandamus,
940 873 1102 950 quatenns
1153 864 1246 925 tuum
1258 862 1418 936 ubertate,
1429 862 1705 940 tandempropter
1715 862 1876 925 malitiam
1886 863 1949 925 de·

309 971 420 1050 ipsum
443 970 547 1047 recipi
568 969 699 1033 faciatis
722 971 758 1031 in
773 971 888 1034 eadem
910 969 1052 1032 ecclesia
1066 970 1102 1031 in
1155 961 1303 1036 11θῦ1111111
1319 963 1354 1022 11
1369 960 1496 1033 10110111,
1514 961 1571 1038 (11ιί
1592 962 1750 1039 tanquam
1765 960 1892 1033 tribuli,
1918 961 1952 1024 et

310 1067 508 1129 canonicum
523 1067 604 1128 etin
624 1067 773 1140 tratrem,
788 1067 821 1129 et
835 1067 876 1128 de
889 1081 978 1128 anno
991 1067 1026 1127 13
1036 1081 1101 1128 an·
1156 1057 1753 1134 111111131θῶ1611101111111111111111
1768 1058 1950 1132 111110111ῒὶ1,

310 1179 391 1226 num
429 1163 641 1240 praebendam
674 1164 883 1226 scolasticam
918 1163 982 1224 sibi
1016 1163 1101 1236 dari,
1156 1155 1316 1216 dissolute
1329 1155 1491 1228 niventes,
1509 1155 1544 1215 in
1558 1154 1655 1216 bonis
1666 1156 1859 1217 monasterii
1872 1169 1951 1232 pro-

310 1259 415 1322 donea
429 1259 475 1322 ibi
487 1263 675 1338 assumptus
688 1260 798 1332 luerit,
807 1261 1003 1322 benenatum
1016 1277 1104 1337 pra·
1156 1251 1314 1327 diaalitar
1325 1249 1575 1328 grassabantur,
1593 1267 1697 1328 uanae
1723 1251 1863 1314 adaoibi
1889 1265 1952 1313 an-

309 1356 460 1430 bendale,
473 1359 733 1421 contradictores
746 1357 1106 1436 percensurameccle-
1155 1349 1272 1411 nulata
1299 1349 1362 1412 fuit
1399 1349 1507 1410 omnis
1537 1349 1749 1410 observantia
1770 1349 1948 1425 regularis,

310 1453 489 1526 siasticam,
506 1455 728 1532 appellatione
743 1456 936 1532 postposita,
951 1469 1107 1532 compes·
1157 1445 1243 1522 quod
1256 1446 1353 1523 quasi
1367 1446 1476 1507 cubile
1497 1444 1678 1508 draconum
1701 1445 1814 1507 multis
1829 1445 1951 1509 eratin

310 1551 425 1612 cendo.
456 1551 600 1624 Quodsi
629 1568 695 1614 non
726 1568 851 1624 omnes,
887 1552 950 1613 etc.
985 1552 1104 1613 Datum
1157 1543 1361 1614 scandalum,
1387 1543 1420 1604 et
1445 1543 1629 1604 horrorem.
1659 1543 1723 1604 Sed
1756 1542 1835 1605 licet
1862 1543 1951 1605 istud

309 1647 427 1722 Alatri,
444 1649 589 1712 secundo
604 1648 765 1712 kalendas
779 1650 879 1728 junii,
896 1665 982 1712 anno
995 1651 1100 1712 sento.
1157 1639 1303 1701 11111ῖο16
1320 1639 1562 1701 tentaverimus
1578 1639 1771 1712 1110111110,
1789 1639 1949 1717 (1110111111
1994 1699 2000 1710 .

1156 1736 1337 1798 monachos
1349 1736 1543 1813 pestilentes
1559 1735 1680 1799 exinde
1704 1737 1901 1809 amovendo,
1916 1737 1950 1800 et

1156 1832 1308 1894 iaciendo
1323 1835 1361 1894 in
1384 1833 1461 1894 aliis
1483 1833 1697 1894 monasteriis
1719 1833 1889 1905 collocari,
1916 1834 1950 1896 et

651 1970 767 2058 CCIV
1139 1929 1951 2020 ,advocatoaliundeabbete,siiortepossetmo

1157 2028 1305 2089 nasterio
1327 2042 1527 2088 succurrere
1538 2027 1690 2088 desolato
1714 2028 1817 2104 aquia
1838 2028 1950 2090 tamen

1157 2125 1258 2186 amoti
1282 2125 1383 2186 etiam
1405 2126 1574 2201 umquam
1597 2139 1697 2186 canes
1719 2125 1760 2185 ad
1789 2125 1950 2186 vomitum

1139 2222 1343 2294 redonatae,
1366 2220 1491 2282 exinde
1510 2221 1611 2282 etiam
1630 2237 1736 2299 neque
1765 2221 1948 2282 ecclesias·

1088 2320 1095 2338 '
1156 2313 1223 2380 tica
1233 2333 1376 2380 censura
1391 2319 1571 2394 potuerunt
1584 2319 1705 2390 arceri,
1722 2318 1779 2380 sed
1794 2318 1864 2379 fere
1878 2333 1952 2380 om·

1158 2415 1503 2476 nesexcommumcati
1514 2414 1759 2492 praesumebant
1769 2413 1950 2488 celebrare,

455 2125 507 2184 Ad
522 2124 676 2184 abbatem
691 2124 963 2184 Ccsaeraortuma.

613 2264 627 2320 l
638 2262 710 2335 junii
722 2263 801 2321 lita.

403 2384 552 2452 [1133111113.
564 2385 676 2436 Annales
691 2387 877 2448 cistercienses,
888 2387 931 2446 lv,
943 2386 1012 2452 m]

310 2511 359 2570 Eis
373 2509 518 2586 signitas
533 2526 565 2568 se
578 2513 659 2569 unire
673 2512 847 2570 monasterio
866 2527 966 2569 eorum
987 2525 1101 2570 mones·
1158 2511 1210 2572 vel
1227 2513 1337 2589 potius
1352 2511 1534 2589 profanare
1544 2513 1658 2574 divina
1675 2533 1682 2572 ε
1700 2513 1953 2589 sicquemonas·
1980 2527 1982 2532 ·

345 2600 448 2658 terium
468 2601 651 2658 1113313131
672 2600 709 2658 de
722 2602 802 2670 Sora,
815 2607 845 2658 et
864 2607 988 2659 statuere
1001 2607 1032 2658 ut
1054 2615 1104 2674 per

344 2702 397 2746 eos
423 2687 500 2746 idem
521 2689 726 2746 monesterium
752 2687 922 2746 informetur
946 2687 1104 2748 secundum

343 2777 539 2838 cisterciensis
552 2776 661 2836 ordinis
674 2777 812 2836 instituta.

348 2900 517 2962 Honorius
526 2901 711 2978 episcopus,
723 2917 841 2963 servus
851 2901 1102 2974 servorum-Dei,

309 2995 440 3060 dilectis
450 2998 529 3060 tiliis
545 2997 656 3060 abbati
671 2999 865 3060 Casaemarii
878 3002 1015 3077 ejusque
1030 2999 1103 3060 ira·

309 3093 417 3157 tribus
435 3097 504 3157 tam
523 3094 753 3173 praesentibus,
772 3111 870 3174 priam
896 3095 1028 3168 suturis,
1049 3112 1111 3158 re·-

1157 2609 1276 2670 terium
1296 2609 1350 2682 iis,
1368 2609 1424 2686 qrri
1442 2610 1478 2670 in
1494 2609 1636 2671 circuitu
1650 2612 1723 2686 ejus
1745 2610 1832 2682 sunt,
1845 2609 1951 2685 magis

1157 2722 1196 2767 ac
1211 2708 1319 2782 magis
1334 2706 1455 2768 eratin
1470 2703 1650 2766 ludibrium
1667 2706 1701 2767 et
1715 2707 1949 2782 contemptum.

1196 2804 1265 2864 Nos
1286 2802 1438 2864 videntes
1462 2803 1495 2864 et
1520 2802 1682 2875 dolentes,
1702 2803 1788 2880 qrrod
1809 2801 1953 2880 Babylo-

1157 2917 1233 2962 nem
1246 2915 1313 2960 non
1323 2901 1513 2975 poteramus
1524 2899 1676 2961 adbibita
1688 2899 1788 2961 etiam
1799 2897 1951 2976 diligenti

1157 3013 1238 3059 cura
1265 3011 1396 3069 sanare,
1420 2997 1552 3058 113333
1575 2997 1706 3059 Domini
1731 2997 1809 3058 aliis
1833 2997 1950 3074 provi-

1157 3095 1266 3156 dimus
1280 3095 1458 3157 looandam
1470 3094 1643 3171 agricolis3
1661 3095 1693 3156 et
1714 3093 1951 3156 monasterium

310 3191 460 3267 gularem
493 3193 596 3254 vitam
629 3191 789 3269 protessis
824 3193 859 3253 13
897 3195 1103 3270 perpetuum,
1158 3192 1265 3269 ipsum
1280 3208 1355 3254 cum
1374 3191 1693 3254 omninnsecclesiis
1712 3192 1746 3254 et
1766 3191 1953 3269 possessio-

311 3287 451 3350 salutem
469 3290 502 3352 at
513 3289 728 3366 apostolicam
739 3290 1014 3352 benedictionem.
1158 3289 1266 3361 nibus,
1283 3291 1316 3352 et
1329 3290 1474 3366 pascuis,
1491 3289 1605 3366 sylvis,
1620 3289 1831 3361 molendinis,
1843 3289 1953 3350 bomi-

350 3387 521 3459 Gustodes,
537 3386 570 3448 et
588 3388 741 3449 auctores
766 3385 825 3468 (1),
841 3388 919 3450 licet
932 3387 1111 3460 immeriti,
1157 3385 1267 3458 nibus,
1284 3386 1317 3447 et
1329 3386 1405 3447 aliis
1416 3385 1562 3462 juribus,
1588 3387 1621 3448 et
1642 3387 1852 3462 pertinentiis
1867 3387 1951 3462 eius,

309 3483 481 3545 constituti
505 3497 525 3544 a
549 3485 688 3546 Domino
707 3485 743 3546 in
759 3486 917 3547 Ecclesiae
933 3485 1109 3562 paradiso,
1157 3481 1360 3544 monasterio
1382 3483 1495 3544 nestro
1532 3483 1703 3544 univimus
1736 3504 1744 3542 t
1777 3483 1953 3544 statuimus

311 3593 416 3641 sacrae
440 3579 614 3658 religionis
639 3582 787 3658 gratiosa
813 3583 980 3659 plantaria
1004 3582 1040 3642 in
1064 3597 1104 3642 ea
1159 3581 1272 3653 etiam,
1287 3580 1324 3641 ut
1338 3579 1568 3656 pervosidem
1590 3579 1827 3640 monasterium
1841 3577 1952 3638 insor-

310 3673 462 3753 cupimus
486 3680 675 3759 propagari,
700 3695 773 3757 quaa
795 3679 906 3752 tiores,
923 3680 957 3741 et
977 3679 1104 3740 tructus
1156 3677 1266 3739 metur
1282 3676 1469 3738 secundum
1479 3674 1711 3736 cisterciensis
1733 3673 1860 3736 ordinis
1880 3673 1953 3734 ins-

308 3770 525 3848 producentia
540 3773 737 3846 honestatis,
748 3775 893 3835 animam
915 3774 1028 3852 sponsi
1043 3789 1103 3835 sua
1134 3851 1138 3858 Ι
1156 3773 1269 3850 111313;
1298 3773 1343 3834 113
1359 3773 1445 3850 quod
1460 3772 1507 3834 ibi
1522 3787 1652 3848 semper
1672 3771 1844 3832 duodecim
1873 3785 1950 3832 mo-

309 3869 473 3932 33311313
494 3868 670 3942 delectent,
699 3871 869 3948 totamque
894 3863 1033 3932 re'ddant
1047 3887 1105 3932 ec-
1156 3871 1256 3934 nachi
1296 3871 1338 3932 de
1373 3869 1575 3931 monasterio
1613 3869 1725 3930 vestro
1760 3867 1951 3941 resideant,
1999 3901 2016 3918 -

308 3964 445 4027 alesiam
472 3967 669 4043 speciosam.
689 3967 755 4028 Sed
770 3969 892 4044 quanto
912 3967 1007 4028 nobis
1031 3971 1104 4044 ejus
1156 3969 1296 4030 Domino
1310 3965 1509 4028 famulantes
1534 3965 1601 4027 :ad
1616 3965 1953 4044 quorumcustodiam

307 4063 495 4138 gratiorest
506 4063 684 4139 proiectus,
696 4063 788 4124 tanto
804 4063 1012 4126 delectusest
1025 4081 1105 4141 gra-
1157 4066 1259 4129 abbas
1275 4079 1378 4126 unum
1403 4065 1565 4133 instituet,
1578 4065 1615 4124 ut
1635 4066 1810 4136 rectorem,
1837 4077 1946 4139 quem,

210 4172 212 4176 ’
306 4159 392 4230 sior,
405 4158 434 4218 si
449 4158 580 4234 quando
593 4161 774 4236 propagata
790 4159 956 4236 plantaria
979 4161 1104 4224 vitian-
1157 4164 1287 4241 quoties
1302 4162 1457 4234 voluerit,
1474 4161 1597 4239 poterit
1619 4163 1838 4236 commutar03
1856 4160 1890 4222 et
1904 4159 1953 4222 sic

308 4256 373 4328 tur,
388 4255 441 4316 vel
463 4254 498 4316 in
514 4255 633 4318 alienae
648 4257 726 4318 vitis
749 4257 1005 4320 amaritudinem
1029 4274 1105 4321 ccr—
1159 4261 1335 4336 utrumque
1359 4259 1597 4321 monasterium
1621 4273 1752 4335 semper
1771 4257 1832 4318 sub
1852 4255 1952 4318 unius

307 4353 520 4427 rumpantur;
544 4351 658 4414 dolore
681 4353 899 4428 confodimus,
923 4357 961 4417 et
982 4355 1105 4417 rubore
1158 4355 1831 4432 tantumabbatisregiminegubernetur=
1847 4355 1955 4415 caris·

308 4445 1104 4532 contundimnsvehemenu,quumnonnunquam
1158 4455 1243 4516 simo
1254 4455 1290 4516 in
1301 4453 1432 4516 Christo
1447 4454 1517 4515 illio
1538 4455 1651 4514 nostro
1664 4451 1836 4513 Friderico
1848 4451 1954 4527 impe-

307 4545 361 4606 331
380 4545 587 4621 contagione,
609 4547 741 4610 sincera
757 4549 857 4611 etiam
880 4549 1021 4612 turbare
1045 4567 1103 4613 so·
1159 4553 1272 4613 ratore
1287 4554 1512 4613 Romanorum
1525 4549 1648 4611 illustri
1660 4564 1792 4626 semper
1800 4547 1952 4625 augusto,

306 4642 409 4715 leant,
430 4643 463 4706 et
489 4647 636 4722 turpare.
660 4648 769 4718 Quare
791 4663 919 4709 summo
943 4649 993 4710 est
1010 4647 1106 4710 nobis
1148 4651 1192 4715 ,et
1206 4663 1285 4725 rege
1297 4649 1436 4721 Siciliae,
1449 4647 1607 4725 quidquid
1627 4647 1662 4708 in
1677 4647 1880 4708 monasterio
1895 4646 1954 4707 illo

308 4740 418 4804 studio
433 4741 686 4819 providendum,
711 4745 747 4806 ut
771 4759 845 4821 quae
860 4744 943 4807 adeo
968 4761 988 4807 a
1013 4743 1105 4822 ligno
1159 4747 1201 4808 ad
1218 4763 1293 4807 eum
1309 4743 1954 4822 pertinueratvobisdoassensunostro

307 4839 386 4902 vitae
395 4839 608 4917 degenerant,
618 4841 650 4902 et
663 4857 735 4918 quae
749 4841 931 4905 debuerant
941 4858 1014 4904 esse
1024 4843 1107 4905 odor
1158 4844 1314 4916 donante,
1326 4844 1411 4905 sicut
1423 4843 1539 4920 inejus
1549 4842 1735 4920 privilegio,
1748 4857 1850 4904 aurea
1863 4840 1955 4902 bulla

307 4939 386 5000 vitae
400 4939 435 5000 in
446 4939 560 5006 vitam,
574 4937 660 5000 lacta
673 4937 756 5000 odor
770 4939 887 5002 mortis
905 4941 940 5001 13
953 4943 1104 5013 mortem,
1159 4943 1297 5014 munito,
1313 4941 1445 5018 planius
1461 4941 1661 5002 continetur.
1681 4939 1837 5001 volentes
1852 4939 1956 5015 igitur

309 5036 346 5097 ut
369 5036 462 5098 nullo
482 5037 620 5098 culturae
647 5035 758 5098 studio
773 5037 890 5098 reduci
914 5039 1043 5115 possint
1064 5037 1106 5098 ad
1160 5039 1379 5117 praenotatam
1391 5037 1637 5110 unionem,nec
1652 5053 1721 5097 non.
1731 5037 1878 5113 ejusdem
1892 5035 1957 5095 im-

307 5131 483 5210 pristinam
496 5132 699 5208 qualitatem,
710 5132 749 5194 de
762 5133 859 5194 11333
869 5135 1001 5195 Domini
1014 5134 1108 5195 radi·
1162 5136 1326 5214 paraturis
1338 5136 1549 5199 donationem
1559 5133 1729 5212 perpetuis
1739 5133 1860 5194 durare
1870 5133 1957 5194 tem-

308 5229 395 5291 citus
416 5229 612 5301 evellantur,
630 5230 795 5306 quatenus
822 5230 889 5292 alia
914 5232 1108 5308 plantentur
1161 5235 1308 5310 poribus,
1335 5248 1409 5295 eam
1432 5232 1630 5294 auctoritate
1652 5229 1843 5307 apostolica
1870 5245 1954 5292 con-

308 5327 344 5389 13
360 5341 411 5391 33.
429 5342 501 5404 quae
512 5326 791 5402 gratumDomino
805 5327 947 5391 fructum
958 5331 1107 5406 tempore
1161 5331 1342 5402 firmamus,
1366 5331 1399 5392 et
1433 5328 1613 5407 praesentis
1630 5327 1745 5405 scripti
1780 5325 1955 5404 privilegio

307 5443 369 5488 suo
379 5423 529 5487 reddant.
543 5425 631 5486 Sane
646 5441 721 5486 cum
738 5427 978 5488 monasterium
993 5427 1106 5490 Sancti
1161 5429 1415 5491 communimus.

343 5619 383 5693 (l)
398 5619 534 5679 tumores
549 5635 557 5677 :
571 5619 698 5680 cultores
712 5598 1044 5691 (nundinans'l'uaas.
1058 5625 1092 5683 de
1107 5623 1288 5695 ccacmartc,
1303 5619 1361 5693 16.)
