4274 6388
322 273 380 336 311
937 274 1114 340 HONORII
1136 274 1181 338 111
1202 277 1352 338 orlani..
1902 277 1964 338 312

324 447 472 510 cessum,
500 425 668 500 devotioni
693 421 815 500 vestrae
841 451 901 512 per
929 419 1118 513 apostolica

325 532 450 609 scripta
464 532 670 606 mandamus,
688 533 863 611 quatenus,
880 535 909 593 si
929 548 983 594 res
1007 533 1055 594 ita
1083 548 1118 594 se

325 628 441 701 babet,
476 630 732 706 praesumptores
767 630 957 706 hujusmodi
992 629 1119 691 tamdiu

325 726 551 802 appellatione
570 728 696 789 remota
726 727 1031 788 excommunicatos
1052 743 1118 803 pu-

326 822 414 884 blice
428 823 588 885 nuntietis
610 824 643 885 et
664 823 795 885 faciatis
818 823 859 884 ab
874 823 1026 885 omnibus
1042 839 1119 885 arc·

326 919 394 980 tius
409 920 539 992 evitari,
556 918 660 982 donec
679 921 818 997 praefato
838 922 995 998 episcopo
1015 921 1118 982 satis-

327 1015 471 1078 fecerint
483 1019 708 1094 competenter
722 1019 755 1080 et
774 1033 848 1079 cum
863 1018 984 1081 litteris
998 1018 1120 1081 vestris

328 1113 380 1174 rei
409 1107 533 1174 seriem
556 1114 802 1177 continentibus
828 1114 870 1176 ad
897 1114 1120 1191 apostolicam

327 1209 1118 1282 Sedemvenerintabsclvendi.DatumLaterani,

331 1308 361 1366 ll
376 1306 536 1370 kalendas
550 1308 678 1384 aprilis
690 1307 901 1385 pontificatus
916 1309 1022 1372 nostri
1033 1323 1120 1370 anno

330 1404 481 1480 septimo.

673 1680 781 1769 XCII

356 1881 360 1888 ·
382 1849 435 1908 Ad
452 1849 774 1911 earnemcarnem
787 1851 828 1910 dc
840 1847 1065 1912 Novocastro.

614 1979 632 2036 l
651 1978 747 2050 aprilis
760 1978 839 2036 litt.

362 2097 512 2163 [Zeelerden
525 2100 658 2152 Urlrendeu
669 2101 718 2151 den
729 2101 796 2152 stadt
805 2101 879 2160 Bern,
892 2099 973 2160 inor,
987 2115 1013 2150 n.
1025 2099 1091 2164 tm]

329 2201 381 2281 'Eis
395 2225 511 2284 mandat
524 2233 555 2286 ut
570 2241 585 2285 a
601 2227 765 2285 monasterii
778 2225 968 2284 llerilacensis
987 2225 1121 2282 molesta·

530 2315 607 2372 tione
622 2315 746 2373 indebita
762 2315 911 2373 desistant.

372 2431 1040 2510 Honoriusepiscopus,servusservorum
1051 2430 1121 2501 Dei,

332 2525 463 2590 dilectis
487 2529 566 2590 liliis
588 2529 754 2591 nobilibus
773 2530 856 2590 viris
878 2529 990 2591 Ulrico
1012 2529 1124 2590 comiti

333 2622 374 2684 de
401 2627 607 2688 Novocastro
633 2628 666 2689 et
694 2627 865 2698 Bertolde,
893 2627 1005 2703 nepoti
1031 2629 1121 2703 ejus,

332 2721 473 2783 salutem
487 2725 520 2784 et
533 2724 756 2801 apostolicam
768 2723 1042 2784 benedictionem.

373 2819 644 2894 Significantibus
672 2821 802 2883 dilectis
830 2820 920 2892 tiliis,
941 2819 1059 2881 abbate
1085 2835 1125 2880 ac

331 2917 496 2978 conventu
520 2917 745 2982 Herilacensis
764 2916 959 2978 monasterii
982 2933 1042 2978 nos
1063 2931 1125 2978 no-

331 3013 448 3074 veritis
463 3015 642 3091 accepisse,
662 3014 762 3091 quod,
779 3031 879 3092 quum
893 3029 913 3075 a
935 3013 1124 3075 fundatori·

332 3107 394 3168 bus
422 3109 528 3185 ipsius
554 3111 749 3171 monasterii
773 3111 932 3192 statutum
960 3110 1060 3172 luerit
1083 3110 1124 3172 ab

333 3205 470 3282 antiquo
485 3207 571 3283 quod
595 3207 681 3268 idem
706 3207 944 3270 monasterium
958 3223 1025 3269 uno
1041 3207 1126 3268 dun-

332 3303 428 3366 taxat
441 3305 631 3369 oontentum
646 3321 720 3367 esse
742 3303 860 3366 debeat
880 3304 1052 3378 advocato,
1069 3305 1124 3383 qui

328 3402 408 3476 jura
420 3400 576 3462 defendat
586 3402 694 3478 ipsius
705 3401 746 3462 ab
760 3401 947 3462 incursibus
960 3401 1126 3476 maligno-

331 3512 417 3569 rum,
431 3513 490 3560 vos
507 3497 630 3559 ibidem
645 3497 826 3560 advocatiae
846 3498 990 3558 odicium
1009 3499 1124 3560 contra

332 3594 490 3656 statutum
505 3595 678 3672 praeiatum
691 3595 827 3656 insimul
846 3596 1041 3657 exercentes
1058 3612 1125 3657 non

332 3691 439 3753 solum
463 3691 640 3754 defendere
663 3707 730 3753 nou
751 3692 876 3754 curatis
899 3692 1044 3765 eosdem,
1064 3709 1125 3756 ve-

331 3803 405 3848 rum
420 3790 520 3852 etiam
534 3789 576 3850 ab
591 3791 640 3852 eis
655 3789 802 3852 indebita
822 3790 973 3867 quaedam
989 3790 1124 3866 exigere

331 3900 371 3948 ac
394 3886 592 3964 extorquere
617 3883 763 3948 nitimini
787 3887 897 3948 minus
913 3888 1013 3964 juste,
1034 3887 1124 3964 ipsos

331 3998 433 4058 super
460 3983 524 4044 hoc
546 3984 666 4046 illicite
688 3983 906 4046 molestando.
934 3984 1018 4055 Quia
1045 3999 1124 4045 vcro

331 4079 578 4157 praemissorum
600 4079 729 4141 abbatis
751 4080 785 4142 et
803 4081 984 4142 conventus
1003 4095 1126 4155 grava·
1201 4115 1204 4120 -

330 4191 407 4236 men
431 4176 614 4238 indebitum
638 4176 891 4238 conniventibus
912 4176 1017 4238 oculis
1042 4191 1123 4254 per-

331 4272 476 4332 transire
491 4287 552 4334 nec
566 4273 721 4334 volumus
738 4288 801 4333 nec
818 4272 987 4344 debemus,
1003 4273 1127 4334 nobili-

330 4369 432 4430 tatem
444 4369 589 4430 vestram
600 4369 781 4444 rogandam
794 4369 951 4431 duximus
967 4371 1124 4432 attentius

331 4465 364 4526 et
384 4464 583 4526 monendam
604 4480 664 4540 per
682 4465 872 4541 apostolica
888 4466 982 4530 vobis
1002 4469 1125 4543 scripta

330 4562 538 4634 mandantes,
553 4562 717 4639 quatenus
732 4561 773 4622 ab
797 4577 912 4623 eorum
934 4564 967 4625 et
987 4578 1124 4626 monas·

330 4660 408 4724 terii
422 4660 476 4722 sai
497 4675 598 4736 super
612 4659 796 4737 praemissis
817 4660 1046 4722 molestatione
1068 4661 1124 4722 in-

331 4758 441 4820 debita
456 4757 637 4820 desistatis.
653 4756 810 4833 Alioquin
824 4756 1009 4818 venerabili
1031 4757 1126 4820 tratri

330 4854 683 4920 nostronausannensr
694 4855 849 4930 episcopo
861 4855 894 4914 et
904 4854 1034 4916 dilectis
1047 4855 1126 4915 liliis

215 4947 219 4956 '
331 4953 557 5016 Lustriaceusi
583 4952 653 5013 et...
686 4952 800 5012 Sancti
832 4951 930 5012 Marii
959 4951 1126 5027 prioribus

331 5051 449 5112 damus
470 5050 595 5112 nostris
614 5047 736 5110 litteris
755 5049 791 5108 in
815 5048 993 5122 mandatis,
1011 5050 1046 5111 ut
1068 5064 1126 5111 vos

331 5146 373 5208 ad
402 5145 436 5205 id
464 5146 647 5207 monitione
670 5145 843 5221 praemissa
868 5159 1126 5220 percensuram

329 5242 591 5306 ecclesiasticam
618 5242 843 5320 appellatione
876 5242 1003 5306 remota
1036 5259 1128 5306 com-

331 5340 467 5419 pellant.
484 5340 603 5400 Datum
624 5339 792 5411 Laterani,
810 5342 840 5400 Il
863 5355 968 5402 nonas
997 5341 1125 5418 aprilis,

330 5435 541 5516 pontificatus
555 5435 662 5497 nostri
675 5451 763 5498 anno
779 5436 932 5512 septimo.

1502 421 1630 532 xun

1173 595 1225 655 Ad
1242 593 1496 656 monasterium
1523 597 1557 656 S.
1573 597 1701 656 Marte
1722 594 1965 669 forisportam

1477 703 1666 763 Faventia.

1460 829 1478 887 l
1490 830 1587 904 aprilis
1602 829 1680 888 lant.

1289 952 1440 1019 [liittaralli
1452 955 1538 1005 ncces.
1550 953 1610 1003 bist.
1628 953 1773 1012 Faventia„
1785 951 1853 1018 lla]

1175 1077 1752 1152 Compositionemsuperpossessionibus,
1760 1077 1889 1148 decimis,
1898 1085 1965 1148 ete,

1433 1167 1537 1225 tactam
1550 1165 1710 1226 contrmat.

1215 1283 1384 1345 Honorius
1393 1283 1579 1360 episcopus,
1588 1297 1703 1344 servus
1716 1297 1888 1360 servorum
1894 1282 1966 1356 Dei,

1176 1379 1305 1441 dilectis
1320 1379 1398 1440 liliis
1411 1378 1521 1442 abbati
1536 1380 1569 1443 et
1583 1379 1761 1440 conventui
1773 1377 1967 1440 monasterii

1178 1479 1211 1538 s.
1232 1478 1348 1538 Mariae
1372 1476 1601 1554 forisportam
1626 1477 1805 1545 Faventia,
1827 1476 1967 1538 salutem

1177 1575 1209 1634 et
1221 1573 1445 1651 apostolicam
1459 1574 1732 1636 benedictionem.

1218 1673 1323 1742 Quum
1335 1660 1354 1732 a'
1367 1671 1463 1733 nobis
1487 1671 1611 1748 petitur
1624 1670 1710 1749 quod
1731 1671 1856 1748 justum
1874 1669 1924 1731 est
1935 1669 1969 1730 et

1177 1767 1364 1841 honestum,
1380 1770 1448 1832 tem
1470 1768 1567 1844 vigor
1588 1767 1754 1845 aequitatis
1774 1781 1871 1843 quam
1887 1766 1969 1827 ordo

1139 1883 1144 1890 ·
1182 1865 1289 1940 exigit
1320 1865 1462 1927 rationis
1497 1867 1534 1927 ut
1559 1865 1592 1926 id
1622 1879 1683 1942 per
1714 1863 1970 1925 sollicitudinem

1177 1959 1968 2038 offleiinostriaddebitumperducaturetiactum.

1178 2056 1370 2133 Eapropter,
1400 2056 1512 2118 dilecti
1536 2058 1571 2118 in
1593 2057 1732 2117 Domino
1754 2057 1826 2128 tilii,
1847 2055 1968 2116 vestris

1174 2153 1274 2231 justis
1298 2152 1579 2229 postulationibus
1611 2153 1705 2228 grato
1732 2153 1969 2214 concurrentes

1177 2267 1327 2324 assensu,
1358 2251 1639 2328 compositionem,
1657 2263 1729 2326 quae
1751 2249 1913 2310 intervos
1928 2263 1972 2310 ex

1177 2349 1271 2426 parte
1284 2364 1350 2409 una
1373 2350 1405 2410 et
1433 2347 1646 2424 praepositum
1660 2348 1694 2408 et
1710 2345 1891 2422 capitulum
1906 2347 1972 2406 Fa-

1177 2445 1348 2508 ventinum
1363 2461 1406 2506 ex
1427 2446 1544 2516 altera,
1570 2458 1670 2521 super
1689 2441 1968 2519 possessionibus,

1179 2544 1328 2615 decimis,
1344 2542 1527 2604 redditibus
1546 2543 1579 2604 et
1591 2541 1690 2602 rebus
1702 2540 1789 2611 aliis,
1806 2539 1972 2600 mediante

1179 2642 1371 2702 cesenaten.
1381 2640 1536 2717 episcopo
1549 2640 1582 2700 et
1594 2639 1724 2700 dilectis
1735 2636 1814 2698 liliis
1822 2639 1857 2697 B.
1871 2637 1971 2697 Esino

1179 2737 1212 2800 et
1225 2740 1269 2798 M.
1285 2736 1477 2799 Faventinis
1495 2735 1665 2797 canonicis
1682 2732 1903 2795 amicabiliter
1915 2731 1972 2792 in-

1178 2833 1331 2901 tervenit,
1346 2833 1433 2894 sicut
1444 2833 1516 2894 sina
1531 2832 1695 2909 pravitate
1710 2845 1777 2907 pax
1791 2828 1869 2890 iude
1883 2828 1971 2890 laeta

1180 2930 1240 3004 est,
1262 2932 1295 2993 et
1310 2930 1350 2992 ab
1374 2931 1514 3006 utraque
1534 2929 1627 3006 parte
1647 2929 1763 3005 sponte
1779 2927 1922 3002 recepta,
1939 2926 1974 2988 et

1180 3029 1341 3090 hactenus
1358 3027 1495 3103 pacifice
1514 3027 1700 3098 observata,
1724 3025 1757 3086 et
1784 3025 1819 3085 in
1843 3023 1972 3083 instru-

1179 3127 1290 3187 mento
1317 3124 1393 3186 inde
1419 3123 1570 3186 coniecto
1602 3123 1733 3199 plenius
1767 3119 1968 3192 continetur,

1180 3222 1376 3285 auctoritate
1398 3222 1588 3299 apostolica
1620 3219 1871 3292 confirmamus,
1906 3217 1969 3280 etc.

1180 3320 1297 3381 Datum
1308 3318 1475 3391 Laterani,
1493 3319 1523 3379 ΙΙ
1537 3333 1615 3380 nou.
1632 3317 1759 3394 aprilis,
1774 3332 1862 3378 anno
1888 3331 1970 3392 sep-

1179 3417 1271 3478 timo.

1513 3653 1638 3741 XCIV

1179 3826 1231 3885 Ad
1241 3821 1469 3900 praepositum
1489 3821 1523 3884 et
1542 3821 1730 3896 capitatum
1747 3820 1969 3883 Fuccnttnos.

1462 3951 1480 4009 i
1495 3951 1594 4024 aprilis
1609 3950 1689 4008 1223.

1288 4073 1436 4140 [llittarelli
1449 4074 1548 4125 decess.
1560 4072 1621 4124 hist.
1629 4074 1745 4133 Favent,
1758 4087 1784 4137 p.
1795 4071 1863 4138 itt]

1180 4184 1969 4274 compositionemsuperpossessionibus,decimis,etc,

1435 4286 1540 4344 iactam
1555 4285 1715 4344 confirmat.

1219 4399 1969 4481 HonoriusepiscopusservasservorumDei,

1180 4498 1970 4578 dilectisnlnspraepositoetcapitulanavennno,

1181 4606 1320 4668 salutem
1336 4604 1368 4665 ct
1380 4602 1602 4679 Apostolicam
1617 4600 1891 4662 benedictionem.

1219 4703 1324 4764 Justis
1348 4699 1529 4777 petentium
1557 4698 1732 4759 desideriis
1757 4696 1893 4772 dignum
1923 4696 1974 4758 est

1181 4815 1242 4861 nos
1262 4799 1393 4860 facilem
1418 4795 1567 4874 praebere
1593 4809 1803 4865 consensum,
1832 4796 1865 4855 et
1883 4793 1971 4865 vota,

1182 4913 1254 4973 quae
1277 4892 1451 4956 arationis
1466 4892 1599 4953 tramite
1615 4905 1681 4952 non
1701 4888 1903 4962 discordant,
1921 4889 1974 4950 ei-

1182 4993 1269 5054 lectu
1302 4990 1520 5067 prosequente
1560 4987 1737 5064 complere.
1779 4988 1973 5062 Eaprcpter,

1182 5089 1294 5150 dilecti
1310 5089 1344 5148 in
1359 5087 1497 5148 Domino
1513 5085 1585 5156 lilii,
1607 5085 1727 5146 vestris
1744 5085 1845 5160 justis
1856 5085 1974 5159 postu·

1182 5177 1975 5260 latioribusgratoconcurrentesassensu,coru-

1183 5277 1976 5362 positionemquaeintervosexparteunaeicon-

1182 5382 1316 5442 ventum
1332 5377 1526 5440 monasterii
1548 5377 1580 5434 S.
1602 5374 1717 5434 Mariae
1737 5373 1818 5434 soris
1846 5375 1975 5450 portam

1184 5477 1400 5540 Faventinam
1426 5487 1469 5535 ex
1495 5473 1611 5544 altera,
1638 5471 1974 5548 superpossessioni-

1182 5574 1255 5648 bus,
1270 5574 1417 5645 decimis,
1434 5568 1617 5632 redditibus
1632 5570 1664 5630 et
1680 5567 1778 5629 rebus
1795 5566 1881 5641 aliie,
1899 5583 1973 5628 rne-

2132 4923 2135 5038 l
