4262 6382
1732 313 1793 372 838

769 314 995 376 EPISTOLAE.
1020 314 1097 374 ute.
1122 315 1176 374 IX.

155 319 214 378 837

194 475 341 538 Dilectus
364 474 451 536 tilius
466 473 654 535 Beruardus
678 477 794 534 cantor
811 477 946 536 Menas·
999 473 1108 534 torum
1137 473 1287 549 proximo
1302 473 1477 532 venturum
1501 471 1649 548 partibus
1674 474 1790 534 termi-

153 573 307 638 teriensis
319 570 414 632 nobis
424 570 613 646 significare
623 570 762 641 curavit,
776 571 946 646 quodcum
1000 584 1078 628 num
1088 569 1302 645 assignarim,
1320 583 1383 644 quo
1402 571 1538 644 propter
1552 569 1613 630 boc
1629 573 1742 632 nostro
1755 587 1792 633 se

155 685 300 740 eausam,
318 682 391 745 quae
405 668 494 728 inter
516 667 623 743 ipsum
645 683 688 728 ex
712 670 806 744 parte
827 683 943 738 una,...
1000 667 1192 743 conspectui
1206 665 1444 742 repraesentent
1462 667 1660 728 sententiam
1675 683 1793 746 recep-

154 767 187 828 et
206 765 405 828 abbatissam
427 766 460 826 31
478 765 676 825 conventum
697 764 892 826 monasterii
910 765 945 824 in
1000 763 1094 834 turae,
1134 762 1329 824 discretioni
1358 764 1478 824 vestrae
1511 778 1571 837 per
1602 766 1791 840 apostolica

154 860 882 924 1111113311313111133331311311313(1133331331
900 861 947 920 al·
1000 860 1124 935 scripta
1138 859 1344 930 mandamus,
1362 860 1525 935 quatenus
1545 860 1625 934 ipsis
1642 862 1791 938 partibus

155 963 239 1032 1313,
250 974 349 1036 super
358 958 631 1020 archidiaconatu
643 957 947 1034 ejusdemlociver-
1000 956 1196 1017 auctoritate
1232 957 1346 1017 nostra
1374 956 1513 1016 tirmiter
1537 955 1729 1032 injungatis,
1758 963 1794 1021 ut

153 1059 246 1129 titur,
272 1057 397 1118 decano
424 1054 559 1132 majoris
585 1055 747 1127 ecclesiae,
768 1054 946 1132 praeposito
1000 1053 1192 1128 praescripta
1207 1054 1348 1114 termino
1364 1067 1437 1112 cum
1454 1067 1554 1112 33333
1570 1054 1731 1118 instructa
1746 1055 1791 1116 lta

154 1155 266 1216 Sancti
282 1153 372 1214 Petri
387 1152 420 1214 et
435 1151 597 1227 Volquino
624 1152 784 1213 canonico
801 1151 945 1212 Pather-
1000 1149 1204 1210 sufficienter
1218 1149 1431 1225 compareant
1443 1163 1555 1210 coram
1576 1149 1682 1221 nobie,
1707 1153 1793 1228 quod

153 1242 334 1312 brunnensi
346 1249 538 1310 duxerimus
551 1249 946 1320 committendam,iidem
1001 1247 1115 1308 eadem
1139 1247 1205 1308 dne
1234 1248 1337 1322 possit
1360 1246 1469 1307 debito
1496 1248 1680 1319 terminari,
1708 1250 1792 1326 quod

152 1347 286 1408 biennio
310 1348 345 1408 31
359 1346 502 1422 amplius
523 1349 594 1421 jam
608 1345 723 1422 elapso
746 1345 948 1406 distulerunt
1001 1343 1078 1402 inde
1093 1343 1240 1403 feceritis
1253 1359 1312 1418 per
1333 1345 1464 1404 nostras
1488 1343 1582 1403 vobis
1599 1344 1726 1404 litteras
1741 1346 1813 1414 in-„

151 1446 187 1504 in
214 1447 286 1521 ejus
314 1444 544 1520 praejudicium
570 1443 765 1504 terminare.
791 1443 946 1504 Veientes
1000 1439 1169 1499 limantes.
1181 1439 1272 1509 Quod
1283 1439 1518 1510 sinonomnes
1530 1439 1590 1499 etc.
1601 1442 1717 1500 Datum
1729 1443 1794 1501 La-

152 1542 256 1616 igitur
265 1541 301 1602 ut
314 1541 390 1601 linis
400 1539 514 1601 litibus
527 1540 726 1615 imponatur,
738 1539 861 1600 eisdem
874 1554 948 1599 nos-

153 1639 216 1698 tris
236 1638 353 1698 damus
372 1637 493 1700 litteris
511 1636 548 1698 in
571 1635 811 1712 praecepisset
833 1636 868 1696 in
890 1651 950 1696 eo-‚

155 1734 229 1794 dem
258 1733 391 1808 negotio
418 1733 513 1809 juxta
539 1733 686 1808 priorum
710 1733 948 1793 continentiam

154 1831 342 1892 litterarum
354 1831 485 1892 ratione
499 1831 624 1906 praevia
634 1830 860 1906 procedentes,
873 1845 949 1891 cau-

155 1943 225 1988 sam
237 1928 342 2004 ipsam
357 1927 444 1988 inira
457 1930 525 1988 tres
537 1942 666 1988 menses
681 1928 756 2004 post
768 1928 948 2004 susceptio-

154 2041 230 2086 nem
245 2040 360 2086 earum
384 2024 495 2087 debito
516 2025 587 2084 dne
599 2024 763 2092 decidant.
785 2025 948 2096 Quocirca

155 2121 346 2183 discretioni
374 2123 493 2182 vestrae
520 2127 580 2197 pe'r
604 2121 794 2198 apostolica
825 2121 948 2198 scripta

154 2219 360 2290 mandamus,
377 2221 552 2294 quotenne,
566 2219 596 2278 si
616 2219 694 2279 dicti
705 2218 836 2294 judices
859 2234 948 2294 prae·

155 2317 284 2391 ceptum
295 2316 446 2375 nostrum
459 2316 670 2390 neglexerint
684 2315 877 2392 adimplere,
888 2331 948 2376 vos

155 2413 290 2473 extunc
315 2412 463 2472 eamdem
479 2428 614 2472 causam
638 2414 736 2488 juxta
757 2413 948 2474 earumdem

154 2509 341 2569 litterarum
368 2509 529 2580 tenorem,
554 2509 685 2570 sublato
715 2509 947 2586 appellationis

154 2604 335 2676 obstaculo,
350 2606 511 2668 studeatis
535 2606 700 2668 mediante
724 2607 856 2683 justitia
878 2608 948 2668 ter-

154 2702 292 2764 minare.
307 2702 398 2773 Quod
413 2703 442 2763 si
453 2719 643 2764 333331333
660 2704 712 2764 1113
726 2705 947 2781 exsequendis
1014 2743 1020 2749 -

154 2799 327 2874 potueritis
340 2801 512 2872 interesse,
528 2800 594 2860 duo
605 2802 751 2861 vestrum
767 2801 946 2862 3311111113-

156 2896 266 2956 minus
296 2897 531 2972 exsequantur.
561 2897 680 2956 Datum
709 2897 947 2964 1131313111111

155 2991 229 3051 idus
244 2991 372 3067 aprilis,
389 2991 600 3068 pontificatus
614 2993 721 3053 nostri
744 3008 832 3052 anno
846 3005 945 3053 nono.

506 3319 600 3406 CXL

154 3474 206 3530 Ad
220 3474 397 3542 decertum,
413 3473 695 3532 archidiaconum
718 3470 751 3530 ei
769 3471 948 3530 cantorem

424 3571 674 3628 Pariatccscm.
722 3625 724 3630 ,

437 3706 664 3779 11331111311115.

202 3833 319 3894 [11333313
330 3831 374 3880 lib.
388 3831 432 3890 IX,
445 3844 484 3894 ep.
495 3831 550 3882 260.
562 3830 619 3880 Mas.
631 3831 666 3879 La
677 3829 752 3880 Porto
763 3829 797 3879 du
807 3829 900 3894 Theti]

156 3954 271 4012 Mandat
284 3955 327 4014 eis
341 3962 470 4026 utquam
490 3969 588 4024 causa,
604 3963 667 4026 quae
682 3955 755 4013 inter
774 3954 947 4016 Meldensam

190 4045 355 4114 episcopum
381 4050 409 4098 et
430 4042 602 4100 abbatissam
636 4049 867 4114 conventumque
897 4045 946 4102 Jo-

190 4138 315 4187 trensem
324 4144 409 4202 super
415 4129 611 4202 jurisdictione
622 4129 792 4198 vertebatur,
804 4130 946 4188 sufficien-

189 4224 232 4273 ter
244 4219 378 4274 instructa
392 4215 472 4284 soret,
483 4224 577 4288 partes
586 4215 620 4272 ad
633 4217 735 4272 Sedem
743 4219 946 4288 apostolicam,

190 4305 242 4361 sub
263 4305 384 4361 termino
406 4303 441 4360 ab
462 4303 663 4365 archidiacono
684 4305 818 4362 Trecensi
843 4305 948 4362 adhoc

191 4400 304 4461 statuto,
320 4391 543 4463 comparendum
555 4392 738 4464 compellant.

196 4528 373 4598 Honorius,
389 4527 465 4598 etc.,
487 4526 615 4588 dilectis
645 4527 760 4588 111113...
784 4527 945 4590 decano...

155 4625 401 4696 archidiacone,
418 4627 486 4685 et...
504 4624 632 4685 cantori
648 4625 841 4698 Parisiensi,
856 4626 949 4688 salu-

155 4725 232 4794 tem,
249 4723 310 4784 etc.

195 4823 274 4880 Cum
290 4819 401 4879 dilecti
417 4819 513 4879 lilii...
531 4819 787 4880 archidiaconus
802 4822 949 4881 Trecen-

155 4919 212 4990 sis,
243 4918 275 4979 31
310 4915 445 4990 collegae
473 4916 535 4986 sui,
566 4914 685 4992 quibus
722 4917 947 4978 commisimus

155 5030 301 5085 causam,
329 5027 402 5089 quae
430 5012 519 5073 inter
556 5013 780 5074 venerabilem
810 5013 946 5076 fratrem

1000 1536 1121 1606 terani,
1139 1537 1168 1596 11
1183 1535 1258 1596 idus
1273 1535 1401 1612 aprilis
1418 1550 1505 1596 anno
1522 1551 1619 1598 none.

1339 1856 1455 1942 CXLI

1002 2007 1053 2065 Ad
1071 2007 1327 2076 1133331338.
1345 2009 1466 2082 Acpctt
1484 2009 1665 2067 diaconum
1679 2010 1795 2068 cordi-

1081 2107 1205 2172 cctcm,
1224 2104 1536 2176 apostolicaesedis
1551 2105 1712 2179 13331133.

1286 2231 1510 2304 ioaprtttsttae.

1033 2355 1154 2420 [Regest.,
1171 2355 1217 2408 lib.
1231 2351 1274 2414 tx,
1289 2371 1329 2421 ap.
1340 2355 1395 2406 262.
1410 2357 1468 2406 Mss.
1482 2357 1518 2407 La
1533 2357 1606 2406 Porte
1618 2357 1652 2407 du
1672 2357 1764 2420 Theti]

986 2480 1117 2542 Mandat
1131 2481 1157 2538 ei
1172 2489 1203 2540 ut
1215 2481 1392 2554 diligentiam
1409 2497 1524 2540 omnem
1537 2481 1681 2552 adhibeat,
1696 2499 1732 2540 ne
1754 2487 1793 2542 ci·

1037 2586 1087 2626 ves
1113 2566 1307 2626 Massilienses
1333 2569 1481 2641 cuiusdam
1514 2572 1627 2628 unionis
1660 2580 1797 2644 praetextu

1037 2673 1069 2714 se
1083 2659 1210 2730 episcopi
1226 2658 1414 2716 Massiliensis
1424 2657 1615 2730 jurisdictioni
1630 2659 1797 2718 subtrahere

1038 2753 1222 2818 presumant.
1720 2757 1723 2764 ’

1042 2881 1714 2956 Honoriusepiscopus,servusservorum
1725 2885 1795 2956 Dei,

1002 2976 1200 3040 dilectolilio
1211 2975 1390 3055 R(oman0)
1402 2977 1514 3038 Sancti
1525 2979 1642 3054 Angeli
1657 2979 1797 3043 diacono

1002 3068 1176 3144 cardinali,
1191 3073 1389 3150 spostolicae
1410 3073 1505 3134 Sedis
1519 3073 1639 3150 legate,
1657 3076 1797 3140 salutem

1002 3171 1035 3234 et
1046 3170 1270 3248 apostolicam
1283 3169 1559 3232 benedictionem.

1041 3267 1251 3329 Venerabilis
1269 3267 1375 3330 irater
1398 3270 1560 3332 nostem...
1576 3271 1798 3334 Massiliensis

1002 3365 1176 3442 episcopus
1189 3366 1362 3442 proposuit
1376 3382 1487 3428 coram
1501 3367 1607 3439 nobis,
1626 3370 1798 3445 quodcum

1002 3463 1143 3524 ecclesia
1158 3478 1218 3524 sua
1232 3463 1267 3524 in
1282 3463 1423 3539 quadam
1437 3467 1530 3540 parte
1544 3466 1688 3528 civitatis
1703 3469 1798 3528 Mas-

1003 3560 1160 3633 siliensis,
1177 3577 1250 3636 quae
1271 3560 1312 3620 ab
1337 3561 1404 3622 alia
1430 3563 1529 3622 certis
1559 3564 1719 3626 limitibus
1748 3568 1799 3628 est

1002 3658 1155 3730 discreta,
1176 3657 1443 3734 jurisdictionem
1462 3658 1609 3721 obtineat
1625 3661 1797 3739 tempora-

1002 3755 1077 3828 lem,
1093 3755 1182 3817 eives
1197 3753 1344 3830 ejusdem
1361 3771 1435 3814 cum
1449 3755 1576 3818 civibus
1589 3759 1695 3832 partis
1710 3760 1796 3822 alte-

1002 3853 1072 3914 rius
1098 3852 1241 3912 insnum
1256 3853 1289 3913 et
1302 3851 1521 3912 Massiliensis
1533 3855 1683 3916 ecclesiae
1694 3871 1797 3929 grave

1002 3949 1231 4025 praejudicium
1245 3947 1284 4008 de
1296 3963 1381 4008 novo
1395 3954 1677 4026 praesumpserunt
1687 3953 1797 4014 133313

1003 4047 1170 4116 unionem,
1185 4045 1220 4105 ut
1233 4044 1281 4104 sic
1294 4047 1456 4106 evacuent
1461 4046 1729 4120 jurisdictionem
1740 4067 1797 4112 ec-

1003 4143 1112 4204 clesiae
1124 4141 1334 4218 supradictae.
1348 4145 1428 4202 Cum
1440 4142 1541 4218 igitur
1555 4160 1597 4206 ex
1609 4146 1671 4207 hoc
1680 4164 1794 4222 grave,

1003 4240 1090 4302 sicut
1100 4237 1288 4316 accepimus
1304 4239 1478 4301 imminere
1489 4243 1593 4317 possit
1609 4244 1673 4319 ipsi
1689 4247 1816 4308 eccles

1002 4335 1797 4414 siaedetrimentum,experientiamtuamsollici-

1001 4433 1134 4494 tandem
1150 4433 1305 4492 duximus
1322 4435 1353 4494 et
1375 4433 1584 4508 hortandam,
1602 4455 1662 4514 per
1684 4444 1794 4516 Apes-

1001 4530 1101 4591 tolica
1115 4528 1175 4590 tibi
1191 4531 1312 4606 scripta
1336 4531 1541 4605 mandantes,
1561 4538 1723 4610 quatenus
1738 4555 1794 4598 se-

1002 4627 1144 4687 cundum
1167 4627 1276 4688 datam
1290 4627 1351 4690 tibi
1371 4645 1391 4688 a
1415 4632 1481 4690 Dec
1497 4631 1706 4705 prudentiam
1722 4635 1796 4694 3111-
1861 4657 1864 4666 ’

1002 4724 1125 4785 3331131
1148 4722 1286 4785 obvians
1312 4725 1448 4786 malitiae
1469 4727 1592 4786 civium
1620 4731 1796 4804 praedicto-

1002 4824 1208 4898 1311333133
1233 4837 1338 4892 suum,
1356 4823 1389 4882 et
1412 4821 1571 4884 honorem
1593 4839 1795 4888 conservans

1002 4920 1150 4980 ecclesiae
1170 4919 1379 4994 supradictae,
1395 4919 1484 4980 cives
1499 4921 1589 4996 ipsos
1603 4924 1638 4983 ut
1652 4925 1795 4989 rescissa

1001 5016 1190 5093 hujusmodi
1204 5016 1337 5086 unione,
1353 5015 1581 5080 nonobstante
1592 5021 1793 5095 jnramento,

155 5115 302 5173 nestrum
307 5153 392 5171 .......
428 5109 639 5180 Meldensem,
680 5111 870 5186 episcopum
899 5127 947 5172 'ex
977 5113 1087 5196 quod
1104 5113 1143 5174 de
1167 5129 1205 5173 ea
1231 5112 1394 5173 servanda
1415 5114 1609 5190 praestitisse
1627 5117 1793 5194 dicuntur,

155 5209 248 5285 parte
262 5225 339 5278 una,
355 5209 424 5270 et...
448 5207 661 5274 abbatissam,
678 5209 711 5268 et
737 5209 945 5281 conventum,
1002 5209 1167 5272 civitatem
1184 5210 1289 5285 ipsam
1303 5209 1411 5286 quoad
1426 5211 1584 5287 praedicta
1603 5214 1638 5274 in
1654 5231 1692 5277 eo
1708 5219 1795 5280 statu

155 5306 188 5366 et
202 5306 327 5366 clerum
346 5320 385 5365 ae
401 5305 556 5381 populum
571 5303 757 5366 Jotrensem
773 5321 815 5366 ex
829 5305 945 5379 altera,
1002 5305 1178 5378 dimittant,
1195 5307 1231 5367 in
1255 5321 1319 5384 quo
1346 5308 1495 5368 noscitur
1519 5309 1679 5372 hactenus
1702 5315 1792 5376 exti-

155 5403 295 5464 vertitur
305 5401 757 5477 superjurisdictione,quam
767 5402 854 5462 idem
865 5401 948 5478 epis·
1000 5405 1093 5474 11333,
1110 5403 1239 5465 sublato
1268 5404 1501 5479 appellationis
1528 5406 1711 5481 obstaculo,
1726 5413 1793 5472 tam
1825 5475 1830 5482 ,

156 5515 256 5574 copus
280 5499 315 5557 in
339 5513 397 5558 eos
420 5513 455 5558 se
482 5499 605 5560 babere
620 5498 789 5560 contendit
813 5513 946 5560 causam
1002 5499 1574 5577 (1131113113333333111333331331113
1588 5505 1704 5576 modis,
1720 5510 1796 5584 qui-

155 5597 261 5671 ipsam
271 5595 499 5666 instruxerint,
512 5596 545 5657 et
555 5595 674 5658 festum
686 5595 838 5656 Omnium
848 5598 948 5658 Sanc·
1001 5596 1062 5656 bus
1077 5597 1201 5657 videris
1216 5597 1373 5673 expedire
1388 5599 1579 5674 compellas,
1601 5603 1634 5662 et
1649 5602 1677 5662 si
1700 5621 1795 5670 man·
1916 5655 1919 5667 ,
