4262 6382
360 243 418 302 651
983 243 1158 304 HONORII
1181 245 1225 304 lll
1248 245 1395 304 OPERA.
1956 245 2032 304 652

359 401 450 461 mino
467 401 609 473 Victore,
628 401 720 463 vobis
745 401 976 474 referentibus,
1001 403 1158 465 statutum
1214 403 1368 480 episcopo
1391 403 1673 465 autissiodorensi
1689 402 1748 483 (1),
1773 404 1933 478 salutem,
1950 408 2026 468 etc.

361 501 569 574 agnovimus,
582 499 712 560 firmum
725 500 959 562 etratumesse
972 515 1156 574 censemus,
1254 501 1290 561 Si
1318 517 1383 561 non
1410 500 1507 562 debet
1531 500 1657 563 afflicto
1678 501 1755 563 addi
1780 501 1935 575 afflictio,
1953 521 2028 565 nec

361 599 395 659 et
423 598 646 672 praecipimus,
665 598 700 658 ut
726 597 881 674 deinceps
908 601 945 658 ll.
962 598 1159 660 Guillelmus
1214 598 1337 674 duplici
1353 599 1481 659 conteri
1507 599 1706 660 contritione
1728 600 1903 674 contritus,
1935 602 2025 674 hoc,

362 695 624 770 senogalliensis
639 695 825 772 episcopus,
842 711 903 758 nec
919 696 1010 756 illius
1024 711 1160 759 succes·
1214 695 1248 756 in
1268 696 1320 756 bis
1345 697 1401 773 qui
1423 695 1464 756 ab
1488 694 1639 758 hostibus
1658 699 1803 759 maxime
1818 701 1947 775 captivi
1964 702 2028 761 te-

361 808 454 853 sores
466 793 654 869 inquietare
669 793 813 856 audeant
827 794 1038 856 Benedictum
1054 796 1160 856 Foro-
1214 795 1346 864 nentur,
1382 796 1433 856 est
1460 795 1564 855 multo
1593 793 1712 855 lortius
1749 795 2023 868 observandum,

362 891 645 967 semproniensem
673 891 876 968 episcopum,
901 893 955 952 vel
984 895 1056 969 ejus
1081 908 1160 954 suo-
1213 890 1332 966 quibus
1347 907 1451 968 usque
1467 892 1550 952 adeo
1572 892 1764 969 praecipitur
1780 894 1953 966 misereri,
1984 899 2027 956 ut

362 1004 512 1050 cessores
528 989 562 1048 in
578 991 783 1066 perpetuum.
801 991 934 1062 Quodsi
954 990 1096 1066 amplius
1110 991 1159 1051 in·
1213 989 1440 1052 ecclesiastica
1455 989 1651 1061 substantia,
1669 993 1763 1067 cujus
1776 992 1844 1052 tam
1858 993 2025 1054 districte

362 1086 513 1162 quietare
527 1088 716 1155 tentaverit,
729 1088 772 1150 sit
784 1088 819 1148 in
832 1103 930 1165 poena
942 1088 1159 1150 ducentorum
1213 1087 1373 1149 alienatio
1406 1087 1627 1159 interdicitur,
1652 1103 1767 1148 eorum
1788 1089 2022 1166 redemptioni

362 1184 544 1246 solidorum
567 1199 743 1246 aureorum
764 1185 973 1248 medietatem
1009 1184 1159 1246 ecclesiae
1214 1182 1356 1245 obnoxia
1383 1186 1547 1246 teneatur.
1574 1187 1623 1245 Ex
1648 1185 1743 1260 gravi
1770 1201 1850 1247 sene
1872 1188 2022 1263 querela

362 1281 572 1358 supradictae.
589 1284 705 1344 Actum
721 1284 771 1345 est
785 1283 848 1344 boe
863 1299 977 1344 mense
994 1283 1086 1355 maii,
1105 1283 1159 1344 die

362 1395 443 1440 vero
458 1379 597 1452 decime,
609 1379 791 1442 indictione
806 1381 934 1442 decime
948 1381 1058 1443 tertia.

401 1494 420 1535 s
436 1479 503 1551 Ego
520 1478 655 1552 Sergius
669 1480 792 1540 sanctes
815 1481 974 1540 Romanae
1001 1478 1158 1540 Ecclesiae

362 1574 568 1646 scriniarius,
587 1575 658 1636 haeo
674 1577 749 1638 acta
766 1576 931 1653 scripsi.»

401 1673 616 1734 Decernimus
634 1689 724 1749 ergo,
743 1676 804 1735 etc.
823 1675 858 1736 Si
882 1690 947 1751 que
962 1673 1075 1751 igitur,
1094 1676 1156 1736 etc.

363 1771 497 1831 Cunctis
513 1772 634 1843 autem,
652 1773 714 1832 eie.
732 1776 847 1833 Amen.

401 1870 470 1942 Ego
486 1869 665 1940 Honorius,
683 1869 857 1932 catholicae
879 1869 1038 1932 Ecclesiae
1053 1870 1155 1946 episc.

402 1968 471 2040 Ego
487 1969 594 2040 linge,
611 1965 801 2028 Hostiensis
814 1968 847 2029 et
859 1968 1019 2030 Velitren.
1034 1968 1137 2044 episc.

402 2065 470 2138 Ego
486 2063 654 2138 Pelagius,
670 2063 869 2126 Albanensis
885 2064 1071 2141 episcopus.

402 2162 471 2235 Ego
485 2161 655 2232 Nicoleus,
674 2161 933 2222 Tusculanensis
948 2163 1135 2239 episcopus.

401 2259 469 2332 Ego
496 2259 574 2330 Leo,
604 2258 654 2320 tit.
684 2260 716 2320 S.
745 2260 860 2321 Crucis
890 2259 925 2320 in
947 2260 1157 2322 Hierusalem

364 2353 539 2431 presbyter
550 2356 639 2417 card.

401 2456 470 2529 Ego
486 2455 602 2526 Guela,
619 2457 651 2516 S.
671 2455 805 2517 Martini
818 2455 990 2534 presbyter
1002 2457 1092 2517 card.

404 2554 472 2626 Ego
488 2553 678 2630 Gregorius,
704 2553 793 2614 tituli
817 2556 947 2616 Sanctae
972 2552 1157 2615 anastasiae

363 2649 536 2726 presbyter
550 2651 639 2711 card.

401 2749 470 2822 Ego
484 2749 503 2809 J
505 2763 641 2820 oannes,
661 2749 693 2809 S.
703 2749 866 2810 Praxedis
880 2748 1052 2826 presbyter
1064 2747 1155 2809 card.

401 2847 470 2920 Ego
485 2847 699 2920 Octavianus,
712 2849 769 2908 SS.
781 2847 889 2922 Sergii
899 2847 1155 2909 etBaccbidieo.

401 2945 469 3018 Ego
485 2944 676 3018 Gregorius,
697 2946 729 3005 S.
748 2943 913 3006 Theodori
928 2944 1013 3005 diac.
1031 2942 1121 3006 card.

401 3043 469 3115 Ego
483 3043 664 3112 Romanus,
683 3043 716 3102 S.
732 3041 850 3117 Angeli
866 3041 952 3102 diac.
964 3041 1055 3103 eard.

403 3140 471 3214 Ego
485 3138 683 3214 Stephanus,
699 3141 731 3200 S.
750 3138 889 3199 Adriani
904 3139 991 3199 diac.
1004 3137 1095 3199 card.

401 3238 469 3310 Ego
485 3237 614 3308 Petrus,
632 3238 665 3296 S.
681 3236 815 3310 Georgii
828 3235 868 3296 ad
881 3235 997 3296 Velum
1009 3238 1156 3296 Aureum

362 3333 471 3410 presb.
488 3332 578 3394 card.

402 3429 521 3492 batum
549 3430 717 3502 Laterani,
747 3445 808 3506 per
839 3445 974 3492 menum
1004 3429 1157 3505 magistri

363 3527 535 3600 Gnidonis
556 3529 682 3588 domini
706 3543 800 3605 papae
829 3528 963 3599 notarii,
988 3530 1063 3590 XIV
1088 3527 1154 3588 kal.

358 3626 458 3702 junii,
479 3625 594 3686 indict.
616 3628 687 3697 llll,
711 3626 955 3687 incarnationis
975 3624 1156 3686 bominicee

362 3739 451 3784 enno
469 3723 668 3795 MCGXXIV,
690 3723 903 3800 pontificatus
926 3739 1006 3785 vero
1031 3723 1155 3785 domini

362 3821 501 3886 Houorii
516 3837 611 3898 papea
624 3824 668 3883 lll
685 3837 772 3884 anno
787 3821 916 3883 octavo.

670 4133 857 4221 ccxxvi

383 4289 435 4348 Ad
456 4287 661 4355 Heare'com,
681 4283 1018 4348 aacaseouoreasem
1032 4287 1136 4359 episc.

647 4415 683 4472 bb
708 4414 775 4471 maii
803 4415 881 4472 lael.

364 4541 499 4608 [bouquet.
511 4539 570 4590 ileo.
584 4539 627 4589 des
639 4539 743 4598 tristor,
759 4537 897 4669 13ku
912 4541 1019 4604 Regest„
1035 4539 1080 4590 lib.
1091 4541 1158 4599 vlll,

680 4619 753 4683 epist.
801 4619 834 4684 l.]

364 4730 435 4789 Cum
450 4724 642 4800 Philippusde
652 4725 822 4796 Curtlniaeo,
838 4727 1040 4785 Nemoreonsis
1050 4739 1157 4795 eomes,

396 4819 460 4892 jure
485 4831 538 4873 suo
566 4815 848 4873 autissiodorensem
864 4822 893 4873 et
912 4815 1159 4872 Tornodorensem

399 4915 499 4974 terres,
513 4905 645 4978 injustas
661 4905 831 4962 Nivernensi
849 4905 954 4961 comite
965 4917 1000 4961 ec
1014 4905 1158 4961 comitissa

398 5001 563 5066 occupatas,
577 4999 749 5064 reposceret,
764 4991 882 5050 mandat
896 4991 1039 5049 Honorius
1055 4997 1087 5048 ut
1105 4992 1158 5050 Co·

399 5083 509 5142 misisse
525 5080 561 5138 ad
576 5079 693 5138 cesdern
712 5079 902 5139 restituendas
916 5087 1017 5148 terres,
1033 5078 1159 5138 nondum

399 5177 546 5244 comperto
565 5170 651 5240 Petri,
672 5171 835 5228 Graeoorum
855 5168 1045 5241 imperatoris,
1070 5168 1159 5238 obitu,

399 5259 596 5334 compelletur.

1214 1282 1334 1344 nobilis
1350 1282 1415 1342 viri
1440 1282 1585 1359 Philippi
1613 1279 1743 1345 comitis
1770 1285 2022 1346 Namurcensis

1213 1379 1413 1455 accepimus,
1429 1379 1514 1457 quod
1524 1379 1718 1440 carissimus
1730 1381 1765 1441 in
1776 1381 1907 1443 Christo
1922 1383 2021 1442 iilius

1213 1479 1326 1538 noster
1342 1481 1378 1537 P.
1396 1476 1455 1556 (2),
1467 1477 1648 1555 imperator
1669 1479 2021 1556 Constantinopolita-

1214 1591 1276 1636 nus
1290 1575 1444 1647 illustris,
1471 1575 1635 1652 quondam
1650 1591 1761 1638 comes
1776 1578 2016 1650 Nivernensis,

1213 1675 1308 1750 pater
1322 1672 1437 1749 ipsius,
1453 1673 1548 1748 signo
1562 1673 1671 1734 crucis
1686 1677 1833 1751 accepto,
1850 1691 1888 1736 se
1903 1676 2017 1737 devo-

1212 1787 1293 1832 vens
1309 1769 1350 1832 ad
1370 1770 1554 1832 subsidium
1566 1774 1677 1833 Terrae
1703 1774 1833 1834 Sanctae
1848 1789 1926 1834 cum
1938 1775 2017 1835 ter-

1212 1868 1260 1930 ris
1288 1869 1321 1930 et
1344 1866 1460 1929 liberis
1489 1869 1569 1940 suis,
1597 1867 1702 1930 donec
1731 1870 1772 1930 de
1796 1871 1907 1933 reditu
1940 1875 2017 1948 ejus

1212 1965 1264 2027 vel
1280 1967 1386 2027 morte
1401 1965 1579 2038 constaret,
1594 1966 1655 2027 sub
1674 1967 1865 2044 apostolica
1882 1969 2015 2045 recipi-

1213 2064 1416 2140 protectione
1445 2064 1614 2135 meruerit,
1645 2065 1733 2126 sicut
1760 2065 1795 2125 in
1827 2067 1956 2128 nostris
1982 2069 2017 2129 et

1212 2161 1308 2222 bonae
1323 2161 1492 2222 memoriae
1508 2163 1533 2221 l.
1550 2164 1650 2237 Papae
1666 2162 1924 2238 praedecessoris
1940 2180 2015 2225 nos-

1213 2258 1254 2319 tri
1268 2257 1390 2320 litteris
1405 2258 1614 2332 coutinetnr;
1631 2260 1664 2321 et
1684 2260 1869 2337 imperator
1889 2261 2011 2337 ipsein

1212 2371 1347 2418 recessu
1360 2371 1431 2423 suo,
1448 2371 1522 2416 cum
1545 2356 1586 2417 ad
1606 2358 2011 2435 constantinopolitanum

1213 2454 1388 2530 imperium
1404 2455 1608 2531 properaret,
1626 2454 1862 2518 Altisiodorum
1877 2457 1912 2517 et
1924 2459 2010 2517 Tor-

1213 2549 1375 2612 nodorum
1390 2567 1465 2611 curn
1491 2567 1605 2612 eorum
1635 2553 1845 2628 pertinentiis
1872 2569 1948 2630 quae
1970 2553 2009 2614 ad

1213 2664 1287 2710 eum
1301 2649 1341 2708 de
1352 2651 1429 2724 jure
1439 2649 1644 2725 spectabant,
1659 2650 1768 2726 quoad
1792 2651 1923 2712 viveret
1946 2655 2011 2712 lm-

1213 2747 1347 2822 peretor
1356 2746 1544 2822 pradictus,
1557 2746 1620 2808 sibi
1630 2748 1842 2819 concesserit,
1854 2749 2009 2825 imposita

1212 2843 1241 2903 ei
1255 2843 1454 2904 necessitate
1465 2843 1693 2906 satisfaciendi
1705 2843 1746 2906 de
1758 2844 1879 2907 debitis
1889 2847 1926 2906 iu
1942 2845 2011 2923 qni·

1212 2941 1273 3000 bns
1284 2943 1377 3018 peter
1388 2957 1468 3002 suus
1479 2942 1700 3003 creditoribus
1710 2943 1896 3015 tenebatur,
1910 2945 2009 3006 clarae

1213 3037 1381 3099 memoriae
1410 3037 1589 3118 Hterveus)
1626 3055 1739 3102 eomes
1776 3041 2006 3114 Nivernensis,

1213 3135 1306 3196 salsis
1328 3135 1368 3197 de
1390 3135 1482 3198 obitu
1505 3137 1611 3212 ipsius
1627 3138 1840 3214 Imperatoris
1855 3139 2007 3201 confictis

1211 3233 1416 3305 rumoribus,
1433 3234 1607 3309 praefatum
1628 3236 1689 3295 Pb.
1713 3237 1812 3298 terris
1836 3236 1905 3296 illis
1927 3253 2008 3315 quas

1212 3331 1269 3391 diu
1284 3332 1358 3408 post
1372 3332 1476 3407 patris
1493 3333 1543 3392 sui
1559 3333 1742 3394 discessum
1753 3333 1789 3394 in
1804 3349 1885 3410 pace
1897 3351 2009 3410 posse

1212 3428 1316 3500 derat,
1332 3443 1391 3504 per
1403 3429 1597 3491 violentiam
1609 3431 1775 3506 spoliavit,
1791 3433 1824 3492 et
1835 3447 1892 3492 eas
1907 3434 2007 3494 etiam

1211 3526 1328 3587 relicta
1345 3529 1416 3602 ejus
1430 3526 1551 3587 nobilis
1566 3528 1687 3589 mulier
1706 3529 1874 3590 comitissa
1887 3531 1917 3590 N
1920 3530 2007 3590 iver-

1211 3624 1326 3684 nensis
1342 3621 1540 3703 (Matbildis)
1555 3625 1700 3708 indebite
1715 3627 1837 3688 retinet
1858 3629 1892 3688 et
1909 3629 2007 3688 resti-

1211 3725 1305 3784 tuere
1327 3721 1536 3783 contradicit.
1560 3726 1669 3795 Quare
1688 3724 1729 3784 de
1745 3724 1935 3800 hujusmodi
1949 3723 2007 3785 de-

1211 3818 1299 3891 bitis,
1312 3835 1385 3895 quee
1396 3819 1437 3880 de
1449 3819 1662 3896 proventibus
1673 3820 1835 3882 dictarum
1843 3823 2004 3882 terrarum

1212 3917 1346 3978 luerunt
1376 3917 1590 3988 exsolvenda,
1623 3917 1779 3980 satisfieri
1807 3934 1873 3980 non
1891 3919 2004 3995 potuit,

1212 4016 1246 4076 et
1260 4016 1461 4076 memoratus
1481 4014 1540 4074 Plr.
1553 4017 1630 4092 jure
1647 4015 1681 4075 in
1708 4017 1757 4076 eis
1779 4031 1937 4078 concesso
1951 4033 2004 4078 re·

1130 4195 1131 4198 ¹
1212 4111 1527 4173 manetdestitutus.

1253 4207 1337 4269 illud
1353 4224 1372 4269 a
1387 4207 1483 4269 nobis
1498 4224 1573 4269 oum
1589 4208 1749 4271 instantia
1762 4209 1945 4286 petebatur,
1958 4211 2001 4282 ut,

1213 4321 1287 4365 cum
1300 4305 1561 4381 praenominatus
1577 4308 1806 4383 imperatorin
1817 4309 2003 4385 captivitate

1214 4403 1257 4464 sit
1271 4403 1416 4463 bostium
1441 4403 1550 4464 adhuc
1565 4405 1692 4476 vivens
1708 4406 1742 4466 et
1765 4419 1841 4466 eum
1864 4405 1961 4467 terrm
1973 4405 2004 4466 et

1213 4500 1328 4561 liberis
1343 4501 1413 4560 suis
1428 4499 1488 4560 sub
1500 4500 1588 4562 beati
1603 4503 1694 4562 Petri
1705 4503 1739 4562 et
1749 4503 1864 4564 nostra
1877 4503 2004 4579 protec-

1213 4599 1303 4661 tione
1323 4598 1495 4670 consistat,
1513 4599 1689 4674 providere
1710 4613 1811 4676 snper
1827 4599 1890 4661 boc
1904 4601 2001 4660 mise-

1213 4694 1390 4756 ricorditer
1405 4693 1632 4770 dignaremur.
1649 4696 1828 4757 Credentes
1851 4696 1952 4772 igitur
1972 4697 2002 4756 te

1213 4791 1380 4867 tamquam
1396 4790 1549 4852 devotum
1576 4791 1698 4852 Christi
1725 4791 1913 4854 ministrnm
1931 4807 2000 4853 mo-

1214 4887 1285 4948 veri
1301 4903 1399 4963 super
1416 4888 1598 4964 praemissis
1618 4889 1859 4965 compassionis
1875 4889 2000 4962 affectu,

1215 4984 1455 5046 fraternitatem
1484 4986 1575 5046 tuam
1601 5001 1757 5061 rogamus
1781 4987 1814 5048 et
1838 4987 2002 5048 hortemur

1214 5083 1350 5152 attente,
1378 5082 1540 5158 quatenus
1564 5083 1766 5145 comitissam
1791 5085 1940 5145 mmdem
1964 5084 2000 5146 ed

1214 5179 1458 5241 restitutionem
1473 5181 1640 5241 terrarum
1650 5181 1798 5257 ipsarum
1814 5181 1953 5243 sollicite
1967 5197 2002 5243 ec

1215 5276 1393 5353 diligenter
1407 5275 1556 5349 inducas,
1574 5277 1620 5340 its
1634 5277 1720 5354 quod
1732 5279 1766 5340 in
1782 5278 1845 5340 boe
1856 5281 1934 5341 tuus
1948 5295 2003 5356 per

404 5377 572 5440 Honorius
602 5379 829 5454 episcopus...,
861 5375 1044 5437 venerabili
1065 5374 1160 5436 tratri
1215 5374 1369 5436 effectum
1384 5376 1546 5496 epparmt
1559 5375 1776 5436 interventus.
1792 5376 1946 5452 Alioquin
1961 5378 2002 5438 di·
2080 5425 2083 5432 .

401 5581 443 5656 (l)
460 5581 582 5640 ilenrico
598 5578 633 5636 de
644 5577 804 5636 villanova.

1252 5576 1291 5650 (l)
1307 5579 1408 5660 Petrus
1420 5577 1455 5634 de
1469 5579 1639 5637 curtiniaco.
