4262 6382
309 297 369 356 tot

235 447 238 456 ¹
308 471 372 518 ntis
386 453 621 532 exsequantur.
631 450 749 514 Datum
765 451 933 524 Laterani,
950 451 1025 514 viii
1040 445 1102 512 ita-

308 553 425 615 lendas
447 550 648 622 novembris,
664 547 876 626 pontificatus
895 543 1001 610 nostri
1014 557 1102 611 anno

309 664 409 712 nene.

657 870 749 956 xlx

309 1037 361 1098 Ad
373 1033 639 1096 archideceuem
662 1032 906 1092 cancellarium
928 1029 962 1091 ei
978 1029 1104 1104 meets-

348 1131 445 1192 trum
478 1129 672 1191 aceruum
702 1130 743 1188 de
769 1129 868 1194 dces,
899 1127 1104 1187 canonicum

349 1228 608 1292 carnotensem.
693 1229 697 1240 '

585 1365 622 1424 ab
634 1363 727 1422 eeteb.
744 1362 824 1422 tart.

343 1493 462 1558 [Regest.‚
475 1489 520 1541 lib.
532 1489 576 1547 tx,
590 1489 664 1554 epist.
673 1487 712 1538 st.
726 1487 782 1538 bles.
796 1488 918 1538 LaPerte
928 1485 962 1536 du
974 1482 1067 1547 rhet]

311 1615 365 1675 D'at
379 1615 422 1673 eie
447 1615 623 1688 provinciam
644 1612 778 1671 audiendi
799 1619 917 1669 causam
941 1623 1005 1684 quta·
1030 1610 1104 1667 inter

344 1702 590 1776 arehiepiscopum
607 1701 870 1774 llothomagensem
888 1708 916 1758 et
930 1707 1103 1757 conventum

344 1793 438 1850 Sancti
454 1791 568 1850 Martini
580 1789 752 1848 vertebatur.
768 1789 885 1847 Mandat
898 1795 928 1846 et
942 1787 1017 1845 bena
1032 1799 1100 1846 con·

331 1881 439 1962 ¹ventui
461 1880 497 1938 ab
512 1877 729 1951 achiepiscope
752 1871 844 1936 ablata
862 1876 971 1934 restitui
987 1874 1101 1944 iaciant,

340 1975 371 2028 et
380 1968 546 2038 decateris,
560 1965 636 2041 quod
642 1967 812 2025 canonicum
825 1965 919 2022 visum
931 1963 1025 2034 luerit,
1042 1977 1104 2037 pro·

343 2057 489 2115 nuncient.

346 2190 515 2252 Honorius
524 2190 711 2268 episcopus,
721 2204 838 2252 servus
848 2204 1019 2252 servorum
1029 2189 1101 2260 Dei,

309 2287 439 2349 dilectis
460 2287 576 2347 liliis...
597 2283 872 2348 archidiacone...
889 2284 1101 2356 cancellarie,

308 2385 341 2448 et
355 2385 514 2460 magistre
529 2383 674 2446 Henrico
688 2384 729 2446 de
754 2387 834 2446 (ires
852 2383 1013 2445 canonice
1029 2383 1105 2443 Car·

310 2481 452 2553 netensi‚
471 2481 624 2553 salutem,
642 2479 704 2542 etc.

347 2577 557 2640 Venerabilis
572 2577 677 2640 irater
690 2572 847 2642 nostem„
858 2575 1106 2652 Rothomagen-

310 2671 357 2737 sis
368 2675 640 2753 archiepiscopus
655 2690 716 2736 sua
729 2674 825 2736 nobis
841 2674 1002 2751 petitione
1010 2688 1106 2733 mon-

309 2771 437 2843 stravit,
449 2771 750 2848 quedde...abhate
761 2788 800 2833 ac
810 2771 982 2833 monachis
992 2771 1105 2832 Sancti

308 2869 445 2932 Martini
471 2871 540 2930 suae
562 2867 716 2930 dioecesis
736 2869 841 2930 multa
868 2867 1004 2931 sinistra
1033 2870 1106 2945 eJus

308 2965 445 3028 auribus
461 2967 572 3042 essent
588 2965 711 3042 saepius
726 2964 903 3038 inculcata,
919 2965 967 3026 ita
981 2965 1018 3026 ut
1033 2964 1106 3025 sine

310 3063 524 3124 conscientiae
551 3061 618 3123 tuae
647 3063 802 3138 scrupulo
825 3077 865 3123 ea
885 3059 1105 3124 transiresub

310 3159 577 3221 dissimulatione
602 3169 668 3220 nen
685 3159 807 3235 posset,
834 3159 1046 3235 ipsevolens,
1074 3159 1106 3220 et

310 3274 391 3329 suae,
417 3259 450 3318 et
480 3256 617 3318 illorum
654 3256 829 3333 previdere
860 3253 971 3328 saluti,
1002 3254 1107 3316 dilec-

309 3355 361 3416 tos
383 3354 508 3414 illios...
528 3353 786 3424 thesaurarium,
803 3354 836 3414 et
857 3352 1052 3428 magistrum
1073 3353 1104 3414 J.

311 3449 351 3512 de
368 3451 505 3520 sareon,
522 3449 720 3510 canonicum
735 3448 1049 3525 Rothemagcnsem,
1064 3448 1105 3509 ad

311 3561 426 3608 cerum
442 3545 681 3607 monasterium
697 3559 771 3606 cunt
793 3545 863 3606 suis
876 3545 998 3608 litteris
1009 3544 1108 3607 desti·

230 3661 240 3672 ⁶
313 3644 414 3714 navit,
427 3643 577 3719 injuncto
594 3638 717 3703 eisdem
733 3645 769 3704 ut
782 3656 881 3720 super
895 3643 949 3704 his
963 3641 1108 3719 diligen-

311 3744 363 3803 ter
383 3740 590 3818 inquirerent
603 3741 791 3811 veritatem,
816 3753 856 3801 ea
876 3755 950 3818 quae
969 3741 1106 3802 inveni-

311 3838 386 3899 rent
402 3825 466 3897 sibi
487 3837 632 3898 fideliter
650 3837 800 3898 relaturi.
822 3837 947 3909 Quibus
963 3837 1109 3900 volenti-

310 3935 372 3995 hus
379 3935 516 4012 exsequi
529 3933 615 4012 quod
629 3933 711 4011 ipsis
723 3935 796 3996 erat
809 3934 1006 4012 injunctum,
1015 3935 1109 4011 prior

312 4032 346 4094 et
363 4033 546 4094 conventus
561 4047 619 4093 eos
641 4031 814 4094 humiliter
834 4033 1049 4108 rogaverunt,
1067 4047 1108 4094 ne

313 4129 348 4192 in
359 4129 431 4206 ipsa
442 4127 658 4206 inquisitione
672 4125 899 4205 procederent,
917 4127 973 4189 sed
987 4143 1110 4206 cxpec-

313 4228 424 4289 tarent
452 4239 623 4303 quousque
637 4224 709 4301 ipse
729 4224 999 4303 archiepiscopus
1023 4217 1109 4288 visl-

314 4323 402 4386 taret
433 4321 655 4399 personaliter
683 4321 792 4382 lecum
816 4321 935 4400 ipsum,
971 4322 1111 4385 firmiter

316 4419 545 4498 premittentes
572 4417 658 4496 qued
687 4419 781 4480 actus
811 4433 889 4482 suos
913 4419 1047 4483 interim
1074 4421 1111 4482 in

317 4516 437 4580 melius
455 4513 686 4578 reformarent.
707 4517 852 4593 cumque
871 4517 950 4580 dicti
969 4517 1110 4582 thesau-

210 4697 215 4706 ι
318 4614 427 4676 rarius
438 4615 472 4676 et
486 4613 667 4675 canonicus
681 4627 796 4674 aerum
808 4613 960 4689 precihus
971 4617 1113 4678 annuis·

318 4715 402 4784 sent,
421 4713 455 4774 et
470 4711 578 4772 tumus
595 4707 753 4780 infamiae,
770 4711 826 4789 qui
844 4711 883 4772 de
896 4712 977 4789 ipsis
988 4729 1111 4775 aseen-

319 4811 423 4882 derat,
439 4811 470 4872 et
483 4808 646 4870 iniecerat
665 4811 735 4885 jam
750 4809 873 4881 vicina,
891 4826 1111 4888 nequaquam,

320 4910 354 4971 ut
368 4908 572 4986 speraverat,
585 4907 809 4978 evanesceret,
822 4907 879 4969 sed
889 4908 930 4968 de
943 4907 996 4970 die
1012 4908 1045 4969 in
1059 4909 1112 4971 die

927 287 1104 353 nemean
1124 291 1170 353 111
1192 273 1342 354 eruar,

1896 285 1959 344 708

1157 451 1263 514 <laetis
1283 443 1380 512 dictis
1396 459 1511 510 eorum
1522 445 1556 508 in
1573 439 1771 524 inquirende
1785 456 1956 522 processu,

1157 548 1229 625 ipse
1256 547 1359 624 prior,
1383 555 1443 622 pre
1467 544 1585 606 abbate
1610 542 1643 605 et
1668 542 1834 604 conventu
1856 539 1960 601 nain

1157 643 1292 720 negotio
1306 644 1380 720 ipse
1395 641 1600 720 procederet,
1622 637 1815 717 appellavit,
1829 637 1958 698 nullam

1158 742 1259 803 aliam
1277 755 1413 802 causam
1434 753 1505 800 suae
1527 735 1743 816 appellationi
1763 735 1956 812 assignans,

1157 837 1224 900 nisi
1237 839 1323 915 quod
1335 852 1401 899 non
1413 833 1554 898 debebat
1564 835 1604 896 ad
1616 833 1868 912 inquisitionem
1878 847 1959 909 pro-

1158 933 1292 1006 cedere,
1318 945 1358 997 ee
1387 933 1473 1011 quod
1503 928 1605 994 abbas
1642 927 1831 992 admonitus
1857 927 1958 990 antea

1158 1031 1276 1103 iuerat,
1307 1031 1340 1092 et
1368 1027 1456 1108 quod
1475 1031 1625 1092 correcta
1654 1027 1751 1089 erant
1776 1024 1958 1087 secundum

1158 1127 1280 1192 statuta
1296 1127 1423 1190 ordinis
1434 1141 1507 1205 quae
1521 1126 1653 1187 lucrant
1667 1120 1884 1200 corrigenda3
1900 1135 1959 1184 ar-

1158 1225 1390 1302 chiepiscopus
1405 1239 1486 1286 vere
1501 1223 1718 1285 considerans
1739 1218 1826 1298 quod
1843 1221 1879 1282 in
1895 1219 1958 1281 de-

1159 1323 1367 1385 nuntiatione
1386 1322 1496 1384 locum
1511 1318 1611 1382 habet
1624 1317 1817 1397 hujusmodi
1834 1318 1954 1379 admo-

1158 1420 1252 1492 nitio,
1269 1419 1302 1482 et
1323 1435 1391 1480 nen
1405 1419 1441 1478 in
1453 1414 1679 1496 inquisitione,
1694 1429 1793 1493 quam
1809 1405 1956 1477 clamosa

1158 1515 1255 1580 debet
1265 1516 1448 1578 insinuatio
1460 1515 1657 1593 praevenire,
1669 1512 1843 1576 attendens
1854 1513 1957 1574 etiam

1158 1615 1243 1692 qnod
1256 1629 1321 1675 non
1332 1616 1407 1676 esta
1418 1612 1625 1675 correctione
1634 1610 1956 1687 excessuumappel-

1158 1711 1305 1786 landum,
1331 1713 1405 1788 post
1426 1710 1571 1772 debitam
1599 1709 1828 1776 monitionem,
1851 1707 1956 1769 abba-

1158 1813 1224 1870 tem
1237 1808 1278 1869 ab
1289 1799 1579 1870 administratione
1589 1806 1834 1884 temporalium,
1842 1807 1874 1868 et
1885 1807 1955 1866 tam

1158 1908 1267 1983 ipsum
1277 1917 1377 1984 quam
1387 1905 1585 1967 conventum
1598 1920 1618 1966 a
1629 1899 1852 1966 celebratione
1867 1901 1956 1964 divi-

1158 2019 1288 2076 norum,
1312 2005 1345 2064 et
1359 2016 1595 2079 campanarum
1611 2001 1799 2078 pulsatione
1814 2013 1957 2076 suspen-

1159 2101 1272 2172 disset,
1298 2101 1363 2177 ipsi
1395 2097 1612 2162 nihilominus
1646 2101 1679 2162 et
1705 2099 1851 2176 pulsare,
1882 2099 1956 2174 ipsc

1158 2193 1259 2256 etiam
1281 2195 1389 2256 adhuc
1415 2194 1590 2271 praesente,
1610 2205 1789 2270 campanas
1807 2193 1841 2254 et
1854 2193 1956 2268 digna

1159 2291 1329 2354 celebrare
1353 2291 1463 2354 cilicia
1492 2291 1790 2368 praesumpserunt,
1821 2291 1958 2367 prepter

1159 2387 1246 2465 qued
1271 2388 1358 2450 idem
1374 2389 1646 2465 archiepiscopus
1672 2387 1707 2449 in
1729 2401 1787 2448 eos
1812 2399 1959 2464 praemo-

1159 2486 1248 2547 nitos
1264 2485 1452 2562 diligenter,
1467 2501 1507 2547 ac
1519 2485 1555 2547 in
1570 2501 1640 2546 suae
1652 2485 1848 2546 rebellionis
1868 2499 1954 2546 cen-

1159 2584 1306 2669 tumacia
1320 2583 1494 2645 induratos
1510 2582 1867 2645 excommunicationis
1880 2597 1956 2643 sen·

1159 2669 1298 2742 te‘ntiam
1313 2680 1547 2758 promulgavit.
1560 2681 1772 2742 Postmodum
1781 2693 1860 2741 vere
1875 2678 1955 2756 quid

1159 2776 1315 2838 monaehi
1338 2776 1485 2854 ejusdem
1509 2774 1575 2862 leci
1598 2778 1629 2839 ei
1644 2793 1688 2839 en
1706 2779 1800 2854 parta
1824 2775 1956 2838 abbatis

1159 2873 1395 2950 resignationis
1427 2873 1555 2936 litteras
1592 2874 1795 2946 obtulerunt,
1832 2873 1958 2951 quihus

1160 2971 1319 3048 inspectis
1337 2972 1446 3048 ipsum
1461 2971 1614 3034 abbatem
1629 2971 1671 3032 ab
1690 2971 1958 3032 administratio·

1160 3070 1213 3130 nis
1228 3084 1309 3131 cura
1325 3084 1535 3147 nequaquam
1555 3069 1727 3130 absolvere
1747 3068 1865 3138 voluit,
1882 3068 1960 3144 qui-

1160 3166 1249 3228 nimo
1268 3166 1440 3228 menachis
1462 3167 1545 3242 ipsis
1564 3181 1722 3244 expresse
1743 3163 1890 3226 inhibuit
1915 3179 1959 3226 ne
1986 3233 1989 3238 Δ

1161 3263 1378 3340 precederent
1407 3262 1448 3323 ad
1473 3262 1668 3325 electionem
1695 3261 1850 3334 alterius,
1882 3277 1958 3324 eum

1161 3361 1269 3421 dictus
1290 3359 1393 3421 abhas
1416 3375 1625 3437 nequaquam
1641 3357 1729 3422 esset
1748 3359 1789 3420 ab
1815 3357 1958 3421 abbatiae

1161 3455 1324 3532 regimine
1344 3450 1527 3526 absolutus,
1544 3455 1656 3532 stipsi
1671 3456 1771 3518 etiam
1787 3455 1883 3532 ligati
1896 3471 1960 3516 ex·
1995 3525 1997 3530 ,

1162 3552 1473 3614 communicationis
1493 3550 1628 3614 vinculo
1642 3553 1848 3625 tenerentur,
1867 3552 1900 3615 et
1914 3567 1957 3614 ne

1162 3666 1259 3713 secus
1283 3648 1394 3711 iacere
1419 3649 1620 3711 attentarent
1641 3664 1701 3726 per
1715 3666 1812 3710 suum
1831 3651 1959 3711 certum

1162 3746 1315 3808 nuntium
1347 3747 1496 3808 nestram
1528 3745 1732 3808 audientiam
1762 3745 1957 3824 appellavit.

1164 3845 1227 3906 Sed
1248 3843 1349 3905 iidem
1370 3846 1442 3921 ejus
1460 3843 1660 3906 inhibitione
1675 3859 1715 3906 ac
1733 3843 1959 3921 appellatione

1163 3942 1370 4018 contemptis,
1392 3939 1432 4002 ad
1454 3939 1652 4003 electionem
1668 3941 1834 4019 suspensi,
1851 3944 1884 4004 et
1899 3957 1961 4004 ex-

1164 4037 1397 4100 eommunicati
1413 4037 1453 4098 de
1466 4037 1553 4099 iacto
1569 4053 1644 4098 oum
1661 4037 1701 4099 de
1715 4039 1869 4115 iurenen
1881 4053 1961 4116 pes-

1164 4137 1237 4197 sent
1250 4134 1431 4212 precedere
1440 4135 1733 4212 praesumpserunt.
1751 4137 1860 4207 Quare
1871 4125 1960 4197 idern

1165 4233 1437 4310 archiepiscopus
1475 4231 1608 4310 petebat
1638 4247 1830 4308 processum
1863 4247 1960 4293 suum

1165 4329 1363 4393 auctoritate
1389 4329 1580 4408 apostolica
1599 4325 1803 4402 confirmari,
1827 4330 1861 4392 et
1878 4345 1961 4407 pre·

1166 4441 1262 4488 cessu
1288 4427 1527 4488 monachorum
1547 4427 1680 4504 penitus
1697 4425 1794 4490 irrite
1809 4427 1964 4490 nuntiate

1166 4525 1256 4603 ipses
1283 4519 1463 4586 monachos
1487 4521 1528 4586 ad
1559 4525 1711 4586 eumdem
1740 4523 1970 4588 absolvendos-

1166 4623 1301 4694 remitti‚
1315 4623 1348 4684 et
1359 4621 1520 4684 canonice
1534 4621 1734 4698 puniendos,
1750 4637 1810 4700 pro
1823 4637 1863 4684 ee
1873 4619 1962 4700 quod

1169 4720 1409 4797 suspensionis,
1438 4723 1472 4781 et
1502 4719 1857 4782 excommunicationis
1883 4734 1963 4782 sen-

1167 4817 1289 4880 tentias
1299 4817 1435 4878 minime
1447 4816 1676 4877 servaverunt.

1207 4911 1257 4976 Ex
1276 4915 1369 4991 parte
1395 4929 1475 4976 vere
1498 4916 1528 4975 J.
1559 4915 1725 4982 monachi,
1756 4915 1813 4991 qui
1840 4914 1963 4977 dicitur

319 5007 425 5082 magis
448 5021 487 5067 ac
506 5003 613 5080 magis
636 5005 816 5066 ascendere
830 5005 1010 5079 videretur,
1026 4999 1112 5068 idem
1168 5011 1304 5084 electus,
1322 5011 1354 5072 et
1368 5011 1550 5072 conventus
1565 5011 1671 5087 ipsius
1686 5011 1882 5074 monasterii
1901 5011 1963 5074 init

320 5104 589 5182 archiepiscopus
599 5101 818 5178 personaliter
830 5103 870 5162 ad
886 5103 995 5165 iocum
1005 5103 1113 5182 ipsum
1168 5109 1372 5188 propesitum
1388 5123 1430 5170 ex
1445 5108 1596 5180 adverse,
1613 5108 1699 5185 qued
1715 5124 1789 5169 cum
1805 5107 1962 5186 prestabis

320 5201 472 5272 accessit,
496 5201 630 5260 visurus
654 5201 763 5260 utrum
786 5199 935 5276 praedicti
955 5201 1057 5263 abhas
1081 5206 1115 5265 et
1169 5207 1439 5283 archiepiscopus
1483 5205 1523 5266 ad
1566 5206 1805 5268 monasterium
1852 5207 1964 5283 ipsum

320 5295 475 5360 monachi
490 5296 679 5370 clamorem,
693 5297 890 5374 qnideipsis
905 5299 1111 5374 ascenderat,
1169 5319 1270 5366 causa
1304 5301 1519 5375 visitationis,
1560 5304 1596 5363 ut
1628 5302 1770 5376 dicebat,
1800 5303 1964 5366 accedens

318 5411 418 5473 opere
429 5393 695 5470 complevissent.
712 5396 792 5456 Cum
806 5411 885 5471 ergo
901 5397 935 5457 in
953 5400 1113 5462 ramentis
1156 5401 1268 5480 veliet
1295 5401 1475 5462 solemnem
1511 5400 1760 5476 inquisitionem
1786 5400 1897 5463 iacere
1929 5403 1964 5463 in

320 5487 449 5554 abbatis
474 5492 508 5553 et
536 5489 668 5568 prioris,
695 5505 734 5553 ac
758 5495 974 5574 quorumdam
998 5510 1115 5559 mona·
1169 5499 1295 5573 eedem,
1305 5497 1380 5575 ipsi,
1390 5498 1468 5559 licet
1481 5499 1517 5558 B.
1529 5497 1608 5558 tunc
1621 5498 1771 5574 ejusdem
1784 5497 1849 5560 loci
1861 5499 1964 5562 abbas

320 5591 457 5652 cherum
473 5587 513 5650 de
535 5588 674 5652 dicenda
690 5589 830 5654 veritate
852 5593 994 5670 receptis
1010 5595 1042 5657 et
1060 5611 1116 5658 re·
1169 5597 1263 5672 gravi
1285 5598 1373 5658 esset
1394 5595 1586 5659 infirmitate
1609 5594 1792 5670 contectus,
1817 5599 1849 5658 et
1876 5597 1964 5660 tama
