4244 6374
165 343 224 402 537

164 499 304 561 clericos
319 497 567 575 expeditionum
588 496 721 557 tuarum
749 493 908 570 angariis,
926 492 959 554 et

164 597 240 657 alils
251 595 468 658 saecularibus
484 592 714 656 exactionibus
733 605 907 668 aggravas,
926 589 959 650 et

163 694 320 755 molestas
342 694 374 754 et
389 693 506 754 contra
519 691 633 752 divina
655 691 688 751 et
715 690 862 750 humana
884 688 957 749 sta-

163 791 283 852 tutain
298 791 454 852 saeculari
480 788 651 865 compellis
663 787 790 863 judicio
818 800 964 866 respen-¹

164 889 253 949 dere.
269 891 375 959 Quum
390 887 501 948 autem
529 887 602 947 haec
617 885 735 946 salutis
750 884 811 946 tibi
825 883 959 960 pariant

164 985 408 1057 detrimentum,
425 985 458 1045 et
477 1000 538 1045 nos
552 999 615 1060 quo
636 982 800 1044 sincerius
822 983 855 1042 te
877 980 958 1040 dili-

163 1083 282 1157 gimus,
295 1097 334 1142 eo
354 1071 513 1142 libentius
537 1095 697 1142 revocare
717 1080 751 1141 te
779 1079 820 1139 ab
840 1079 958 1154 hujus-

162 1180 250 1240 modi
263 1181 447 1255 ouplamus,
464 1178 677 1240 serenitatem
708 1177 835 1251 reglum
856 1189 957 1250 roga·-

163 1293 247 1348 mus,
262 1273 433 1337 menemus
446 1276 479 1338 et
494 1275 667 1336 hortamur
682 1275 819 1344 attente,
834 1273 955 1349 quata-

163 1390 227 1434 nus
245 1390 287 1434 ne
306 1375 421 1434 contra
447 1375 480 1434 te
504 1372 588 1433 iram
615 1374 687 1448 ejus
714 1371 771 1447 qui
796 1369 957 1432 transfert

162 1487 277 1547 regna,
295 1473 327 1532 et
340 1471 492 1548 spiritum
508 1469 616 1531 aufert
633 1469 820 1544 principum
835 1482 957 1544 prove-

163 1570 234 1632 carl
260 1569 441 1644 contingat,
458 1566 500 1627 ab
520 1567 572 1628 bls
601 1566 713 1628 taliter
725 1565 954 1641 conquiescas,

162 1666 247 1742 quod
263 1666 296 1726 et
311 1665 457 1726 dlenam
470 1662 591 1724 exinde
606 1663 713 1724 vitare
728 1661 836 1737 possis
850 1660 957 1722 offen-

162 1779 245 1836 sam,
267 1763 300 1823 et
325 1777 387 1823 nos
409 1764 525 1822 contra
550 1775 728 1837 personam
744 1761 847 1830 tuam,
875 1759 955 1822 tan-

161 1876 261 1938 quam
275 1859 359 1922 velis
373 1861 409 1920 in
421 1858 722 1920 ecclesIastlcarum
737 1871 956 1934 personarum

162 1957 319 2018 delectari
332 1958 525 2033 gravamine
545 1972 611 2018 non
627 1955 803 2032 possimus,
820 1954 907 2030 quod
922 1955 955 2014 te

162 2069 305 2129 gravare
319 2053 436 2116 debeat
461 2054 619 2129 cogitare.
640 2053 758 2114 Datum
785 2051 952 2121 Laterani,

161 2153 191 2210 X
202 2151 363 2214 kalendas
376 2151 499 2223 martii,
510 2166 597 2211 anno
611 2149 739 2212 octavo.

480 2453 636 2541 CXXVI

299 2608 351 2666 Ad
369 2607 511 2667 Erlcznn
534 2619 654 2680 repom
676 2604 812 2665 Soetioe.

416 2745 452 2802 20
465 2742 599 2801 februarii
615 2743 693 2801 itit.

236 2869 381 2934 [stragan
391 2869 508 2920 swensn
523 2833 639 2932 diplom,
651 2867 683 2925 u,
697 2865 752 2924 aas,
767 2879 792 2914 n.
805 2865 874 2930 aas]

160 2998 195 3054 Ut
221 2995 357 3068 quiescat,
383 2992 550 3050 vacantibus
576 2992 775 3065 episcoporum
801 2992 884 3062 regni
908 2991 953 3047 sul

194 3083 333 3152 ecclesiis,
347 3081 422 3139 bona
439 3095 538 3138 earum
554 3081 692 3138 violenter
706 3093 845 3151 usurpare
859 3085 888 3135 et
908 3077 949 3135 dl-

194 3173 297 3245 ripere.

198 3299 262 3369 Qul
284 3296 414 3373 paravit
433 3297 467 3356 ln
489 3295 573 3356 coelo
597 3295 708 3357 sedem
730 3310 835 3370 suam,
859 3296 892 3356 et
915 3296 951 3356 in

157 3410 262 3470 regno
290 3393 461 3455 hominum
490 3392 694 3463 dominatur,
721 3391 875 3467 dignatus
902 3394 953 3454 est

157 3492 375 3553 habitationis
390 3491 473 3562 loca,
486 3491 646 3552 ecclesias
662 3489 818 3551 videlicet
829 3490 863 3550 in
877 3490 953 3566 qul-

157 3590 219 3650 bus
233 3605 354 3650 nomen
371 3589 544 3650 invocetur
565 3588 684 3664 ipsius,
700 3588 788 3648 inter
800 3587 952 3649 homines

157 3688 319 3758 obtinere,
343 3702 426 3763 quas
449 3687 562 3762 utique
584 3701 623 3746 ac
643 3699 802 3762 personas
823 3685 954 3746 consis-

156 3787 262 3847 tentes
285 3785 320 3844 in
341 3784 423 3860 ipsis
445 3783 567 3856 cuncti,
582 3782 639 3859 qul
659 3782 845 3844 christiana
867 3799 951 3859 pro-

157 3883 301 3943 fessione
315 3881 502 3951 censentur,
513 3879 633 3964 debent
646 3895 706 3956 pro
716 3879 838 3941 Christi
855 3895 953 3940 reve-

157 3981 265 4042 rentia
284 3978 443 4051 revereri,
463 3979 496 4040 et
517 3993 584 4038 non
606 3977 713 4038 solum
735 3976 776 4038 ab
802 3978 952 4054 ipsarum

157 4077 291 4154 injuriis
316 4077 496 4148 abstinere,
520 4091 636 4136 rerum
662 4075 762 4135 etiam
785 4074 861 4134 aliis
881 4073 951 4134 suis

157 4173 410 4252 injuriatoribus
423 4171 572 4240 obviare,
589 4187 689 4247 quum
703 4171 789 4236 idem
801 4171 951 4232 Christus

156 4273 192 4332 in
206 4287 321 4333 earum
341 4269 501 4331 honorari
519 4269 646 4330 honore
662 4283 697 4330 se
712 4269 853 4345 reputet,
870 4270 951 4330 etin

155 4369 309 4430 molestia
333 4365 514 4428 molestari.
544 4365 593 4426 Ad
620 4366 768 4428 nostram
791 4380 872 4426 sane
890 4381 952 4426 au-

156 4466 315 4527 dientiam
337 4464 433 4540 regni
447 4463 496 4525 tui
520 4463 687 4540 episcopis
705 4461 951 4524 insinuantibus

157 4565 206 4625 est
219 4563 375 4634 delatum,
394 4561 480 4638 quod
497 4559 692 4622 vacantibus
713 4575 827 4620 eorum
842 4560 952 4622 ecole-

155 4661 226 4732 siis,
258 4675 341 4738 quas
367 4659 477 4720 alieno
503 4659 582 4720 tunc
612 4656 799 4733 indigentes
824 4655 951 4718 auxilio

155 4757 293 4820 deberes
309 4773 351 4817 ne
367 4756 401 4816 in
415 4754 511 4816 bonIs
524 4755 593 4816 suls
605 4755 798 4832 paterentur
811 4753 949 4830 dispen-

21 4834 27 4903 Ᾰ
71 4840 73 4843 ’
156 4856 247 4917 dium
260 4855 445 4924 defensare,
458 4852 545 4914 bona
555 4853 671 4913 eadem
683 4853 847 4914 violenter
858 4868 953 4912 usur·

105 4976 107 4999 2
155 4967 226 5028 pas,
244 4951 277 5012 et
289 4965 348 5027 pro
364 4953 421 5010 tua
436 4947 554 5023 diripis
568 4947 749 5019 voluntate,
766 4948 852 5024 quod
873 4947 950 5023 qui-

155 5048 229 5110 dem
243 5050 311 5109 tam
328 5061 463 5108 enorme
478 5045 576 5124 parit,
590 5047 625 5106 nt
638 5045 788 5122 praedicti
804 5045 951 5121 episcopi

44 5222 47 5233 '
154 5243 204 5306 sic
222 5242 319 5304 bonis
333 5241 501 5304 distractis
516 5255 631 5301 eorum
648 5239 699 5300 sul
722 5239 881 5308 redditus,
894 5239 950 5316 qni

39 5332 42 5339 ’
155 5341 240 5402 allas
259 5340 340 5401 satis
356 5339 433 5400 sunt
448 5338 564 5410 exileS,
579 5340 612 5399 et
631 5338 748 5400 tenues
768 5337 949 5398 annullen-

153 5439 220 5500 tur.
235 5440 341 5508 Qnum
354 5437 465 5498 autem
475 5437 548 5496 haec
559 5436 660 5512 regiae
675 5434 871 5495 Celsitudinl
884 5451 950 5496 nen

49 5514 53 5519 ⁵
155 5534 355 5598 conveniant
372 5550 432 5612 per
447 5549 520 5612 quae
541 5533 752 5610 dispendium
767 5532 884 5595 salutis
897 5533 951 5593 in-

79 5642 118 5709 12³
155 5647 320 5700 curreres,
332 5632 365 5693 et
381 5632 505 5706 regalis
521 5631 749 5693 munificentia
764 5632 946 5704 notaretur,

765 333 994 394 amsronrn.
1019 333 1097 392 uus.
1120 307 1230 394 V111.¹

1749 337 1809 398 538

1015 490 1235 552 serenitatem
1267 491 1359 552 tuam
1385 506 1570 572 monemus,
1597 508 1753 570 rogamus
1778 496 1811 557 et

1013 587 1186 648 hortamur
1208 588 1344 660 attente,
1369 590 1543 664 quatenus,
1569 607 1622 651 ne*
1637 593 1752 654 contra
1776 593 1810 654 te

1012 685 1099 744 iram
1122 685 1277 762 ejusqui
1298 685 1459 746 transfert
1476 702 1591 762 regna,
1608 689 1640 750 et
1656 689 1810 766 spiritum

1013 782 1122 842 aufert
1145 783 1333 858 principum
1361 783 1538 859 provocari
1563 785 1744 862 contingat,
1766 787 1808 848 ab

1013 879 1065 938 hls
1086 879 1197 940 taliter
1217 881 1433 956 conquiescas
1454 880 1539 957 quod
1555 882 1588 942 et
1602 882 1639 943 tu
1660 883 1809 944 divinum

1012 977 1121 1053 possis
1148 977 1205 1053 qul
1229 993 1272 1038 ex
1296 977 1359 1038 hoc
1387 979 1612 1040 concitaretur
1640 979 1809 1042 declinare

1012 1073 1169 1146 furorem,
1187 1076 1220 1135 et
1241 1090 1302 1136 nos
1325 1076 1495 1137 contrata
1519 1077 1678 1153 tanquam
1701 1078 1810 1138 eccle-

1012 1169 1225 1232 siasticorum
1247 1172 1435 1233 invasorem
1457 1173 1618 1234 bonorum
1648 1174 1807 1249 cogitare,

1012 1268 1098 1343 quod
1129 1283 1233 1343 grave
1252 1268 1313 1329 tlbl
1344 1270 1514 1341 existeret,
1542 1285 1610 1332 non
1638 1285 1806 1345 cogamur.

1011 1365 1131 1425 Datum
1152 1366 1318 1441 utsupra.

1320 1641 1497 1730 CXXVII

1010 1799 1062 1858 Ad
1093 1799 1248 1860 abbatem
1275 1801 1492 1872 Anemonem,
1524 1805 1664 1862 Trecen.
1691 1805 1801 1876 dicae,

1049 1898 1329 1957 archidiaconum
1346 1897 1380 1958 et
1399 1900 1567 1960 decanum
1581 1901 1616 1960 S·
1638 1900 1803 1974 scapnam

1051 1994 1190 2052 Trecen.

1265 2069 1300 2126 ΞΟ
1319 2067 1452 2126 februarii
1473 2070 1552 2127 saal.

1043 2192 1161 2254 magen„
1174 2191 1221 2242 lib.
1230 2191 1344 2256 Vithep.
1356 2191 1411 2242 233.
1425 2193 1482 2243 diss.
1496 2194 1531 2244 La
1542 2195 1618 2244 Porta
1630 2194 1666 2244 du
1679 2195 1772 2258 Thau]

1009 2316 1125 2374 Mandat
1147 2323 1179 2374 ut
1202 2317 1231 2374 ln
1251 2332 1337 2375 causa
1360 2319 1433 2375 inter
1454 2318 1687 2378 archidiaconum
1712 2323 1803 2380 Seno·

1045 2419 1164 2462 nensem
1180 2412 1208 2463 et
1223 2405 1355 2463 abbatem
1371 2421 1403 2464 ac
1418 2415 1590 2465 conventum
1604 2411 1632 2466 S.
1651 2409 1727 2467 Petri
1738 2409 1806 2470 Vivi

1045 2493 1188 2550 Senonen.
1205 2494 1370 2566 procedant.

1049 2619 1227 2691 Honorius,
1244 2622 1320 2692 etc,
1342 2620 1471 2682 dilectis
1487 2621 1566 2682 fillis
1586 2622 1698 2684 abbati
1712 2626 1803 2685 Ave-

1008 2731 1148 2784 moren.,
1168 2719 1306 2778 Trecen.
1330 2716 1494 2790 dloecesis,
1512 2719 1747 2781 archidiacono
1771 2721 1805 2782 et

1008 2811 1133 2873 decano
1150 2814 1263 2874 Sancti
1279 2815 1438 2890 Stephani
1451 2817 1588 2876 Trecen.

1047 2909 1192 2971 Dilectus
1212 2910 1338 2970 filius...
1355 2911 1611 2973 archidiaconus
1632 2915 1799 2976 Senonen.

1008 3021 1068 3066 sua
1083 3006 1179 3084 nobis
1195 3007 1353 3083 petitione
1366 3010 1574 3081 monstravit,
1589 3011 1675 3086 quod
1701 3027 1802 3087 quum

1008 3104 1096 3166 inter
1116 3104 1226 3180 ipsum
1246 3119 1289 3165 ex
1310 3105 1403 3182 parte
1429 3121 1505 3178 una,
1534 3107 1567 3168 et
1586 3107 1738 3169 abbatem
1760 3125 1800 3170 ac

1007 3203 1207 3262 conventum
1235 3203 1430 3264 monasterii
1458 3204 1571 3265 Sancti
1604 3206 1696 3267 Petri
1723 3206 1801 3268 Viri

1008 3301 1172 3359 senonen.
1192 3313 1235 3359 ex
1249 3299 1365 3371 altera,
1383 3315 1483 3375 super
1494 3304 1573 3377 Jure
1586 3303 1802 3365 archidiaco-

1007 3397 1105 3458 natus
1137 3397 1189 3456 sui
1213 3413 1326 3458 coram
1349 3396 1444 3460 vobis
1464 3399 1663 3462 auctoritate
1688 3404 1802 3463 nostra

1008 3493 1147 3571 quaestio
1164 3496 1360 3566 verteretur,
1371 3495 1505 3556 tandem
1518 3497 1553 3556 in
1567 3513 1626 3558 uos
1637 3496 1700 3559 fult
1715 3498 1803 3559 tam-

1009 3606 1107 3667 quam
1133 3591 1168 3651 in
1203 3591 1346 3653 arbitres
1377 3594 1568 3668 juramento
1605 3595 1802 3672 interposito

1007 3689 1296 3764 compromissum
1320 3690 1377 3750 sed
1393 3705 1470 3766 pars
1486 3690 1626 3752 adversa
1651 3693 1802 3768 postmo-

1008 3785 1096 3856 dum,
1111 3784 1152 3846 ab
1168 3786 1224 3861 huj
1231 3779 1357 3846 usmodl
1372 3785 1526 3847 resiliens
1546 3789 1797 3864 compromisso

1006 3898 1066 3944 vos
1082 3882 1123 3942 ad
1139 3881 1314 3944 arbitrium
1332 3883 1511 3960 procedere
1536 3899 1603 3944 non
1631 3886 1801 3960 permittit.

1006 3978 1141 4040 Abbatis
1156 3995 1237 4041 vero
1251 3981 1285 4041 et
1297 3981 1478 4041 conventus
1493 3979 1610 4057 petitio
1627 3981 1724 4043 nobis
1739 3995 1802 4044 ex-

1007 4075 1112 4138 hibita
1146 4076 1186 4137 de
1217 4077 1303 4138 dicto
1335 4077 1573 4152 compromisso
1602 4080 1803 4142 mentionem
1839 4141 1849 4161 ,

1006 4190 1074 4234 non
1089 4173 1215 4235 faciens
1229 4173 1429 4245 continebat,
1443 4175 1641 4252 quodquam
1654 4176 1689 4237 ln
1701 4180 1804 4255 Apes·

1006 4269 1117 4333 tolicis
1145 4270 1276 4342 litteris
1305 4285 1364 4346 per
1392 4275 1474 4346 quas
1503 4270 1597 4332 vobis
1624 4274 1802 4335 commissa

1006 4369 1056 4428 est
1088 4367 1278 4444 supradicta
1305 4367 1442 4443 quaestio
1466 4367 1509 4430 sit
1533 4385 1740 4446 expressum,
1766 4373 1803 4434 ut

1006 4464 1186 4540 inquiratis
1200 4465 1373 4526 veritatem
1390 4481 1450 4541 per
1463 4467 1643 4528 canonIcos
1663 4469 1802 4545 majoris

1007 4561 1157 4623 ecclesiae
1172 4564 1350 4634 senonen,
1366 4565 1398 4622 et
1419 4563 1486 4622 nisi
1508 4563 1602 4625 vobis
1626 4564 1714 4625 infra
1733 4568 1802 4627 tres

1006 4675 1137 4721 menses
1152 4660 1226 4736 post
1238 4659 1353 4735 primae
1376 4660 1544 4721 citationis
1561 4661 1705 4723 edictum
1727 4677 1803 4722 oon·

1006 4756 1128 4818 stiterit
1153 4771 1212 4834 per
1236 4757 1368 4818 eosdem
1392 4757 1566 4832 praefatum
1587 4757 1801 4819 archidiaco-

1006 4871 1096 4927 num,
1123 4853 1176 4915 vel
1203 4854 1465 4930 praedecessores
1492 4856 1564 4930 ejus
1591 4854 1632 4914 de
1664 4855 1802 4930 pacifice

1005 4951 1138 5014 obtenta
1167 4951 1407 5012 consuetudine
1436 4951 1705 5027 iurisdictionem
1734 4953 1802 5014 all-

1006 5064 1104 5125 quam
1124 5048 1158 5108 in
1180 5047 1254 5125 ipso
1264 5041 1483 5118 monasterie,
1500 5046 1553 5108 vel
1578 5047 1612 5106 in
1635 5047 1711 5108 aliis
1735 5050 1802 5110 hu-

21 5124 24 5133 ’
55 5140 60 5147 ’
155 5146 319 5216 asserunt,
328 5145 452 5206 eisdem
461 5143 613 5204 ecclesiis
623 5141 855 5218 detrimentum
864 5143 949 5219 quod
1001 5145 1148 5221 jusmodi
1163 5144 1315 5215 abbatiis,
1325 5144 1486 5205 hactenus
1502 5143 1672 5218 habuisse,
1685 5147 1803 5224 praefa-

1005 5245 1075 5304 tum
1088 5243 1327 5304 monasterium
1341 5240 1383 5302 ab
1399 5244 1471 5318 ejus
1494 5241 1653 5317 petitione
1671 5246 1802 5320 penitus

1006 5339 1205 5413 absolvatls;
1233 5339 1306 5415 lpse
1331 5338 1569 5401 archidiacono
1595 5343 1738 5416 petente,
1767 5345 1803 5407 ut

1005 5437 1200 5514 reciperetis
1226 5437 1328 5498 testes
1354 5437 1583 5514 undecumque
1611 5439 1800 5515 productos,

1006 5534 1038 5596 et
1051 5549 1151 5610 super
1164 5533 1306 5596 abbatiis
1320 5550 1386 5595 non
1403 5537 1567 5596 Senonen.
1585 5535 1801 5612 interrogatis

1006 5631 1152 5694 eosdem.
1183 5633 1249 5693 Vos
1277 5633 1454 5694 occasione
1488 5632 1656 5709 petitionis
1680 5633 1801 5712 hujus-
