4262 6382
304 345 306 352 ,
358 285 419 346 751

363 443 550 508 abductum.
568 447 607 510 Et
622 448 778 524 qnoniam
797 447 886 510 terro
906 465 972 511 non
993 451 1154 522 extracto,

364 539 637 619 computruerunt
666 547 699 606 et
731 545 1018 609 deterioraverunt
1038 548 1158 610 vulne-

363 655 437 700 rum
461 640 644 709 cicatrices,
671 642 703 703 et
720 642 807 703 iacta
832 645 881 705 cst
905 645 999 721 quasi
1018 645 1157 706 insana-

363 734 439 796 bilis
455 737 526 813 ipsa
543 738 651 813 plaga,
669 739 787 800 dentes
806 755 920 802 amare
936 743 1027 817 pacis
1045 741 1156 818 angeli

363 835 1154 915 recesseruntdicend0‚curavimusBabylonem,

363 945 429 990 non
456 932 507 992 est
535 933 663 1000 sanata,
691 933 960 1011 derelinquamus
994 935 1154 996 eamdem.

362 1029 597 1089 Verumtamen
622 1029 723 1090 Sedes
744 1031 934 1106 Apostolica
960 1031 1015 1108 pia
1039 1035 1155 1103 mater,

364 1140 437 1200 qnae
452 1125 595 1186 illiorum
612 1127 699 1187 uteri
718 1129 770 1188 sni
790 1127 942 1189 oblivisci
964 1144 1031 1189 non
1051 1131 1158 1205 potest

365 1237 485 1282 acura
508 1222 612 1298 ipsius
636 1239 702 1284 non
727 1224 863 1296 destitit,
890 1241 951 1286 neo
970 1226 1061 1286 zelus
1085 1229 1157 1302 ejus

295 1340 297 1356 =
363 1319 505 1380 recessit
529 1319 570 1379 ab
594 1319 677 1396 ipsa,
704 1320 839 1381 studens
863 1322 985 1382 vulnus
1009 1322 1156 1398 ejusdem

363 1415 597 1490 circumligare
612 1416 737 1487 fasciis,
754 1419 788 1479 et
802 1419 1022 1480 medicamine
1037 1435 1157 1480 curare

365 1511 500 1572 livorem
524 1512 722 1590 plagamque
740 1515 922 1577 tumentem
942 1515 1015 1577 oleo
1037 1515 1116 1577 conl
1137 1547 1155 1562 -

363 1623 451 1669 vere.
468 1609 560 1670 Unde
571 1609 679 1672 felicis
692 1612 933 1673 recordationis
944 1614 1157 1674 Innocentius

363 1721 448 1782 papa
464 1706 688 1782 praedecessor
702 1709 816 1769 noster
828 1709 869 1770 de
884 1708 1154 1779 reaedificatione,

363 1819 402 1864 ac
415 1804 506 1864 cultu
519 1805 687 1880 saepedicti
706 1806 854 1882 paradisi
867 1806 1042 1878 sollicitus
1061 1821 1157 1867 sacro

363 1900 513 1975 generali
530 1901 644 1963 statuit
661 1902 865 1978 approbante
886 1903 1045 1974 Concili0,
1068 1904 1105 1964 ut
1123 1904 1157 1963 in

364 1998 505 2073 singulis
520 1998 633 2072 regnis
655 1999 725 2059 sive
747 2000 929 2075 provinciis
953 2000 994 2060 de
1013 2001 1157 2061 triennio

363 2096 398 2155 in
431 2095 622 2165 triennium,
661 2095 753 2157 salvo
782 2099 860 2172 jnre
893 2097 1156 2158 dioecesanorum

364 2192 557 2267 pontificum
580 2192 675 2253 tieret
698 2209 870 2254 commune
894 2195 1074 2270 capitulum
1094 2193 1157 2254 ab·

364 2287 477 2349 hatum
494 2290 592 2365 atque
607 2289 755 2365 priorum
772 2289 908 2352 abbates
926 2292 1077 2368 proprios
1092 2307 1158 2352 non

364 2383 568 2457 habentium,
584 2386 639 2462 qui
654 2402 721 2446 non
736 2389 981 2450 consueverunt
995 2389 1061 2450 tale
1077 2391 1160 2450 Con·

364 2482 478 2542 cilium
494 2481 674 2554 celebrare,
691 2483 731 2544 ad
753 2484 838 2560 quod
860 2485 1007 2546 universi
1026 2501 1157 2562 praepe-

364 2579 546 2640 dimentum
564 2595 630 2640 non
650 2580 809 2642 habentes
825 2583 1021 2644 canonicum
1037 2599 1160 2643 conve-

364 2677 475 2737 nirent
498 2677 584 2753 apud
610 2694 711 2738 unum
734 2677 774 2738 de
796 2680 1007 2740 monasteriis
1030 2679 1072 2740 ad
1097 2681 1158 2741 boc

367 2775 479 2850 aptum
498 2775 674 2835 tractaturi
695 2775 736 2835 de
758 2775 830 2852 ipso
852 2776 887 2835 in
908 2777 1030 2838 statum
1045 2777 1160 2852 pristi-

366 2889 444 2932 num
460 2870 681 2944 reformando,
699 2873 733 2934 et
751 2873 875 2934 evulsis
893 2889 936 2934 en
955 2889 995 2934 eo
1010 2873 1158 2935 sentibus

364 2969 532 3040 vitiorum,
557 2970 590 3030 et
616 2969 782 3031 destructa
814 2972 907 3032 turre
940 2971 1156 3042 contusionis,

365 3067 451 3126 muri
476 3065 760 3129 reaedificarentur
781 3067 951 3140 destructi,
975 3068 1007 3130 et
1028 3068 1161 3145 planta-

366 3163 481 3223 rentur
495 3163 530 3222 in
544 3178 582 3223 eo
598 3162 734 3224 arbores
747 3179 918 3238 generosae
932 3163 1068 3226 iacturae
1085 3180 1160 3224 um-

365 3259 538 3321 braculum
557 3259 739 3322 cultoribus
754 3261 824 3320 suis
839 3260 880 3322 ab
896 3262 989 3332 aestu,
1005 3263 1159 3339 ipsosque

367 3357 541 3424 atnrhine,
558 3359 591 3418 et
602 3357 715 3434 pluvia
729 3359 937 3434 proteotnrae.
950 3362 1071 3421 Verum
1085 3375 1161 3437 ope·

366 3455 462 3514 rante
487 3453 546 3513 illo
575 3457 669 3530 cujus
693 3454 820 3515 invidia
843 3471 931 3516 mors
961 3457 1098 3519 intravit
1124 3458 1158 3518 in

367 3550 537 3620 mnndum,
555 3550 640 3628 quod
655 3566 722 3611 non
744 3552 816 3612 sine
831 3553 1054 3614 amaritudine
1066 3569 1160 3615 men-

365 3649 410 3710 tis
429 3647 617 3720 referimus,
629 3663 672 3708 ex
691 3648 926 3711 constitutione
948 3650 1104 3727 praedicta
1124 3653 1159 3713 in

368 3745 549 3807 memorato
573 3745 721 3808 Concilio
747 3745 860 3808 habita
888 3762 1006 3824 parum
1038 3748 1158 3821 adbuc,

367 3843 425 3904 aut
446 3842 531 3903 nihil
554 3843 708 3906 utilitatis
730 3843 899 3920 provenit3
926 3861 965 3906 eo
987 3846 1073 3922 quod
1095 3846 1158 3907 ab·

366 3940 459 4001 nates
479 3941 512 4002 et
533 3940 661 4016 priores
683 3939 819 4002 abbates
839 3943 990 4018 proprios
1011 3958 1076 4004 non
1099 3959 1161 4004 na-

366 4035 499 4108 nentes,
530 4036 751 4112 neglexerunt
778 4037 819 4098 ad
847 4037 1038 4115 hujusmodi
1067 4041 1161 4117 capi-

365 4134 472 4195 tulum
510 4135 699 4204 convenire,
734 4150 774 4194 ac
807 4134 857 4205 hi,
895 4136 951 4211 qui
980 4136 1159 4212 praesidere

270 4236 278 4252 '
367 4231 509 4292 debcant
530 4231 636 4292 eidem
661 4230 800 4306 cogendi
821 4230 963 4292 rebelles
993 4248 1059 4294 non
1083 4235 1160 4295 sunt

368 4327 432 4388 visi
469 4327 593 4389 babere
627 4327 773 4404 aliquam
805 4328 1011 4404 potestatem,
1048 4332 1081 4393 et
1111 4331 1159 4391 sio

342 4411 570 4500 'usquemodo
599 4424 635 4483 in
661 4425 807 4486 stercore
833 4441 893 4486 suo
927 4429 1159 4504 computruere

362 4521 514 4600 jumenta
535 4521 569 4582 et
582 4503 679 4581 Moab
695 4520 730 4581 in
745 4522 815 4582 suis
836 4520 967 4584 ioetibus
982 4525 1156 4602 requievit.

406 4620 499 4681 Licet
526 4618 630 4695 igitur
661 4619 749 4680 iacta
783 4619 937 4682 videatur
964 4622 1159 4699 desperabi-

367 4718 409 4780 lis
426 4717 524 4794 plaga
547 4719 632 4794 eJus,
644 4717 787 4778 scientes
803 4717 913 4778 tamen
929 4719 1014 4795 qnod
1028 4734 1094 4779 non
1109 4721 1160 4780 est

368 4815 561 4878 abbreviata
584 4829 702 4888 manus
726 4814 868 4886 Domini,
887 4817 923 4876 ut
937 4814 1068 4877 salvare
1092 4832 1158 4877 non

367 4913 474 4990 possit
498 4913 532 4974 et
554 4925 738 4988 excoquere
766 4911 908 4971 scoriam
933 4914 1004 4988 ejus
1026 4912 1066 4974 ad
1092 4929 1157 4988 pn-

366 5027 451 5082 rum,
470 5025 531 5070 neo
546 5025 612 5070 non
626 5007 758 5069 auterre
773 5022 870 5068 omne
885 5009 1038 5083 stagnum
1053 5009 1156 5082 illius,

365 5125 405 5170 ac
420 5107 595 5168 restituere
606 5104 737 5182 judices
756 5106 829 5181 ejus
847 5107 883 5165 nt
900 5105 992 5180 prius
1011 5106 1155 5180 luerunt,

365 5205 398 5267 et
413 5202 624 5265 consiliarios
640 5203 728 5264 sicut
737 5201 931 5278 antiquitus,
949 5204 1157 5280 compatien-

362 5305 413 5365 tes
436 5317 479 5362 ex
494 5300 610 5360 intimo
632 5299 741 5360 cordis
762 5315 863 5376 super
881 5300 1079 5362 contritione
1100 5305 1159 5364 Jo-

365 5399 458 5476 seph,
475 5396 583 5458 adhuc
607 5397 772 5457 curationi
793 5399 864 5473 ejus
880 5397 1035 5458 duximus
1049 5399 1157 5460 insis-

364 5496 512 5566 tendum,
538 5493 730 5555 discretioni
750 5494 870 5555 vestras
890 5508 949 5571 per
968 5495 1157 5571 Apostolica

185 5645 188 5652 ,
264 5595 271 5600 ’
366 5594 487 5671 scripta
503 5591 697 5653 mandantes
709 5591 871 5668 qnatenus
887 5590 973 5667 apud
990 5596 1158 5654 monaste-

979 291 1156 354 HONORII
1178 294 1224 353 111
1245 293 1393 355 OPERA.

1957 291 2015 352 752

1210 451 1299 513 rium
1323 451 1435 513 Sancti
1463 451 1606 528 Remigii
1626 452 1799 514 Remensis
1824 452 1897 512 hoc
1927 464 2014 510 anno

1212 549 1477 610 convocantesad
1489 549 1669 626 capitulum
1678 549 1824 618 abbates,
1833 549 1873 636 et
1883 547 2014 623 priores

1212 660 1276 705 non
1291 644 1449 706 babentes
1464 644 1599 706 abbates
1614 645 1766 722 proprios
1780 646 1851 706 tam
1870 658 2014 718 exemp·

1211 741 1263 801 tos
1291 757 1388 817 quam
1422 757 1488 802 non
1518 743 1688 818 exemptos
1722 740 1905 803 Remensis
1935 753 2015 815 pro·

1211 837 1330 898 vinciae
1360 839 1416 915 qui
1445 853 1512 900 non
1537 841 1782 900 consueverunt
1815 835 2015 913 hujusmodi

1212 933 1382 996 celebrare
1421 936 1623 1012 capitulum,
1662 937 1778 998 venire
1821 934 1869 996 ad
1909 932 2012 1005 illud,

1212 1029 1387 1092 dummodo
1413 1047 1479 1092 non
1504 1032 1571 1093 sint
1601 1031 1835 1108 impedimento
1866 1028 2014 1090 canoni-

1212 1143 1251 1187 co
1283 1128 1478 1204 praepediti,
1523 1128 1705 1190 monitione
1738 1127 1922 1204 praemissa
1958 1141 2015 1202 per

1213 1239 1396 1302 censuram¹
1417 1224 1679 1286 ecclesiasticam
1707 1224 1836 1286 sublato
1867 1223 2014 1300 qu'usli-

1212 1320 1267 1382 bet
1287 1322 1574 1394 contradictionis,
1591 1323 1623 1384 et
1642 1320 1882 1399 appellationis
1908 1320 2016 1381 obsta·

1213 1417 1287 1479 culo
1320 1419 1541 1495 compellatis,
1570 1421 1605 1480 et
1629 1419 1800 1480 advocatis
1833 1417 2014 1479 caritative

1212 1514 1339 1576 duobus
1377 1515 1609 1578 Cirterciensis
1636 1515 1763 1577 ordinis
1791 1515 1923 1577 vicinis
1951 1513 2012 1575 ab·

1212 1609 1354 1683 batibus,
1378 1612 1566 1689 procedatis
1592 1612 1628 1672 in
1657 1611 1887 1674 celebratione
1917 1611 2012 1687 capi-

1212 1708 1273 1769 tuli
1287 1711 1390 1769 Deum
1403 1708 1563 1771 habentes
1574 1725 1643 1786 prae
1656 1710 1764 1771 oculis
1775 1710 1878 1786 juxta
1894 1708 2013 1769 consti-

1212 1805 1372 1866 tutionem
1386 1807 1510 1868 Goncili
1525 1807 1716 1882 memorati3
1733 1807 1851 1868 eadem
1869 1821 2014 1866 censura

1214 1901 1345 1975 tacturi,
1372 1920 1446 1980 quae
1472 1905 1507 1964 in
1534 1920 1573 1965 eo
1602 1904 1843 1966 deliberatione
1873 1902 2013 1980 provida

1213 1999 1338 2061 luerint
1359 2001 1513 2062 ordinata
1528 2001 1667 2063 tirmiter
1680 2000 1866 2072 observari,
1885 2001 1920 2061 et
1938 1999 2013 2060 red-

1214 2094 1314 2157 dituri
1330 2099 1480 2170 Domino,
1492 2099 1527 2158 in
1538 2101 1633 2174 cujus
1646 2099 1782 2174 aspectu
1793 2097 1912 2157 omnia
1926 2095 2011 2156 nuda

1214 2197 1289 2254 sunt
1305 2197 1338 2254 et
1352 2195 1466 2271 aperta
1481 2197 1517 2255 in
1534 2197 1682 2256 extremo
1698 2195 1752 2255 die
1764 2194 1913 2256 districti
1928 2207 2011 2254 exa-

1214 2291 1314 2350 minis
1332 2291 1506 2363 rationem,
1531 2293 1560 2352 si
1584 2307 1714 2352 omnem
1736 2290 2008 2359 sollicitudinem,

1213 2391 1247 2448 et
1268 2388 1474 2464 diligentiam
1497 2405 1569 2466 quae
1592 2389 1680 2450 circa
1703 2388 1960 2458 correctionem,
1980 2385 2011 2446 et

1213 2484 1482 2546 reformationem
1502 2486 1640 2558 ordinis
1658 2501 1696 2546 ao
1704 2485 1935 2546 visitationem
1946 2499 2012 2544 coe-

1214 2582 1388 2643 nobiorum
1423 2583 1618 2643 adhibendae
1642 2582 1769 2644 suerint
1790 2579 2009 2657 neglexeritis

1213 2678 1384 2740 adbibere.
1398 2681 1440 2741 Ut
1454 2681 1565 2741 autem
1578 2696 1651 2756 quae
1667 2680 1790 2741 statuta
1802 2679 2009 2740 fuerintma-
2094 2673 2095 2696 ³

1213 2776 1265 2851 gis
1276 2777 1453 2838 teneantur
1472 2777 1673 2858 memoriter,
1692 2777 1726 2838 et
1746 2778 1936 2846 serventur,
1951 2789 2009 2835 vo-

1214 2874 1323 2934 lumus
1342 2875 1375 2935 et
1391 2874 1599 2946 mandamns,
1611 2876 1648 2936 ut
1666 2873 1857 2950 hujusmodi
1875 2872 2006 2949 capitu-

1215 2970 1282 3030 lum
1305 2971 1341 3031 in
1362 2970 1503 3047 singulis
1520 2971 1633 3047 regnis
1651 2970 1721 3031 sive
1736 2970 1933 3047 provinciis,
1949 2985 2008 3028 an-

1214 3068 1266 3127 nis
1286 3069 1438 3144 singulis,
1467 3067 1664 3139 celebretur,
1689 3083 1848 3128 concessa
1876 3067 1928 3128 eis
1954 3064 2006 3142 qui

1214 3164 1254 3225 ad
1265 3165 1520 3241 praesidendum,
1531 3166 1628 3226 annis
1638 3164 1769 3236 suturis,
1779 3164 1939 3241 capitulis
1954 3177 2006 3223 ce-

1214 3259 2007 3331 lebrandissuerintordinaticonvocandiahba·

1213 3360 1274 3429 tes,
1298 3360 1331 3420 et
1354 3359 1482 3436 priores
1516 3360 1703 3436 praedictos,
1724 3360 1757 3420 et
1785 3359 1929 3434 cogendi
1954 3372 2006 3418 re-

1214 3456 1328 3526 belles,
1351 3457 1573 3533 appellatione
1595 3456 1788 3532 postposita,
1813 3456 1920 3518 simili
1944 3470 2003 3531 po-

1214 3552 1332 3614 testate
1368 3551 1570 3628 adjacentes,
1599 3553 1635 3613 ut
1667 3552 1697 3612 si
1730 3551 1925 3614 visitatores
1953 3547 2004 3626 qni

1216 3647 1338 3710 suerint
1358 3649 1392 3709 in
1413 3649 1527 3710 eodem
1542 3649 1687 3711 ordinati
1702 3649 1858 3725 capitulo,
1878 3648 2003 3725 aliquos

1214 3748 1384 3822 exemptos
1405 3746 1595 3808 invenerint
1613 3746 1837 3823 deponendos,
1851 3747 1888 3808 id
1902 3750 2004 3821 Apos-

1214 3843 1323 3905 tolicae
1344 3843 1420 3904 Sodi
1440 3859 1507 3904 non
1525 3843 1681 3906 differant
1699 3844 1865 3916 nuntiare,
1884 3845 1918 3905 in
1941 3856 2003 3902 cae·

1213 3941 1294 4001 teris
1301 3942 1399 4016 juxta
1415 3939 1554 4002 sormam
1576 3939 1746 4016 saepedicti
1763 3941 1905 4003 Consilii
1925 3953 2001 4017 pro-

1215 4036 1354 4109 cessuri,
1380 4038 1409 4097 si
1436 4036 1522 4099 sorte
1546 4037 1761 4100 convertatur
1784 4038 1955 4108 Dominus,
1972 4032 2001 4094 et

1214 4136 1376 4211 ignoscat,
1394 4135 1427 4196 et
1447 4135 1639 4211 relinquens
1655 4139 1729 4210 post
1743 4151 1779 4196 se
1796 4133 1999 4197 benedictio-

1214 4247 1301 4304 nem,
1309 4232 1450 4308 gloriam
1461 4230 1578 4292 Lihani
1592 4231 1648 4292 det
1662 4231 1802 4303 deserto,
1816 4234 1850 4294 et
1863 4226 1999 4294 Carmeli

1214 4328 1378 4390 decorem.
1391 4331 1475 4389 Ecce
1493 4328 1711 4404 praesentibus
1724 4329 1930 4394 ostendimus
1949 4341 2000 4387 re·

1213 4426 1999 4504 gularibussemetipsis,utaqno,inquid‚etper

1214 4524 1299 4600 qnod
1315 4523 1505 4595 ceciderint,
1522 4524 1668 4595 videant,
1685 4525 1880 4600 recogitent,
1898 4527 1930 4585 et
1947 4522 1998 4581 in-

1212 4620 1375 4696 telligant,
1401 4635 1538 4681 aecum
1564 4620 1672 4695 Magis
1698 4619 1915 4682 offerentibus
1938 4620 1998 4678 Do·

1213 4717 1303 4778 mino
1325 4732 1473 4788 munera,
1488 4732 1548 4793 per
1566 4717 1666 4777 aliam
1681 4717 1771 4779 viam
1787 4716 1821 4777 in
1842 4733 1935 4779 suam
1948 4727 1998 4774 re·

1212 4815 1298 4876 verti
1320 4815 1474 4876 studeant
1494 4814 1676 4889 regionem.
1697 4816 1816 4876 Datum
1836 4807 1993 4878 Laterani,

1214 4914 1258 4973 lX
1273 4911 1434 4972 kalendas
1445 4911 1606 4988 januarii,
1621 4927 1709 4973 anno
1724 4926 1824 4973 nono.

1253 5111 1295 5168 In
1321 5109 1479 5168 clamdem
1502 5109 1641 5168 modam
1668 5109 1910 5181 scriptumest
1934 5107 1995 5166 Re·

1213 5203 1319 5265 mensi
1344 5204 1606 5280 archiepiscopo,
1628 5205 1662 5266 et
1687 5204 1910 5281 suffraganeis
1931 5203 1995 5278 ejus

1212 5316 1318 5375 usqtrc
1341 5301 1503 5361 decorem.
1522 5301 1683 5372 Quocirca
1702 5301 1913 5364 universitati
1926 5312 1997 5362 ves·

1212 5401 1273 5460 trae
1289 5413 1348 5474 per
1360 5397 1550 5474 Apostolica
1565 5397 1689 5473 scripta
1707 5398 1902 5460 mandamus
1917 5409 1995 5476 prae-

1212 5494 1376 5572 cipiendo,
1391 5494 1554 5571 quatenus
1566 5495 1713 5556 rectores
1728 5496 1994 5558 monasteriorum

1211 5594 1396 5655 vestrarum
1419 5591 1597 5653 dioecesum
1615 5607 1696 5669 quos
1711 5593 1900 5656 visitatores
1912 5603 1992 5671 prac-
