4226 6372
758 383 985 443 EPISTOLAE.
1010 382 1088 441 LIB.
1112 383 1151 441 X.

225 737 275 795 Ad
289 737 527 797 Eberhardnni
542 738 835 810 arcliicptscopnm

259 849 263 862 ·
354 834 680 917 ,salisburgensem

411 964 428 1020 8
441 963 554 1036 augusti
571 961 648 1020 1111).

314 1086 427 1150 [llezgen
440 1086 503 1136 llist.
515 1085 663 1149 Salisburg,
675 1086 743 1150 ean]

182 1211 365 1282 Privilegium
382 1223 466 1282 super
476 1211 642 1282 episcopatu
658 1210 685 1266 in
697 1211 878 1268 seccoviensi

392 1298 513 1356 ecclesia
536 1305 665 1355 renovat.

173 1425 339 1486 Honorius
349 1425 535 1500 episcopus
549 1439 665 1484 servus
675 1425 923 1497 servoranei,

132 1521 317 1586 venerabili
339 1520 435 1582 fratri
465 1519 656 1581 Eberhardo
679 1520 926 1597 salisburgensi

133 1617 395 1694 archiepiscopo,
412 1617 550 1678 salutem
569 1615 601 1678 et
625 1617 848 1694 Apostolicam
867 1616 927 1678 be-

133 1713 367 1775 nedictionem.

171 1811 241 1870 Tua
255 1809 349 1870 nobis
364 1809 555 1872 fraternitas
577 1810 787 1888 supplicavit,
801 1811 837 1872 ut
851 1827 924 1872 cum

1712 381 1772 442 906

979 542 1124 604 tentibus
1150 544 1186 602 in
1214 539 1329 602 eadem
1359 542 1518 616 pastoraii
1549 540 1772 603 sollicitudine

979 640 1163 710 imminere,
1181 639 1366 714 timensque
1382 653 1422 698 ne
1447 639 1582 709 nonsit,
1609 639 1665 716 qni
1688 655 1770 715 par-

979 736 1075 796 vnlns
1107 737 1158 796 lac
1192 735 1349 796 doctrinae
1379 734 1431 796 vel
1464 736 1629 810 provectis
1663 736 1771 796 cibum

980 833 1121 892 solidum
1147 831 1367 902 administret,
1400 832 1457 893 ant
1488 832 1573 907 qnod
1606 833 1770 892 infirmum

980 930 1039 1000 est,
1056 930 1089 988 in
1103 929 1151 988 eis
1165 927 1357 998 consolidet,
1373 929 1430 989 ant
1441 929 1566 1002 alliget,
1587 929 1672 1004 qnod
1688 943 1771 988 con-

979 1024 1135 1100 fractum3
1152 1026 1229 1085 olim
1246 1041 1305 1102 per
1327 1025 1481 1086 dilectum
1498 1025 1602 1084 filium
1618 1025 1771 1085 Carnium

980 1122 1210 1184 Frisacencem
1233 1122 1446 1199 praepositum
1468 1137 1527 1198 per
1548 1122 1677 1182 litteras
1699 1124 1773 1182 tuas

980 1217 1075 1278 nobis
1098 1218 1269 1280 humiliter
1293 1219 1498 1294 supplicasti,
1527 1220 1563 1279 nt
1588 1219 1624 1278 in
1649 1221 1772 1280 secco-

979 1314 1086 1374 viensi
1113 1314 1255 1376 ecclesia
1280 1315 1346 1376 tnae
1376 1315 1528 1376 dioecesis
1552 1316 1774 1392 episcopalem

980 1411 1090 1471 sedem
1119 1411 1255 1471 creandi
1288 1411 1349 1472 tibi
1386 1412 1555 1472 licentiam
1592 1412 1773 1473 concedere

980 1507 1205 1583 dignaremur,
1223 1509 1339 1584 parato
1355 1509 1395 1568 de
1414 1524 1556 1569 assensu
1571 1509 1707 1586 capituli
1725 1509 1774 1570 tui

980 1603 1010 1664 ei
1026 1619 1127 1664 unam
1145 1604 1277 1666 diaetam
1291 1605 1323 1666 et
1338 1605 1509 1666 dimidiam
1530 1606 1565 1666 16
1581 1605 1716 1667 dioecesi
1740 1606 1773 1668 et

978 1701 1147 1762 trecentas
1173 1717 1303 1762 marcas
1322 1703 1357 1762 in
1379 1702 1563 1763 redditibus
1587 1703 1770 1780 assignare,

981 1798 1071 1858 itaut
1079 1814 1138 1874 per
1148 1799 1258 1859 omnia
1267 1799 1372 1874 ipsius
1385 1800 1612 1860 seccoviensis
1623 1801 1773 1862 ecclesiae

130 1907 343 1984 privilegium
354 1921 454 1985 snper
467 1908 660 1984 episcopatu
670 1909 704 1969 in
715 1909 925 1969 seccoviensi
975 1898 1052 1973 jure
1068 1897 1160 1958 831110
1174 1897 1258 1956 nihii
1284 1897 1324 1958 (Ῑθ
1341 1897 1436 1958 bonis
1458 1897 1562 1975 ipsius
1578 1899 1618 1958 ad
1641 1899 1773 1975 episco-

131 2004 284 2076 ecclesia,
301 2005 380 2067 tnnc
393 2006 458 2066 tuae
480 2004 667 2066 dioecesisa
696 2006 728 2067 te
751 2005 790 2065 de
812 2006 926 2066 nostra

131 2099 349 2178 permissione
364 2103 488 2173 create,
504 2100 565 2162 tibi
578 2117 771 2162 concessum
787 2101 923 2173 anobis,

131 2213 192 2273 per
201 2197 402 2259 incautelam
417 2198 461 2258 sit
477 2197 657 2258 amoribus
673 2199 837 2275 lineisque
850 2214 927 2260 cor-

131 2309 256 2365 rosum,
269 2294 314 2355 ita
331 2294 367 2354 nt
378 2293 497 2355 abrosa
515 2310 651 2370 prorsus
664 2295 756 2370 parte
776 2311 841 2355 non
855 2309 927 2356 mo-

132 2390 217 2462 dica,
236 2405 295 2466 por
308 2393 435 2467 partem
456 2391 624 2451 residuam
645 2391 724 2452 sciri
742 2407 807 2453 non
823 2393 927 2468 possit

133 2487 206 2564 quis
222 2485 322 2548 fuerit
334 2488 429 2548 tenor
443 2490 514 2563 ejus
532 2503 651 2563 :snper
666 2487 729 2548 hoc
740 2505 814 2550 cum
825 2489 926 2549 fuerit

132 2583 168 2644 in
199 2584 330 2658 regesto
353 2583 465 2644 nostro
494 2585 728 2660 conscriptum,
751 2586 925 2660 providere

132 2678 243 2740 debita
259 2679 481 2742 sollicitudine
497 2680 722 2755 dignaremur.
740 2683 808 2743 Nos
824 2681 927 2756 igitur

130 2776 280 2838 tenorem
295 2777 441 2853 ejusdem
457 2777 624 2852 privilegii
638 2776 677 2837 de
700 2781 831 2852 regesto
853 2779 925 2852 ipso

132 2871 274 2934 fideliter
286 2875 464 2948 sumptum,
474 2873 630 2948 praesenti
644 2873 774 2949 paginae
788 2873 925 2934 lecimus

131 2969 295 3039 annotari,
313 2968 539 3038 decernentes,
558 2968 593 3029 ut
609 2969 731 3044 pagina
746 2969 810 3030 ista
830 2985 924 3056 eam-

132 3065 206 3125 dem
232 3065 299 3126 vim
323 3067 356 3126 61
381 3065 611 3126 auctoritatem
636 3065 794 3136 obtineat,
828 3081 925 3142 qnam

131 3162 305 3239 praelatum
334 3162 477 3223 obtinuit
501 3161 724 3237 privilegium,
749 3163 926 3238 antequam

132 3260 219 3320 esset
234 3275 293 3335 per
316 3258 517 3320 incautelam
532 3274 591 3318 seu
607 3274 719 3318 casum
736 3259 926 3335 hujusmodi

132 3356 301 3418 violatum.
319 3357 375 3416 Est
396 3355 498 3431 igitur
512 3355 618 3432 ipsius
639 3355 808 3432 privilegii
831 3357 928 3418 tenor

132 3452 209 3513 tulis
226 3474 233 3512 :

171 3550 338 3612 Honorius
349 3549 924 3626 episcopus,servusservorumbei,

132 3647 316 3708 venerabili
336 3647 432 3708 fratri
453 3647 644 3707 Eberhardo
674 3646 933 3724 salzeburgensi

133 3745 395 3822 archiepiscopo.
424 3744 565 3805 salutem
581 3745 613 3804 et
625 3743 848 3820 Apostolicam
863 3743 925 3805 be-

134 3841 366 3902 nedictionem.
884 3830 887 3838 '

173 3939 264 4008 Quod
283 3953 348 3997 non
363 3938 431 4008 tua,
449 3937 506 3998 sed
522 3953 594 4014 quae
609 3937 731 3999 Christi
746 3939 798 3999 vel
814 3939 925 4015 potins

134 4048 207 4108 qnae
219 4033 341 4094 Christi
356 4034 389 4094 et
407 4036 463 4093 tna
479 4034 566 4104 sunt,
583 4034 697 4094 sedula
713 4034 926 4096 meditatione

132 4129 295 4205 requiras,
312 4143 414 4206 opera
436 4129 494 4190 tua
509 4129 735 4192 testimonium
752 4131 926 4206 perhibent

133 4225 313 4296 evidenter,
340 4223 417 4284 dum
444 4225 620 4285 commisso
642 4225 702 4284 tibi
731 4228 824 4301 gregi
848 4244 927 4303 pro-

132 4322 225 4382 desse
240 4321 433 4384 desiderans
447 4321 664 4398 potiusquam
681 4339 837 4397 pracesse,
856 4323 927 4384 ani·

132 4431 259 4477 marum
274 4417 414 4488 lucrum,
439 4417 524 4478 sicut
545 4418 639 4479 decet
654 4419 784 4478 Domini
809 4436 924 4479 sacer-

133 4514 251 4586 dotem,
286 4514 422 4590 praefers
452 4514 592 4590 quaestui
626 4515 818 4590 temporali;
847 4517 925 4592 quin

132 4611 242 4682 etiam,
255 4625 297 4671 ne
311 4627 375 4672 non
390 4613 456 4672 tam
469 4627 525 4672 eas
541 4627 691 4687 pascere,
704 4629 802 4688 qnam
812 4612 927 4690 depas-

132 4723 207 4769 cere
222 4708 377 4776 videaris,
393 4709 552 4780 carnalia,
578 4725 650 4786 quae
671 4725 785 4784 posses
802 4713 925 4770 metere

132 4805 167 4865 in
199 4805 332 4874 eisdem,
369 4805 577 4865 voluntarius
605 4805 706 4866 offers
738 4807 925 4882 spiritualia

133 4899 337 4971 seminand0,
355 4899 527 4975 eloquent,
549 4901 585 4959 ut
600 4899 787 4960 ministrum
804 4901 925 4962 Christi

133 4997 433 5073 etdispensatorem
447 4997 677 5074 mysteriorum
686 4998 744 5056 Dei
757 4999 789 5058 te
800 4997 925 5059 faciens

133 5093 317 5154 existimari
333 5095 425 5156 tuum
437 5093 581 5154 honores
599 5091 634 5153 in
650 5094 789 5155 Domino
807 5095 927 5154 minis-

134 5191 262 5260 terium,
279 5191 375 5266 teque
399 5190 518 5251 reddas
532 5189 684 5250 omnihus
694 5191 924 5252 honorandum

132 5290 165 5348 et
178 5285 324 5347 favorem
339 5287 487 5347 nostrum
503 5303 545 5347 ex
558 5287 599 5347 iis
616 5302 655 5347 eo
674 5288 852 5362 specialius
866 5288 923 5350 tibi

132 5383 290 5456 vindices,
308 5399 371 5460 qno
396 5384 517 5444 nostris
541 5383 759 5461 beneplacitis
783 5401 924 5462 expres-

133 5481 201 5540 sius
216 5482 248 5541 te
259 5481 403 5556 coaptas.
420 5481 604 5543 Prudenter
618 5482 706 5542 enim
721 5483 922 5558 recogitans,

132 5579 217 5654 qnod
228 5577 495 5654 salzeburgensis
504 5579 658 5640 dioecesis
668 5595 771 5656 usqne
784 5580 865 5641 adeo
877 5585 926 5642 est

133 5671 264 5744 diflusa,
285 5672 369 5748 quod
385 5688 451 5732 non
472 5672 619 5735 sufficias
636 5675 802 5736 universis
825 5675 924 5736 habi·

979 1993 1088 2068 palem
1114 1993 1306 2054 cathedram
1326 1993 1558 2066 transferatur,
1583 2011 1643 2056 nec
1670 1995 1773 2055 ullum

980 2089 1101 2150 exinde
1112 2091 1147 2151 in
1162 2089 1389 2166 dignitatibus
1401 2090 1621 2164 libertatibus,
1634 2108 1770 2152 consue·

979 2187 1148 2247 tudinibns
1164 2191 1196 2248 et
1209 2187 1395 2248 rationibus
1412 2188 1663 2265 salzeburgensi
1678 2189 1771 2264 capi-

980 2284 1048 2344 tulo
1081 2283 1310 2360 praejudicium
1343 2287 1531 2362 generetur.
1570 2287 1662 2347 Unde
1697 2286 1776 2349 licet

980 2381 1093 2442 forsan
1108 2397 1147 2443 eo
1163 2383 1272 2442 minus
1290 2382 1330 2442 ad
1347 2383 1409 2442 hoc
1430 2381 1636 2444 insufficiens
1652 2383 1772 2444 debens

981 2478 1139 2552 reputari,
1166 2494 1230 2555 quo
1253 2477 1522 2538 insufficientiam
1545 2479 1670 2554 allegas
1702 2479 1774 2539 ins·

980 2575 1117 2645 tentius,
1134 2591 1194 2635 nos
1209 2578 1320 2636 tamen
1336 2576 1428 2636 tuum
1444 2577 1648 2652 propositum
1664 2575 1773 2650 dignis

980 2673 1014 2730 in
1030 2672 1168 2731 Domino
1182 2670 1335 2731 laudibus
1358 2671 1625 2732 commendantes
1647 2674 1680 2733 et
1695 2688 1773 2748 pre-

980 2765 1073 2826 cibns
1097 2766 1163 2827 tuis
1193 2782 1232 2826 eo
1254 2765 1471 2827 favorabilius
1491 2769 1686 2839 annuentes,
1710 2785 1774 2845 qno

980 2863 1090 2922 rarius
1106 2862 1155 2922 eis
1169 2862 1293 2923 similes
1307 2865 1339 2924 et
1355 2863 1544 2940 frequenter
1556 2865 1651 2924 nobis
1672 2865 1775 2924 dissi-

981 2959 1075 3018 miles
1100 2959 1151 3018 vel
1178 2959 1287 3034 potius
1303 2962 1480 3021 contrariae
1496 2962 1720 3038 porriguntur,
1738 2963 1775 3025 ut

981 3071 1033 3114 res
1048 3055 1114 3116 tam
1129 3055 1233 3115 ardna
1254 3057 1326 3116 sine
1340 3058 1428 3117 omni
1450 3057 1633 3119 offensione
1658 3075 1776 3135 proce·

980 3152 1088 3223 deret,
1106 3153 1290 3213 venerabili
1319 3153 1413 3217 fratri
1434 3160 1547 3217 nostro
1570 3156 1775 3232 Frisingensi

981 3249 1313 3325 episcopoetdilectis
1325 3251 1403 3311 filiis
1418 3252 1609 3312 Brixinensi
1626 3253 1731 3314 electo
1742 3255 1775 3314 et

980 3344 1091 3406 abbati
1106 3346 1322 3409 admuntensi
1343 3347 1465 3409 nostris
1484 3349 1633 3409 dedimus
1654 3349 1774 3411 litteris

981 3443 1015 3502 in
1030 3443 1206 3516 mandatis,
1225 3445 1260 3505 61
1273 3445 1462 3523 hujusmodi
1485 3446 1608 3522 negotii
1631 3448 1775 3507 circum-

981 3541 1121 3601 stantias
1133 3541 1274 3602 sollicite
1287 3543 1503 3618 inquirentes,
1521 3545 1554 3604 61
1570 3544 1772 3619 specialiter,

981 3637 1010 3696 si
1045 3637 1107 3697 hoc
1149 3637 1402 3712 salzeburgensi
1430 3639 1580 3699 ecclesiae
1616 3639 1775 3716 expedire

980 3731 1142 3805 viderent,
1158 3734 1190 3794 et
1201 3734 1240 3794 ad
1258 3733 1287 3793 id
1306 3735 1444 3810 capituli
1457 3735 1604 3812 ejusdem
1618 3751 1775 3796 assensus

981 3830 1162 3902 accederet,
1176 3846 1237 3890 nec
1248 3830 1381 3890 nonnisi
1396 3832 1623 3892 seccoviensis
1633 3832 1774 3892 ecclesia

980 3943 1024 3988 ex
1037 3927 1100 3987 hoc
1112 3929 1302 3988 servaretur
1319 3927 1493 3999 indemnis,
1511 3929 1543 3990 et
1563 3930 1672 3990 utrum
1688 3931 1775 3990 esset
1855 3969 1858 3977 ι

981 4024 1150 4084 sufficiens
1163 4026 1196 4086 et
1210 4025 1330 4086 idonea
1344 4024 1445 4086 futuri
1467 4025 1613 4102 episcopi
1627 4028 1774 4102 provisio

981 4123 1165 4197 praetaxata
1192 4121 1384 4196 diligentius
1408 4121 1615 4198 indagantes,
1645 4123 1771 4185 rescri-

981 4218 1096 4279 berent
1124 4217 1219 4278 nobis
1249 4219 1426 4295 superbis
1457 4219 1609 4282 omnibns
1635 4221 1776 4283 fideliter

980 4315 1247 4392 veritatemque
1269 4317 1399 4391 cognita
1416 4315 1455 4376 de
1475 4318 1614 4378 consilio
1637 4317 1774 4379 fratrum

981 4413 1169 4472 nostrorum
1194 4412 1447 4488 procederemus
1475 4417 1610 4476 anctore
1636 4417 1775 4476 Domino

980 4508 1154 4569 inoffense.
1172 4511 1354 4588 Episcopus
1368 4527 1446 4572 vero
1457 4515 1490 4572 61
1500 4511 1601 4572 abbas
1612 4512 1773 4586 praedicti,

981 4605 1067 4666 sicut
1095 4605 1164 4666 suis
1193 4605 1287 4666 nobis
1317 4607 1436 4669 litteris
1464 4608 1670 4679 intimarunt,
1697 4609 1774 4684 qnia

981 4703 1157 4778 praedictus
1167 4704 1292 4765 electus
1302 4704 1774 4780 crucesignatusinprocinctu

980 4801 1075 4876 quasi
1094 4801 1373 4877 peregrinationis
1389 4802 1528 4877 positus
1545 4801 1623 4862 bnic
1640 4804 1772 4878 negotio

980 4898 1214 4958 interessenon
1225 4900 1363 4974 poterat,
1372 4898 1412 4958 ad
1422 4898 1714 4974 salzeburgensem
1724 4917 1775 4962 ec-

981 4995 1115 5054 clesiam
1131 4995 1352 5072 personaliter
1365 4995 1558 5056 accedentes
1573 5011 1771 5059 consensum

980 5091 1117 5166 capituli
1130 5092 1170 5151 ad
1184 5092 1247 5152 hoc
1269 5092 1427 5154 invenere
1443 5091 1594 5168 paratum
1620 5093 1652 5154 et
1666 5111 1775 5170 qnan-

979 5190 1048 5248 tum
1061 5188 1184 5250 tamibi
1202 5205 1300 5266 quam
1327 5188 1405 5248 alibi
1423 5205 1523 5266 snper
1546 5188 1608 5251 hoc
1624 5193 1775 5267 poterant

980 5285 1122 5356 edoceri,
1136 5285 1323 5346 didicerunt
1334 5286 1396 5346 hoc
1410 5285 1661 5364 salzeburgensi
1672 5290 1775 5351 eccle-

980 5383 1039 5442 siae
1053 5381 1177 5459 absque
1191 5381 1290 5444 dubio
1306 5383 1474 5458 expedire.

1022 5479 1238 5555 Praepositum
1255 5496 1384 5556 quoquc
1401 5482 1433 5541 et
1454 5481 1633 5558 capitulum
1651 5485 1773 5545 secco-

979 5577 1095 5636 viense
1108 5577 1329 5654 personaliter
1344 5578 1479 5639 allocuti
1490 5581 1688 5654 acceperunt
1701 5596 1774 5642 res-

979 5689 1131 5748 ponsum,
1142 5673 1227 5750 quod
1241 5676 1272 5736 et
1283 5675 1509 5738 seccoviensis
1520 5677 1660 5740 ecclesia
1669 5678 1774 5743 illaesa
