4244 6374
118 377 177 436 553

116 534 329 612 praesentium
353 536 415 598 tibi
443 537 638 598 auctoritate
661 538 905 611 committimus

117 632 164 704 ut,
180 649 280 710 quum
294 632 335 694 ad
349 633 422 694 loca
445 634 577 694 veneris
597 633 783 706 interdicta,
809 635 908 696 liceat

115 729 176 790 tibi
203 730 238 790 in
263 744 377 790 eorum
399 730 540 806 singulis
556 747 655 791 unam
671 732 906 793 semeleccle-

117 827 202 886 siam
231 828 373 904 aperire,
402 829 434 887 et
459 827 593 900 ibidem,
611 829 906 890 excommunicatis

115 923 149 984 et
161 923 354 984 nominatim
367 924 551 986 interdictis
567 924 722 996 exclusis,
736 925 906 987 celebrare

114 1020 238 1091 divina,
250 1027 286 1081 ut
296 1021 344 1081 sic
355 1019 526 1082 efficacius
542 1021 649 1097 possis
660 1021 706 1082 ibi
720 1037 905 1099 proponere

113 1115 250 1178 verbum
281 1117 401 1189 crucis,
429 1116 645 1178 nihilominus
672 1119 902 1191 concedentes,

113 1213 276 1274 uteorum
290 1215 378 1285 vota,
406 1213 463 1290 qui
491 1216 653 1277 voverunt
677 1213 766 1276 beati
789 1216 904 1277 Jacobi

111 1310 164 1372 vel
179 1311 320 1371 aliorum
342 1312 533 1371 sanctorum
555 1311 671 1372 limina
695 1313 842 1383 visitare,
868 1315 903 1373 in

110 1408 341 1469 transmarinae
369 1409 648 1485 peregrinationis
673 1410 780 1485 possis
811 1425 904 1470 com·

109 1506 239 1566 mutare
265 1504 424 1576 laborem,
441 1506 473 1566 et
495 1505 558 1576 bis,
587 1506 644 1582 qui
668 1506 905 1569 commiserunt

110 1601 276 1674 incendia,
287 1602 409 1679 quique
421 1617 481 1677 pro
497 1601 643 1664 violenta
665 1618 825 1663 manuum
844 1604 902 1664 in-

105 1699 251 1774 jectione
270 1699 306 1759 in
327 1714 488 1760 canonem
503 1699 702 1772 inciderunt,
727 1699 903 1762 dummodo

110 1811 176 1858 non
191 1796 235 1857 sit
248 1795 393 1856 enormis
408 1811 576 1868 excessus,
593 1795 707 1858 valeas
714 1797 811 1873 Juxta
830 1796 902 1858 for-

108 1909 198 1953 mam
209 1893 365 1954 Ecclesiae
384 1892 581 1954 beneficium
604 1892 823 1955 absolutionis
840 1895 901 1956 im-

108 1991 255 2066 pendere
269 1990 342 2051 vice
360 1992 484 2058 nostra,
504 1990 667 2068 siquidem
683 1991 790 2067 passis
812 1993 903 2069 inju-

108 2087 196 2147 riam
220 2087 443 2149 satisfecerint
470 2089 705 2163 competenter,
729 2089 762 2148 et
785 2088 901 2150 devote

110 2185 319 2261 susceperint
329 2183 461 2259 signum
470 2184 579 2244 crucis
592 2201 650 2261 pro
662 2184 809 2246 subsidio
819 2189 903 2246 Ter-

109 2297 156 2342 rae
170 2283 310 2342 Sanctae.
333 2281 550 2342 concedimus
574 2283 686 2353 etiam,
713 2283 749 2344 ut
771 2283 901 2362 aliquos

108 2379 199 2440 viros
213 2379 369 2440 honestos
382 2380 415 2441 et
430 2378 471 2438 ad
495 2379 558 2440 lroc
573 2380 709 2440 idoneos
723 2380 759 2440 in
774 2381 900 2456 partem

109 2477 293 2537 commissae
315 2476 375 2537 tibi
399 2476 634 2537 sollicitudinis
656 2476 768 2538 valeas
793 2477 899 2538 advo-

108 2587 197 2644 care,
213 2589 313 2649 quum
328 2573 453 2634 videris
468 2572 642 2650 expedire;
666 2574 733 2650 qui,
764 2573 841 2634 dum
865 2575 900 2634 in

109 2669 560 2747 hujusmodipraedicationis
571 2670 680 2731 officio
691 2670 898 2744 laborabunt,

107 2767 344 2829 beneficiorum
353 2783 487 2829 suorum
497 2767 647 2829 redditus
658 2784 724 2828 non
735 2769 898 2840 amittant,

109 2864 166 2925 sed
181 2865 310 2940 integre
329 2865 405 2925 illos
427 2866 624 2942 percipiant,
654 2881 693 2927 ac
722 2865 750 2925 si
775 2866 811 2925 in
831 2866 900 2925 suis

107 2960 259 3021 ecclesiis
285 2958 482 3029 residerent,
508 2960 642 3034 proviso
669 2960 781 3020 tamen
805 2975 846 3020 ne
866 2960 900 3020 in

107 3071 247 3117 numero
260 3054 532 3116 affirmandorum
547 3055 702 3127 excedas,
714 3071 798 3117 neve
813 3055 901 3116 affir-

107 3153 228 3216 meede
241 3168 307 3214 una
322 3151 464 3214 ecclesia
479 3151 552 3228 plus
566 3168 664 3228 quam
686 3169 799 3212 unum.
821 3152 900 3213 Illos

108 3263 251 3326 quoque,
260 3249 316 3325 qui
332 3263 463 3309 crucem
476 3247 729 3324 assumpserint,
739 3247 799 3307 sub
811 3247 900 3309 beati

106 3345 199 3407 Petri
213 3344 246 3406 et
259 3345 373 3405 nostra
387 3343 591 3420 protectione
604 3345 804 3421 suscipimus
825 3360 899 3405 cum

106 3441 364 3504 omnibusbonis
373 3442 453 3514 suis,
464 3442 656 3514 statuentes,
667 3442 713 3513 ut,
726 3442 899 3520 postquam

106 3539 231 3601 fuerint
240 3540 304 3601 iter
315 3539 593 3617 peregrinationis
604 3540 764 3614 aggressi,
778 3555 817 3600 ea
828 3555 900 3600 om-

105 3638 163 3698 nia
174 3636 234 3698 sub
249 3636 387 3714 speciali
399 3636 549 3697 ecclesiae
565 3635 756 3698 defensione
771 3636 900 3697 consis-

103 3735 188 3807 tant,
203 3734 306 3795 donec
322 3733 480 3795 deradito
494 3733 642 3810 ipsorum
655 3733 708 3794 vel
726 3733 817 3794 obitu
831 3749 900 3794 cer-

103 3831 233 3894 tissime
256 3831 485 3906 cognoscatur.
511 3831 649 3891 Clericis
678 3831 898 3892 nihilominus

104 3928 327 3999 concedendo,
350 3929 386 3989 ut
409 3929 544 4005 propter
558 3928 622 3988 boc
646 3928 774 4004 possint
796 3928 900 3989 bene-

104 4025 257 4086 ficiorum
272 4040 407 4085 suorum
422 4025 601 4100 proventus
616 4039 720 4102 usque
735 4023 777 4086 ad
792 4026 899 4087 trien-

103 4123 198 4184 nium
213 4122 343 4198 pignori
358 4119 505 4196 obligare
520 4119 573 4180 vel
586 4121 769 4197 percipere,
782 4137 900 4198 quarn-

104 4221 164 4281 diu
185 4218 339 4280 absentes
364 4216 489 4278 fuerint
515 4216 579 4277 hac
608 4216 649 4277 de
679 4232 793 4290 causa,
817 4217 896 4291 illis,

104 4317 226 4396 quibus
246 4329 302 4377 eos
325 4313 455 4390 pignori
475 4311 697 4389 obligaverint
719 4315 772 4374 vel
798 4315 897 4376 colli-

102 4413 229 4490 gendos
240 4411 476 4482 commiserint,
494 4410 565 4470 sine
581 4409 800 4472 diminutione
815 4427 899 4488 qua-

102 4510 186 4572 libet
198 4507 414 4579 exhibendos,
428 4507 474 4570 ita
487 4509 598 4569 tamen
613 4506 699 4584 quod
716 4508 896 4584 parochia-

102 4607 192 4668 libus
232 4605 382 4667 ecclesiis
422 4620 481 4680 per
510 4603 687 4665 honestum
735 4605 897 4665 vicarium

103 4706 226 4766 iterum
258 4702 434 4772 serviatur,
471 4716 534 4762 nec
564 4700 685 4778 aliquis
718 4701 897 4777 procedere

103 4798 285 4878 praesumat
297 4797 336 4858 ad
361 4797 595 4872 obligationem
610 4797 811 4874 buJ'usmodi,
832 4797 897 4858 nisi

103 4913 206 4974 quum
220 4896 286 4958 iter
299 4893 438 4971 arripiet
452 4892 699 4965 transfretandi,
715 4895 827 4972 totque
842 4910 898 4955 an·

103 4994 158 5056 nis
171 4992 309 5069 quilibet
323 4991 358 5052 in
369 4991 473 5066 ipsius
488 4990 587 5051 terrae
596 4990 744 5052 subsidio
753 5007 899 5053 commo-

102 5092 211 5161 retur,
239 5105 298 5165 per
330 5086 409 5165 quot
432 5102 510 5147 suos
540 5087 689 5146 redditus
717 5087 895 5163 obligavit3

104 5188 190 5266 quod
207 5187 236 5248 si
250 5185 364 5256 forsan
379 5184 457 5245 ante
468 5183 618 5255 redierit,
636 5184 802 5246 serviatur
817 5183 898 5244 dili-

102 5286 221 5366 genter
235 5281 396 5354 ecclesiae,
406 5283 500 5358 quus
512 5281 660 5342 redditus
674 5279 811 5356 obligati
826 5281 900 5342 fue-

101 5382 182 5452 rint,
202 5379 387 5450 abeodem,
406 5379 442 5439 ut
461 5379 509 5438 sic
524 5377 741 5455 quorumdam
761 5378 898 5439 malitiae

102 5477 266 5546 obvietur,
286 5475 353 5552 qui,
369 5473 607 5535 beneficiorum
626 5489 761 5536 suorum
778 5474 898 5535 fructi-

101 5578 164 5638 bus
180 5572 347 5648 0bligatis,
366 5572 474 5632 solent
489 5571 634 5633 salutare
656 5571 772 5632 limina
790 5574 898 5633 Terrae

103 5671 246 5739 Sanctae,
261 5683 300 5730 ac
325 5668 481 5730 continuo
499 5668 676 5730 redeuntes
699 5670 767 5729 tam
792 5669 899 5746 ipsam

716 380 944 440 EPISTOLAE.
967 381 1045 440 LIB.
1070 380 1155 440 VIII.

1698 377 1758 438 554

962 541 1098 600 Terram
1115 538 1271 599 Sanctam
1291 551 1389 612 quam
1411 537 1571 599 ecclesias
1591 553 1670 600 suas
1695 553 1755 599 suo

962 635 1098 696 servitio
1129 633 1337 695 defraudare.
1372 633 1456 705 Quia
1488 649 1568 695 vero
1603 634 1755 696 nonnulli

962 730 1756 808 crucemassumptamtemeritatepropriadepo·

962 828 1068 888 suisse
1084 827 1248 899 dicuntur,
1263 827 1315 887 vel
1326 828 1466 904 inceptae
1476 828 1754 903 peregrinationis
1787 865 1792 874 ι

960 925 1081 985 itinere
1103 940 1168 985 non
1190 924 1320 999 expleto
1345 939 1364 983 a
1386 922 1545 999 portubus
1575 939 1752 997 remeasse,

960 1021 1111 1081 volumus
1125 1021 1158 1082 et
1172 1021 1379 1092 mandamus,
1394 1021 1430 1081 ut
1447 1036 1503 1081 eos
1518 1021 1559 1080 ad
1578 1037 1753 1081 resumen-

960 1117 1034 1178 dam
1057 1133 1189 1178 crucem
1204 1118 1236 1179 et
1257 1118 1298 1177 ad
1327 1117 1529 1178 reddendum
1556 1119 1668 1178 votum
1684 1121 1753 1178 Do-

959 1214 1048 1275 mino
1062 1215 1147 1292 quod
1176 1215 1338 1275 voverunt
1359 1215 1521 1276 canonica
1545 1213 1754 1276 districtione

959 1311 1153 1387 compellas;
1170 1312 1211 1372 ad
1234 1311 1307 1382 hoc,
1335 1313 1371 1372 ut
1390 1311 1537 1372 fidelium
1562 1311 1693 1374 devotio
1712 1312 1754 1372 ad

959 1407 1064 1483 ipsius
1079 1411 1190 1468 Terrae
1204 1409 1333 1468 Sanctae
1350 1408 1534 1468 subsidium
1545 1408 1664 1469 melius
1676 1424 1755 1486 pro-

957 1507 1107 1576 vocetur,
1123 1504 1239 1564 ordine
1256 1504 1421 1565 solemnes
1434 1505 1663 1580 processiones
1680 1505 1752 1564 fieri

958 1600 1075 1662 saltem
1090 1601 1233 1676 singulis
1247 1601 1416 1661 mensibus
1432 1601 1466 1661 in
1487 1602 1641 1662 omnibus
1658 1602 1750 1673 locis,

958 1698 1014 1774 qui
1031 1698 1071 1758 ad
1096 1697 1160 1759 boc
1174 1698 1288 1759 idonei
1309 1698 1520 1770 videbuntur,
1537 1700 1570 1760 et
1591 1701 1753 1775 psalmum

957 1793 1050 1855 illurn
1060 1816 1066 1855 ε
1076 1799 1180 1863 Deus,
1191 1797 1362 1856 canerent
1374 1796 1503 1872 pentes,
1520 1811 1578 1870 per
1593 1796 1752 1857 ecclesias

957 1906 1072 1952 omnes
1084 1891 1199 1952 diebus
1210 1891 1349 1967 singulis
1363 1892 1559 1953 moresolito
1570 1892 1750 1954 decantari.

957 1988 1106 2058 Proviso,
1122 1988 1207 2064 quod
1224 1989 1251 2048 si
1261 1988 1346 2049 forte
1362 1989 1491 2066 his,qui
1507 1989 1547 2050 ad
1562 1989 1752 2067 hujusmodi

956 2085 1186 2160 processiones
1195 2101 1254 2146 seu
1269 2085 1309 2146 ad
1322 2085 1405 2146 alias
1415 2087 1669 2148 convocationes
1678 2088 1753 2147 tuas

956 2183 1183 2254 convenerint,
1214 2182 1360 2258 aliquam
1390 2184 1603 2259 peccatorum
1632 2183 1754 2244 remis-

956 2278 1082 2338 sionem
1104 2279 1241 2340 duxeris
1262 2278 1465 2352 faciendam,
1487 2281 1600 2341 decem
1625 2281 1752 2340 dierum

956 2391 1128 2436 numerum
1144 2376 1272 2437 indulta
1287 2377 1442 2438 remissio
1454 2393 1519 2437 non
1535 2377 1693 2451 excedat3
1720 2377 1754 2438 et

956 2473 982 2532 si
997 2472 1038 2532 ab
1053 2473 1095 2532 iis
1108 2473 1160 2534 vel
1174 2473 1376 2549 quibuslibet
1392 2474 1480 2546 aliis,
1498 2474 1554 2550 qui
1570 2473 1611 2534 ad
1627 2473 1749 2551 hujus-

956 2569 1044 2629 modi
1075 2571 1332 2630 convocationes
1368 2571 1600 2642 convenerint,
1638 2571 1752 2648 aliqua

956 2665 1066 2726 oblata
1086 2665 1211 2728 fuerint
1236 2667 1289 2728 vel
1305 2667 1389 2728 alias
1409 2668 1487 2728 data
1516 2683 1576 2743 pro
1603 2666 1751 2729 subsidio

955 2766 1066 2824 Terrae
1092 2763 1233 2836 Sanctae,
1248 2763 1307 2825 illa
1325 2763 1429 2824 facias
1444 2763 1586 2825 fideliter
1606 2780 1746 2826 conser-

955 2859 1040 2930 vari,
1058 2860 1094 2920 ut
1112 2861 1260 2935 tempore
1274 2861 1422 2936 passagii
1442 2860 1602 2920 faciamus
1618 2861 1750 2938 disponi

955 2955 1090 3027 deillis,
1107 2956 1216 3032 prout
1236 2957 1341 3032 ipsius
1361 2960 1472 3018 Terrae
1491 2959 1621 3018 Sanctae
1641 2957 1752 3019 subsi-

954 3052 1045 3112 dium
1060 3052 1226 3114 videbitur
1250 3055 1418 3130 expedire.
1443 3056 1561 3116 Datum
1581 3056 1748 3128 Laterani,

956 3152 1001 3210 lll
1014 3149 1080 3212 kal.
1098 3150 1222 3224 martii,
1240 3167 1327 3216 anno
1343 3152 1470 3214 octavo.

1276 3471 1431 3558 CXLIV

955 3632 1506 3704 Aaoeacrdemarcmeptseopem
1514 3633 1747 3694 Bistmttncm.

1242 3763 1257 3817 1
1273 3761 1368 3818 martii
1382 3761 1460 3819 last.

1110 3881 1204 3944 [Gallia
1218 3882 1370 3942 Christiana,
1384 3883 1438 3941 XV,
1457 3882 1529 3934 lustr.
1542 3883 1593 3945 ib]

954 4008 1095 4066 lionoriue
1109 4009 1150 4066 lli
1163 4006 1309 4065 scholares
1324 4008 1352 4065 S.
1374 4007 1643 4079 StephantGerardo
1653 4007 1746 4066 archi·

1076 4096 1211 4169 episcopo
1225 4094 1417 4168 protegendos
1430 4096 1621 4153 commendat.
1701 4169 1707 4178 .

993 4222 1160 4282 Honorius
1172 4221 1358 4298 episcopus,
1368 4236 1484 4282 servus
1494 4237 1666 4282 servorum
1676 4222 1746 4295 Dei,

951 4318 1136 4379 venerabili
1144 4317 1239 4378 fratri
1250 4321 1287 4378 G.
1300 4318 1745 4394 archiepiscopoBisuntino,

953 4415 1093 4476 salutem
1107 4415 1140 4476 et
1153 4414 1377 4491 Apostolicam
1387 4414 1665 4476 benedictionem.

992 4511 1142 4571 Peccatis
1157 4511 1378 4572 communicat
1391 4511 1511 4572 alienis
1522 4527 1702 4588 eorumque
1712 4528 1748 4574 se

952 4608 1146 4684 participem
1166 4607 1347 4680 constituit,
1374 4609 1442 4685 qui,
1473 4593 1748 4685 compeccantes

952 4719 1094 4778 arguere
1110 4704 1208 4780 atque
1226 4720 1436 4781 compescere
1450 4705 1614 4776 teneatur,
1642 4705 1672 4765 is
1695 4705 1748 4767 vel

952 4815 1168 4878 personarum
1179 4801 1344 4878 acceptor,
1361 4801 1413 4863 vel
1426 4801 1477 4861 sui
1491 4801 1660 4877 neglector
1673 4801 1749 4863 offi-

953 4898 1007 4968 cii,
1021 4896 1130 4958 facere
1145 4897 1376 4974 praetermittit.
1388 4899 1474 4966 Sane
1485 4913 1551 4958 non
1563 4897 1665 4962 semel
1675 4899 1747 4960 tan·

951 4995 1033 5066 tum,
1048 4994 1105 5054 sed
1126 5009 1214 5070 saepe
1233 4993 1357 5055 nostris
1377 4995 1427 5056 est
1442 4992 1579 5055 auribus
1605 4995 1747 5057 intima-

952 5092 1033 5162 tum,
1051 5090 1135 5168 quod
1153 5107 1227 5151 cum
1243 5107 1406 5168 pauperes
1414 5091 1542 5160 clerici,
1550 5091 1748 5155 convenien-

952 5189 1003 5250 tes
1017 5187 1057 5248 ad
1074 5186 1205 5248 scholas
1218 5190 1250 5248 S.
1267 5187 1426 5263 Stephani
1434 5187 1612 5262 Bisuntini,
1625 5189 1751 5253 vadunt

953 5299 1013 5362 per
1035 5283 1203 5346 civitatem
1227 5284 1490 5360 competentibus
1506 5285 1620 5370 boris,
1651 5303 1748 5364 quae-

953 5382 1058 5442 rendo
1086 5381 1315 5458 eleemosynas
1342 5381 1499 5450 ostiatim,
1525 5383 1659 5460 quidam
1687 5383 1749 5446 filii

954 5477 1070 5550 Belial,
1108 5479 1144 5538 in
1183 5493 1240 5538 eos
1267 5493 1334 5537 non
1369 5476 1494 5556 absque
1535 5475 1749 5542 conniventia

955 5575 1191 5636 canonicorum
1208 5577 1241 5636 S.
1257 5574 1422 5636 Johannis
1436 5576 1615 5647 Bisuntini,
1625 5577 1750 5639 temere

953 5671 1178 5747 insurgentes,
1191 5670 1225 5731 in
1239 5685 1296 5732 eos
1306 5671 1469 5733 violentas
1482 5687 1601 5734 manus
1611 5672 1758 5752 injicere
