4244 6374
98 356 162 416 545

99 512 239 588 dignum
260 507 349 571 esset
372 525 392 570 a
416 502 612 570 celsitudine
631 503 689 564 tua
711 500 895 573 ferendum,

101 609 134 670 si
148 605 299 684 praedicti
314 605 488 666 occasione
504 598 704 678 hujusmodi,
719 599 806 659 unde
818 613 898 674 gra·

97 705 150 766 tia
162 706 220 766 tua
232 701 406 764 reddidere
419 715 454 760 se
469 699 597 773 dignos,
615 696 759 772 aliquem
772 695 807 756 in
821 710 898 770 per-

100 802 206 872 sonIs,
221 800 274 861 vel
289 799 387 859 rebus
405 797 474 856 suls
489 795 676 856 molestiam
690 793 894 869 paterentur,

100 899 247 959 sciturus
272 895 357 973 quod
384 894 413 954 si
439 909 482 955 ex
505 892 568 952 hoc
591 891 669 952 illos
691 888 897 965 contingeret

99 993 285 1066 molestari,
324 990 442 1052 merito
473 1003 656 1064 possemus,
693 985 779 1064 quod
810 985 896 1046 idem

100 1088 343 1169 primogenitus
354 1087 431 1148 tuus
442 1085 532 1146 circa
546 1083 770 1160 receptionem
782 1080 896 1141 uxoris

101 1204 173 1248 suae
194 1184 360 1246 mandatis
384 1182 507 1244 nostris
532 1183 647 1242 contra
668 1180 757 1240 tuam
777 1177 898 1240 volun·

99 1285 205 1346 tatem
233 1281 392 1358 paruerit,
425 1277 600 1354 suspicari.
633 1279 742 1348 Quare
769 1269 898 1335 sere'ni·

99 1382 205 1443 tatem
217 1381 308 1442 tuam
319 1391 502 1448 monemus
515 1389 672 1450 rogamus
683 1373 717 1434 et
725 1371 898 1432 hortamur

102 1477 239 1548 attente,
263 1475 427 1552 quatenus
448 1471 606 1550 praedicto
629 1469 752 1539 comiti,
774 1469 807 1529 et
821 1467 897 1528 aliis

101 1574 252 1636 favorem
265 1574 359 1634 tuum
375 1569 553 1632 ostendens
571 1568 604 1630 et
619 1567 762 1643 gratiam
774 1580 835 1641 per
849 1563 899 1624 el-

101 1671 237 1742 lectum,
255 1670 287 1731 et
299 1670 335 1732 tu
353 1669 389 1728 in
402 1666 495 1726 nullo
516 1667 564 1726 eis
582 1664 740 1725 molestus
755 1662 896 1733 eristas;

101 1769 137 1830 et
152 1767 277 1829 attente
286 1763 476 1842 providens,
494 1777 536 1822 ne
549 1761 623 1838 quis
634 1760 675 1821 ad
686 1774 801 1820 eorum
812 1757 898 1819 bona

101 1861 283 1924 minuenda
294 1875 412 1921 manus
424 1857 595 1929 extendat;
612 1857 658 1918 ita
669 1855 755 1933 quod
767 1853 898 1914 sincera

102 1975 185 2034 erga
204 1955 310 2018 filium
330 1958 424 2018 tuum
443 1954 654 2032 paternitatis
671 1951 803 2014 affectio
816 1953 850 2013 et
862 1951 899 2010 in

104 2071 178 2127 sua,
204 2057 237 2117 et
257 2056 295 2115 in
313 2054 448 2115 illorum
470 2051 621 2129 personis
643 2049 769 2127 liquido
795 2048 899 2124 possit

104 2151 253 2228 agnosci.
271 2151 389 2213 Datum
403 2150 442 2211 ut
457 2163 576 2223 supro.

204 2599 257 2657 Ad
268 2597 443 2657 andream
458 2607 577 2670 regem
593 2593 796 2668 Hunpartoe.

362 2725 396 2782 tl
412 2721 546 2780 februarii
562 2722 640 2780 llil.

269 2847 362 2912 [Fejer,
373 2845 434 2898 Cod.
448 2845 565 2910 diplom,
581 2845 624 2902 ΙΙΙ,
638 2859 656 2902 t,
668 2834 735 2908 tel]

107 2967 179 3022 lium
189 2961 316 3020 hortatur
325 2967 357 3019 ut
365 2961 463 3020 Belem
473 2974 572 3033 regern
584 2959 804 3032 primogenitum
815 2957 899 3014 su'um

142 3051 374 3110 commendatum
386 3049 491 3106 hebeat
505 3057 534 3104 et
546 3045 582 3104 ad
594 3047 657 3119 ejus
669 3055 696 3104 et
707 3061 822 3104 suorum
835 3061 899 3120 pro·

142 3140 281 3198 visionem
297 3138 446 3196 honestam
462 3135 497 3193 de
514 3150 604 3208 regno
619 3150 671 3192 suo
685 3135 711 3192 ei
726 3142 819 3193 certos
833 3135 897 3192 red-

142 3225 218 3286 ditus
231 3227 369 3300 assignet.

146 3353 326 3424 Honorius,
344 3353 419 3424 etc,
436 3351 588 3423 salutem,
605 3350 668 3412 etc.

146 3451 280 3514 Ventris
302 3466 322 3511 a
341 3449 437 3510 uobis
461 3449 593 3510 viscera
613 3447 897 3520 commendantur,

107 3549 185 3609 dum
201 3547 410 3608 carissimum
427 3546 463 3606 in
478 3545 609 3606 Christo
627 3545 731 3606 lilium
748 3548 898 3608 nostrum

108 3648 144 3706 Β.
160 3659 284 3719 regem,
301 3643 558 3720 primogenitum
577 3645 681 3714 tuum,
699 3642 755 3719 qui
771 3657 829 3719 pro
846 3659 896 3715 eo,

109 3742 194 3818 quod
209 3734 348 3801 'trxorem
368 3756 462 3800 suam
477 3739 518 3799 ad
542 3739 733 3800 mandatum
749 3739 899 3800 nostrum

110 3838 243 3914 recepit,
264 3841 398 3899 coactus
420 3837 527 3898 estin
548 3838 673 3897 terram
693 3835 815 3898 nobilis
834 3836 899 3897 viri

112 3935 203 3996 ducis
216 3934 370 4006 nustriae,
387 3949 423 3994 se
436 3931 613 4004 tranferre,
627 3935 694 3994 tuae
709 3933 899 3994 celsitudini

109 4030 384 4092 commendamus.
402 4031 451 4092 Ne
463 4029 567 4105 igitur
576 4029 678 4105 regiae
688 4029 899 4106 displicuisse

111 4128 281 4190 serenitati
299 4127 463 4196 credatur,
481 4126 567 4202 quod
581 4127 759 4203 praedictus
775 4128 901 4203 primo-

110 4226 240 4300 genitus
253 4226 330 4287 tuus
346 4223 469 4284 nostris
484 4223 655 4284 humiliter
672 4223 784 4299 paruit
798 4223 900 4284 bene-

110 4319 250 4399 placitis,
274 4323 307 4383 et
328 4319 507 4394 mandatis3
527 4321 617 4381 tuam
636 4320 782 4396 prolecto
806 4320 911 4382 decet.

111 4419 328 4496 prudentiam,
350 4418 386 4479 ut
408 4416 449 4478 de
471 4417 629 4493 praedicto
648 4417 717 4478 filio
733 4419 800 4488 iu0,
823 4416 899 4478 dum

111 4517 247 4578 interra
268 4515 417 4576 moratur
433 4513 554 4585 aliena,
576 4514 685 4576 Patris
707 4513 828 4575 affectu
843 4530 900 4576 co-

111 4613 192 4689 gites
205 4615 353 4687 assueto;
370 4611 479 4687 ipsum
493 4611 579 4672 sicut
589 4611 673 4672 tanti
682 4611 772 4686 regis
781 4611 897 4685 tilium,

112 4789 174 4846 inde
190 4788 307 4846 iecerint
317 4803 353 4845 ex
373 4795 452 4862 perte
467 4795 573 4846 nostra.
587 4791 619 4847 ln
639 4789 720 4862 cujus
735 4787 831 4857 iidem,
843 4796 898 4846 etc.

112 4862 192 4917 l'este
223 4859 278 4915 mei
300 4875 331 4916 so
360 4859 435 4916 aud
462 4861 573 4916 Novum
603 4861 751 4932 Templum
785 4859 899 4918 Londo-

113 4931 219 4997 niense,
289 4932 353 4988 Vlll
369 4875 416 4986 <Xe
431 4930 538 5002 aprilis,
557 4943 633 4986 anno
647 4932 730 5002 regui
746 4931 835 4988 nostri
850 4945 898 4987 oc·

114 5008 185 5068 tavo,
201 5015 298 5056 coram
313 5000 430 5056 domino
451 5000 647 5057 cantuariensi
671 5001 898 5084 archiepiscopo,

115 5071 235 5127 Huberto
245 5069 280 5126 de
300 5072 395 5142 Burgo
407 5069 574 5141 justiciario,
590 5077 618 5126 et
630 5072 654 5127 i.
677 5070 860 5128 bathoniensi
873 5079 901 5128 ct

115 5141 260 5198 lasarum
313 5140 458 5212 iscopis.»

148 5212 223 5278 lton,
244 5211 281 5265 ΙΙ·
301 5226 352 5266 cna
371 5232 382 5260 ι
401 5213 460 5268 Rex
474 5209 683 5266 venerabilibus
700 5211 768 5268 viris
787 5219 815 5268 et
830 5213 900 5268 ami·

115 5281 153 5338 cis
167 5281 193 5336 in
209 5280 319 5338 Christo
329 5282 494 5348 carissimis,
511 5280 725 5353 archiepiscopo
743 5283 901 5341 Senonensi

116 5358 143 5407 et
156 5351 288 5423 episcopo
307 5351 522 5418 Silvanectensi,
538 5353 670 5408 salutem.
691 5353 791 5410 Grates
806 5360 898 5424 pater·

116 5421 191 5478 nitati
206 5429 309 5478 vestre
326 5420 474 5478 referimus
497 5421 533 5478 de
555 5421 690 5494 hisquae,
712 5421 747 5478 de
767 5421 902 5479 mandato

116 5492 219 5548 domini
242 5493 336 5564 Papa,
357 5491 439 5548 uobis
453 5491 572 5549 duxistis
595 5508 644 5566 per
665 5493 772 5549 litteras
792 5501 903 5550 vestras

116 5559 279 5624 intimanda.
291 5562 327 5618 de
341 5563 449 5635 treugis
464 5564 536 5620 inter
549 5563 694 5622 dominnm
708 5578 806 5635 regem
816 5565 901 5620 Fran·

117 5633 164 5688 cia
183 5639 211 5688 et
236 5645 289 5688 nos
318 5632 515 5706 prorogandis.
537 5637 571 5691 ΕΙ
598 5633 679 5692 vobis
705 5633 904 5706 signilloamus

237 5771 351 5814 rnmou.
369 5771 442 5815 rous
456 5757 503 5816 tv.

708 341 935 408 EPISTOLAE.
959 343 1037 402 LIB.
1062 343 1148 401 VIII.

1687 337 1748 394 546

951 499 984 562 et
998 500 1124 575 partem
1139 499 1271 560 tuorum
1284 497 1460 568 viscerum,
1478 494 1622 570 benigne
1634 509 1673 554 ac
1683 493 1747 554 ho·

952 599 1045 657 nesto
1059 595 1243 666 tractando
1261 593 1347 654 acsi
1365 592 1558 662 liberaliter,
1579 591 1666 652 unde
1681 591 1746 651 sibi

951 694 984 754 et
1007 693 1077 754 suis
1101 692 1258 754 decenter
1281 688 1457 766 providere
1480 689 1601 757 valeat,
1627 688 1744 764 provi·

951 789 1069 851 dendo.
1087 793 1196 862 Quare
1215 786 1428 848 sereniiatem
1450 786 1540 846 tuam
1560 800 1743 854 monemus,

951 902 1106 962 rogamus
1122 887 1155 947 et
1169 885 1342 946 hortamur
1357 883 1493 952 attente,
1513 885 1686 958 quatenus,
1704 897 1746 941 ne

952 984 1125 1060 quisquam
1141 981 1305 1058 suspicari
1320 981 1443 1050 valeat,
1460 979 1545 1055 qnod
1566 978 1655 1038 lilius
1669 980 1746 1041 tuus

951 1081 1140 1156 praedictus,
1150 1079 1245 1140 nobis
1258 1079 1374 1140 devote
1385 1076 1542 1154 parend0,
1555 1080 1644 1137 certe
1654 1077 1745 1136 tuam

951 1177 1067 1239 lecerit
1093 1177 1313 1248 voluntatem3
1349 1174 1406 1236 sed
1440 1175 1550 1250 potius
1585 1174 1745 1249 tanquam

952 1270 1748 1350 princepscatholicusindevotionesedisapos-

950 1371 1060 1432 tolicae
1079 1369 1248 1430 radicatus
1267 1368 1390 1430 lactum
1411 1367 1601 1444 hujusmodi
1617 1367 1747 1428 babue-

951 1468 1010 1539 ris,
1035 1468 1121 1528 sicnt
1149 1482 1332 1544 speramus,
1359 1467 1548 1541 acceptum;
1572 1466 1747 1541 paternam

952 1563 1162 1624 affectionem
1177 1562 1218 1622 ad
1231 1562 1324 1623 illum
1339 1577 1397 1637 per
1410 1561 1563 1622 effectum
1573 1560 1744 1632 exhibeas,

952 1659 1040 1722 etad
1057 1675 1161 1730 suam,
1179 1660 1212 1721 et
1230 1673 1366 1718 suorum
1380 1657 1604 1734 provisionem
1619 1657 1745 1718 hones-

952 1758 1019 1817 tam
1039 1756 1080 1816 de
1100 1771 1204 1831 regno
1224 1757 1282 1816 tuo
1297 1753 1445 1816 redditus
1465 1755 1497 1815 ei
1523 1755 1632 1816 certos
1657 1755 1746 1815 assi-

953 1867 1052 1928 gnes3
1065 1853 1112 1913 iia
1123 1851 1208 1928 quod
1220 1850 1481 1927 magnitudinem
1492 1851 1526 1912 et
1535 1850 1745 1912 devotionem

952 1950 1044 2011 tuam
1070 1951 1105 2009 in
1132 1948 1272 2010 Domino
1302 1947 1534 2008 commendare
1560 1947 1744 2024 possimus;

953 2061 1014 2106 nec
1027 2047 1203 2122 quisquam
1216 2043 1257 2105 de
1270 2045 1303 2106 te
1317 2042 1420 2116 aliud,
1435 2043 1584 2120 quamde
1596 2045 1746 2121 principe

953 2142 1117 2204 cathoIIco
1138 2142 1170 2204 et
1187 2141 1306 2205 devoto
1326 2141 1490 2217 suspicari
1506 2142 1652 2217 cogatur.
1670 2142 1747 2202 Sci-

953 2242 1048 2301 turus
1064 2239 1146 2301 satis
1160 2254 1249 2315 segre
1261 2255 1321 2300 nos
1336 2238 1435 2310 serre,
1451 2238 1536 2315 quod
1550 2238 1747 2315 saepedictus

953 2335 1042 2397 tilius
1058 2337 1135 2398 tuus
1149 2335 1190 2397 de
1207 2335 1393 2397 devotionis
1413 2336 1446 2396 et
1466 2334 1662 2396 obedientiae
1677 2351 1746 2396 suae

954 2433 1082 2505 merite,
1098 2433 1185 2494 unde
1195 2432 1291 2494 debet
1306 2433 1430 2494 sentire
1440 2433 1593 2509 gratiam,
1606 2432 1748 2494 sustinet

954 2531 1199 2593 detrimentum.
1213 2531 1332 2592 Datum
1345 2531 1513 2603 Laterani,
1526 2532 1572 2590 IX
1586 2529 1746 2591 kalendas

955 2627 1076 2701 martii,
1094 2643 1183 2689 anno
1198 2627 1325 2688 octavo.

1251 2921 1448 3009 CXXXIII

954 3073 1005 3132 Ad
1025 3073 1210 3134 Robertum
1229 3075 1425 3146 episcopam
1447 3073 1744 3146 vesprimiensem.

1208 3203 1243 3260 ΒΞ
1257 3201 1391 3262 lebrnedi
1410 3202 1487 3260 tiri.

1119 3323 1211 3390 [dejen
1222 3325 1283 3375 Cod.
1297 3324 1414 3390 diplom..
1428 3325 1471 3384 Ill,
1484 3339 1502 3386 r,
1513 3324 1580 3390 432]

954 3440 1095 3498 Honorius
1114 3439 1235 3498 boberto
1254 3441 1390 3513 episcopo
1403 3439 1612 3513 Vesprimlensi
1627 3447 1658 3499 ut
1672 3442 1747 3498 Belae

988 3529 1060 3602 regi,
1081 3527 1117 3586 ed
1139 3527 1323 3586 avertendum
1344 3528 1505 3600 divortium,
1529 3529 1602 3586 ultro
1633 3543 1746 3603 quoque

988 3618 1150 3690 opituletur,
1165 3616 1359 3674 commendat.

993 3743 1160 3804 Honorius
1169 3743 1483 3820 episcopusservus
1492 3758 1663 3804 servorum
1674 3744 1744 3816 Dei,

953 3839 1136 3902 venerabili
1171 3839 1278 3910 iratri,
1312 3838 1466 3914 episcopo
1491 3839 1744 3916 vesprimiensi,

954 3936 1094 3998 salutem
1107 3937 1139 3997 et
1152 3935 1375 4012 Apostolicam
1390 3934 1664 3998 benedictionem.

994 4034 1249 4096 Fraternitetem
1283 4020 1375 4093 tuam
1400 4033 1510 4109 dignis
1538 4033 1573 4094 in
1607 4036 1746 4099 Domino

953 4126 1107 4190 laudibus
1145 4126 1430 4200 commendamus,
1471 4128 1557 4204 quod
1593 4130 1679 4192 sicut
1704 4147 1748 4193 ex

954 4227 1047 4302 parte
1071 4224 1239 4286 carissimi
1267 4223 1302 4284 in
1324 4222 1454 4286 Christo
1485 4223 1546 4284 dlii
1566 4227 1683 4301 nostri,
1708 4230 1744 4290 Β.

953 4323 1043 4398 regis
1063 4321 1274 4399 primogeniti
1290 4319 1455 4382 carissimi
1477 4322 1513 4383 in
1532 4323 1662 4387 Christo
1685 4325 1748 4388 lilii

954 4418 1061 4482 nostri
1074 4418 1255 4493 Hungariae
1270 4418 1360 4494 regis
1372 4418 1523 4492 illustris,
1541 4419 1602 4483 ruit
1622 4439 1745 4500 propo-

954 4517 1054 4576 situm
1080 4529 1192 4575 coram
1220 4514 1327 4586 uobis,
1354 4515 1390 4576 tu
1414 4516 1522 4578 eidem
1543 4520 1579 4578 Β.
1603 4520 1686 4594 regi,
1714 4523 1748 4582 et

955 4612 1053 4674 uxori
1070 4627 1139 4672 suae
1152 4625 1282 4689 semper
1297 4611 1438 4674 fideliter
1452 4613 1598 4686 astitisti,
1614 4631 1675 4691 pro
1694 4617 1747 4693 ip-

954 4788 1029 4861 quod
1053 4787 1173 4845 nuncios
1191 4796 1313 4855 nostros,
1337 4803 1388 4860 per
1406 4789 1456 4845 Dei
1472 4789 1605 4861 gretiam,
1626 4789 1661 4848 ad
1675 4807 1743 4850 con·

954 4860 1050 4916 cilium
1064 4859 1226 4916 Parisiense
1241 4855 1276 4914 ad
1292 4867 1349 4915 tres
1368 4860 1544 4931 septimanas
1559 4861 1676 4918 Paschae
1688 4863 1747 4934 (do

955 4930 1059 4986 minica
1074 4929 1156 4986 tertia
1179 4937 1243 5001 post
1265 4928 1387 5000 Pascha)
1408 4929 1553 4988 mittemus
1570 4929 1606 4986 ad
1626 4932 1745 4990 audien-

955 4999 1021 5056 dum
1037 4999 1103 5056 inde
1115 5013 1165 5071 per
1177 5014 1228 5056 vos
1239 4999 1414 5056 voluntatem
1429 5007 1457 5056 et
1472 5015 1640 5072 responsum
1655 5004 1747 5075 ipsius

955 5071 1032 5152 regis
1043 5071 1178 5126 Francia.
1194 5070 1337 5125 Noveritis
1353 5078 1447 5126 autem
1463 5069 1539 5142 quod
1554 5085 1607 5127 nos
1624 5087 1681 5130 non
1701 5076 1744 5132 in·

954 5147 1037 5196 terim
1059 5139 1272 5221 intercipiemus
1285 5153 1355 5212 erga
1375 5139 1467 5211 ipsum
1489 5155 1587 5214 regem
1607 5144 1653 5200 vel
1677 5159 1746 5202 suos

956 5211 984 5267 in
1004 5211 1122 5282 treugis,
1145 5209 1200 5265 nisi
1223 5223 1258 5265 ex
1280 5217 1359 5282 parte
1382 5223 1433 5266 sua
1460 5211 1538 5282 prtus
1559 5210 1642 5270 luerit
1665 5216 1749 5274 inter·

955 5289 1079 5352 ceptum.
1096 5283 1155 5337 Nos
1169 5285 1264 5336 autem
1290 5295 1324 5336 ev
1345 5287 1424 5352 parte
1439 5279 1547 5338 domini
1562 5285 1647 5356 Papae
1666 5301 1746 5344 man·

956 5351 1053 5408 datum
1066 5350 1229 5423 accepimus
1258 5351 1406 5406 erlitteras
1423 5365 1499 5420 suas,
1511 5349 1546 5409 de
1556 5355 1665 5428 treugis
1681 5362 1745 5429 pro-

956 5420 1092 5494 rogandis
1106 5435 1195 5492 usque
1210 5433 1226 5475 a
1280 5420 1488 5490 uadriennium,
1504 5424 1576 5482 sicut
1591 5425 1653 5498 ipse
1667 5441 1747 5484 rece·

957 5493 1007 5564 pit.
1027 5493 1110 5548 Teste
1127 5505 1195 5572 rege
1206 5435 1283 5572 apud
1297 5492 1595 5564 westmonasterium,
1612 5497 1749 5556 vicesimo

957 5569 1058 5620 octavo
1071 5562 1116 5620 die
1132 5561 1240 5634 apnlrs.
1258 5581 1271 5611 ι

1548 5759 1580 5815 ts
