4262 6382
710 273 712 276 '
763 267 991 330 EPISTOLAE.
1016 273 1094 333 LIB.
1118 273 1171 334 tx.

465 411 472 419 ’
509 459 589 546 ou

148 619 201 696 ⁴Ad
225 619 403 688 decanam,
428 620 459 678 J.
487 620 766 680 archidiaconum
791 619 824 682 at
848 624 941 680 Bor-

195 717 345 774 nardnrn
368 717 573 774 canorticntn
592 714 890 776 cathalaunenses.

444 855 459 908 7
479 851 547 908 maii
567 851 646 908 ¹225.

181 971 299 1036 [liegest.,
316 974 360 1023 lib.
369 974 414 1031 IX,
424 972 498 1038 epist.
507 973 562 1022 298.
572 974 628 1023 llss.
638 975 673 1024 La
683 975 756 1024 Parte
769 974 803 1024 du
815 973 910 1038 Theti]

149 1095 266 1152 Mandat
284 1097 343 1166 eis,
362 1105 395 1153 ut
412 1097 441 1152 in
465 1111 551 1154 causa
571 1111 633 1168 quae
653 1097 725 1153 inter
745 1104 943 1170 procuratores

185 1183 393 1256 archiepiscopi
407 1184 579 1241 Senononsis
594 1191 622 1240 et
637 1183 786 1245 abbatissae
803 1184 942 1242 lotrensis

184 1271 355 1340 vertebatur,
377 1273 542 1329 convocatis
563 1271 699 1344 partibus,
723 1272 798 1344 qnod
822 1271 939 1328 canoni-

183 1373 249 1415 cum
264 1359 356 1416 visunt
372 1357 456 1415 tuerit
471 1359 664 1431 pronuntient.

188 1492 368 1562 Honorius,
395 1492 473 1561 eta,
499 1491 628 1552 dilectis
642 1491 757 1552 filiis...
775 1493 939 1556 decanoi.

149 1587 385 1648 archidiacono
401 1588 434 1648 et
451 1587 620 1650 Bernerdo
642 1588 802 1651 canonico
816 1589 940 1676 Catha-

150 1682 315 1753 launeusi‚
333 1683 485 1756 salutem,
502 1685 564 1745 etc.

189 1781 239 1838 Ex
266 1781 360 1856 parte
388 1779 590 1841 venerabilis
623 1779 737 1842 fratris
768 1781 875 1842 nostri
879 1825 940 1841 .....

150 1876 353 1936 senonensis
379 1876 622 1954 archiepiscopi
650 1877 713 1938 luit
737 1878 941 1954 propositum

149 1988 262 2032 coram
285 1972 392 2044 nobis,
409 1973 495 2048 quod
520 1973 599 2033 olim
601 2016 661 2034 .....
685 1974 941 2036 archidiaconus

148 2070 361 2130 Pontinensis
376 2070 409 2130 et
429 2069 565 2144 collegis
581 2069 685 2146 ipsius
700 2071 739 2130 de
755 2071 818 2142 sni,
844 2072 939 2160 ets...

148 2165 324 2226 abbatissae
345 2165 507 2228 Jotrensis
527 2170 779 2242 procuratorum
802 2183 941 2227 assensu

147 2260 295 2322 dedimus
322 2262 356 2321 in
382 2262 563 2334 mandatis,
597 2263 633 2324 ut
662 2279 763 2340 super
788 2279 827 2324 eo
854 2263 940 2339 qttod

111 2377 114 2386 ·
147 2355 235 2418 idem
263 2359 535 2434 archiepiscopus
566 2358 766 2420 abbatissam
791 2359 940 2422 eamdem

146 2469 247 2530 super
258 2455 492 2530 jurisdictione
504 2455 668 2516 lotrensis
683 2455 877 2516 monasterii
901 2471 940 2516 ac

145 2549 245 2610 rebus
280 2551 356 2611 aliis
391 2551 548 2636 injuriari
583 2551 647 2610 sibi
682 2551 826 2622 dicebat,
851 2552 883 2612 et
920 2567 940 2611 a

145 2649 240 2722 parte
255 2648 517 2724 respondebatur
529 2647 669 2710 adversa
683 2647 792 2724 ipsum
805 2663 940 2708 monas·

145 2743 267 2804 terium
289 2761 362 2806 esse
383 2744 534 2816 liberum,
550 2745 582 2806 et
594 2744 793 2820 exemptum,
809 2759 940 2804 necnon

146 2855 246 2916 super
267 2840 495 2918 suspensionis
515 2841 810 2916 sententia,.quam
832 2839 938 2900 abba-

144 2937 227 2998 tissa
248 2937 370 3013 injuste
388 2938 422 2996 in
444 2952 480 2996 se
501 2936 602 2999 latam
624 2935 664 2996 ab
687 2936 939 3012 archiepiscopo

146 3033 355 3110 querebatur,
369 3048 408 3094 ac
421 3032 561 3104 damnis,
574 3033 607 3092 et
628 3032 760 3107 injuriis
771 3033 811 3092 ab
823 3032 937 3094 eodem

145 3129 397 3206 archiepiscopo
413 3131 449 3190 ut
462 3128 674 3206 proponebat,
694 3127 862 3190 abbatissa
878 3145 937 3189 suo

145 3226 347 3287 monasterio
362 3226 531 3300 irrogatis,
547 3226 579 3286 et
591 3225 667 3284 aliis
683 3215 834 3284 articulis
858 3241 938 3285 cau-

144 3339 232 3394 sam,
255 3323 285 3385 si
306 3323 346 3384 de
368 3323 512 3398 partium
533 3321 703 3384 voluntate
731 3321 934 3398 procederet,

145 3420 211 3480 tine
233 3418 343 3481 debito
362 3419 605 3480 terminarent:
631 3417 778 3494 alioquin
800 3433 873 3479 eam
896 3419 937 3479 ad

145 3532 206 3576 nos
249 3516 455 3578 remitterent
496 3514 702 3576 sufficienter
745 3514 936 3576 instructam

143 3613 382 3688 competentem
421 3612 617 3683 terminum,
653 3627 717 3690 quo
752 3613 865 3672 nostro
901 3628 936 3674 se

143 3711 382 3786 praesentarent
415 3709 616 3786 conspectui,
640 3707 790 3786 partibus
823 3707 934 3784 assig-

145 3807 265 3866 nando.

181 3902 357 3964 Abbatissa
369 3918 449 3965 vero
462 3904 577 3966 eontra
592 3902 751 3978 quosdam
763 3900 936 3978 presbyte-

143 4014 209 4069 rae,
226 4000 259 4059 et
274 3999 415 4060 clericos
427 4000 597 4061 Jotrenses
612 4015 712 4075 super
725 3998 840 4060 eadem
856 4015 933 4059 sus-

143 4095 312 4172 pensionis
325 4095 499 4166 sententia,
514 4095 672 4171 quasdam
687 4095 728 4154 ad
740 4095 871 4154 eosdem
878 4097 936 4172 ju·

143 4192 232 4252 dices
251 4191 412 4267 speciales
436 4191 564 4252 litteras
579 4191 639 4251 surb
654 4190 770 4251 eadem
785 4191 873 4262 data,
891 4191 932 4250 de

141 4289 217 4349 aliis
233 4289 400 4350 mentione
413 4304 479 4348 non
494 4285 619 4358 habita,
634 4287 853 4348 nibilominus
868 4287 933 4347 irn-

140 4386 291 4462 petravit.
307 4385 528 4446 Cortveniente
543 4385 655 4470 itaque
671 4383 839 4444 abbatissa
852 4399 933 4460 prae-

138 4483 205 4542 sata
220 4483 324 4542 dictas
338 4481 557 4561 presbyteros,
572 4485 605 4542 et
620 4481 761 4542 clericos
776 4497 835 4556 per
850 4496 931 4542 eas-

139 4579 212 4639 dem
228 4579 355 4640 litteras
381 4579 543 4655 speciales
564 4580 597 4639 et
619 4578 870 4654 archiepiscopo
891 4577 930 4638 ad

140 4675 329 4736 eorumdem
350 4674 599 4738 denuntiatione
620 4675 768 4752 jndioum
787 4690 846 4751 pro
863 4691 931 4735 suaa

138 4772 328 4834 defensione
344 4772 517 4833 sententiae
541 4773 764 4850 comparente,
788 4771 931 4832 formato

139 4885 268 4948 quoque
278 4868 389 4934 libello
405 4870 520 4929 contra
533 4869 665 4931 eosdem
676 4869 886 4945 presbyteros
900 4869 932 4930 et

139 4967 277 5027 clericos
288 4965 555 5041 superpraedicta
565 4965 793 5040 suspensionis
804 4968 932 5028 senten·

138 5064 195 5132 tia,
209 5078 306 5138 quam
317 5061 444 5122 irritari
459 5062 626 5137 tamquam
639 5062 740 5122 latam
756 5078 776 5124 a
792 5079 857 5123 non
871 5079 930 5122 suo

136 5159 249 5235 judice
261 5158 512 5234 postulabatur
525 5159 579 5220 die
588 5159 632 5218 ad
645 5159 931 5235 interloquendum

140 5271 239 5331 super
263 5255 458 5330 quibusdam
477 5255 728 5332 exceptionibus
749 5256 928 5331 assignato,

140 5353 254 5412 eadem
268 5351 435 5412 abbatissa
456 5369 569 5414 coram
584 5353 666 5428 ipsis
683 5352 852 5429 judicibus
873 5369 932 5428 per

140 5449 288 5510 obtentas
301 5447 341 5508 de
353 5463 491 5510 assensu
505 5450 648 5526 partium
662 5449 791 5512 litteras
804 5449 932 5510 archie-

140 5547 310 5622 piscopum
335 5547 490 5608 convenit
515 5547 677 5619 eumdem,
703 5547 817 5623 petens
837 5548 929 5623 jam-

1732 266 1791 326 846

951 464 959 480 ·
998 427 1119 491 dictam
1135 427 1363 502 suspensionis
1379 427 1576 488 sententiam
1592 426 1789 504 tamquama

997 531 1063 589 uon
1083 540 1145 588 suo
1163 523 1276 600 judice
1290 524 1531 598 promulgatam
1552 524 1680 584 irritam
1703 539 1791 584 nun-

997 622 1086 682 tiari.
1110 621 1311 682 Procurator
1332 635 1410 680 vero
1441 619 1683 696 archiepisc-opi
1713 635 1789 679 res-

997 718 1111 796 pondit
1142 719 1275 779 econtra
1308 717 1394 793 qnod
1424 731 1491 776 non
1520 717 1592 776 erat
1621 714 1789 776 abbatissa

998 815 1112 876 eadem
1134 814 1314 884 audienda,
1338 829 1412 872 cum
1443 813 1479 872 ia
1511 828 1594 882 eam,
1619 814 1717 887 prout
1749 811 1789 872 de

998 927 1082 972 novo
1097 911 1139 971 ad
1155 910 1306 972 notitiam
1322 913 1393 986 ejus
1414 910 1611 984 pervenerat
1625 909 1789 970 sententia

997 1007 1351 1068 excommunicationis
1391 1025 1410 1066 a
1414 1049 1474 1066 .....
1515 1007 1650 1067 cantore
1690 1004 1789 1064 Pari-

997 1105 1113 1176 aiensi,
1151 1106 1183 1166 et
1217 1105 1287 1164 suis
1329 1101 1556 1179 conjudicibus
1594 1102 1790 1164 auctoritate

996 1201 1186 1278 apostolica
1202 1201 1270 1263 lata
1284 1199 1378 1260 foret.

1037 1299 1116 1360 Cum
1135 1300 1244 1358 autem
1267 1298 1495 1382 exceptionem
1517 1296 1707 1372 hujusmodi
1729 1296 1790 1357 ad-

997 1392 1148 1458 miserint
1169 1391 1234 1468 ipsi
1251 1392 1393 1468 jndices,
1418 1392 1451 1451 et
1472 1391 1640 1452 abbatissa
1665 1391 1790 1452 diceret

996 1489 1102 1564 ipsam
1127 1487 1478 1548 excommunicationis
1507 1488 1703 1548 sententiam
1730 1503 1789 1564 per

997 1584 1164 1660 delegatos
1177 1600 1197 1645 a
1211 1584 1306 1656 nobis
1317 1584 1447 1661 judices
1463 1586 1657 1656 relaxatam,
1677 1585 1730 1645 die
1746 1583 1786 1645 ad

997 1681 1060 1742 hoc
1101 1681 1307 1757 probandum
1344 1681 1407 1742 sibi
1440 1681 1598 1757 praetixa,
1629 1682 1788 1757 quasdam

996 1778 1124 1838 litteras
1146 1779 1206 1838 sub
1226 1778 1346 1853 sigillis
1350 1822 1410 1838 .....
1436 1779 1582 1839 cantoris
1605 1778 1786 1839 cathalau-
1885 1823 1888 1828 .

997 1874 1109 1936 nensis
1122 1876 1155 1936 et
1167 1890 1304 1936 suornm
1326 1875 1535 1951 conjudicum
1550 1875 1786 1950 delegatorum,

996 1972 1032 2031 ut
1046 1971 1210 2039 dicebant,
1226 1988 1245 2031 a
1261 1972 1367 2045 nobis,
1384 1972 1497 2032 eadem
1513 1970 1680 2032 abbatissa
1691 1972 1789 2032 exhi-

996 2067 1067 2128 buit
1091 2069 1308 2140 continentes,
1322 2068 1409 2144 quod
1432 2069 1497 2144 ipsi
1519 2069 1710 2144 praedictam
1726 2084 1788 2130 ax-

996 2165 1341 2232 commnnicationem,
1367 2169 1399 2226 et
1422 2166 1661 2240 suspensionis,
1680 2167 1712 2226 et
1735 2165 1789 2225 in-

995 2260 1127 2322 terdicti
1143 2262 1325 2331 sententias
1340 2262 1601 2337 promulgatas...
1619 2277 1638 2322 a
1654 2263 1789 2322 cantore

998 2357 1180 2418 Parisiensi
1196 2359 1228 2418 et
1240 2359 1310 2418 suis
1326 2358 1462 2433 collegis
1477 2359 1512 2420 in
1526 2359 1642 2435 ipsam,
1657 2360 1689 2419 et
1704 2375 1790 2418 com·

995 2455 1203 2534 manicantes
1227 2455 1335 2516 eidem
1358 2456 1472 2516 irritas
1492 2456 1738 2527 nuntiaverant,
1755 2457 1787 2516 et

996 2550 1123 2612 inanes.
1142 2552 1204 2612 Sed
1221 2568 1294 2612 cum
1315 2554 1511 2628 procurator
1531 2553 1784 2629 archiepiscopi,

995 2648 1207 2708 renuntiante
1232 2649 1325 2724 parte
1340 2647 1457 2718 altera,
1477 2664 1575 2723 super
1590 2649 1652 2709 hoo
1667 2650 1788 2724 proba-

995 2741 1140 2804 tionibus
1162 2743 1238 2803 aliis
1262 2759 1279 2804 e
1303 2744 1470 2805 contrario
1494 2745 1708 2821 responderet
1730 2746 1788 2806 lit-

994 2842 1084 2900 teras
1113 2840 1205 2915 ipsas
1230 2856 1296 2900 non
1325 2839 1477 2902 sulficere
1497 2841 1538 2902 ad
1558 2841 1787 2916 probationem

994 2935 1212 2997 absolutionis
1228 2937 1386 3012 ejusdem,
1405 2953 1479 2998 cum
1497 2952 1558 2998 neo
1573 2937 1787 3000 exhiberetur

993 3033 1190 3108 rescriptum
1215 3034 1455 3109 apostolicum,
1486 3049 1548 3095 nec
1574 3035 1649 3096 aliea
1677 3035 1786 3098 forent

994 3129 1204 3206 probationes
1225 3130 1368 3192 inductae
1395 3147 1453 3206 per
1475 3147 1557 3210 quas
1579 3132 1619 3193 de
1634 3133 1786 3210 jamdicti

993 3227 1138 3288 cantoris
1154 3227 1430 3288 cathalaunensis
1455 3229 1488 3288 et
1508 3244 1644 3290 suorum
1668 3232 1785 3306 conju-

993 3324 1101 3385 dicum
1108 3324 1342 3401 jurisdictione
1357 3327 1534 3397 constaret,
1545 3326 1645 3386 iidem
1654 3327 1784 3404 judices

992 3421 1233 3497 propositiones
1265 3421 1453 3498 hujusmodi
1481 3439 1548 3483 non
1570 3439 1645 3484 esse
1668 3425 1783 3484 contra
1875 3479 1877 3484 .

992 3517 1122 3578 easdem
1136 3518 1264 3578 litteras
1286 3519 1517 3590 admittendas,
1536 3520 1568 3579 et
1582 3520 1672 3596 ipsas
1689 3519 1783 3580 suitl-

991 3629 1065 3674 eere
1094 3614 1136 3674 ad
1162 3614 1389 3690 probationem
1416 3614 1635 3676 absolutionis
1663 3617 1780 3692 ipsius,

991 3726 1050 3785 per
1073 3711 1248 3786 quamdam
1269 3711 1552 3772 interlocutoriam
1575 3712 1782 3786 protulerunt

990 3807 1025 3867 in
1040 3807 1184 3881 negotio,
1202 3822 1260 3882 per
1273 3806 1401 3867 litteras
1423 3811 1537 3868 contra
1569 3808 1778 3884 presbyteros

989 3905 1022 3964 et
1036 3904 1175 3963 clericos
1198 3904 1400 3978 impetratas,
1416 3904 1457 3963 ad
1478 3905 1697 3979 receptionem
1713 3907 1782 3967 tes-

989 4000 1202 4060 timoniorum
1215 4013 1313 4073 super
1324 4001 1550 4074 suspensionis
1562 4002 1726 4062 sententia
1737 4003 1781 4063 ci·

989 4098 1040 4156 tra
1053 4094 1121 4155 litis
1141 4095 1397 4166 contestatione;
1410 4096 1655 4158 contradicente
1666 4114 1782 4174 procu·

988 4194 1099 4253 ratore
1110 4191 1362 4267 archiepiscopi,
1371 4193 1403 4251 et
1413 4192 1453 4254 ad
1467 4192 1692 4255 defensionem
1704 4211 1782 4256 sen-

988 4288 1101 4350 tentiae
1126 4291 1317 4350 memoratae
1339 4291 1453 4366 parato
1481 4291 1597 4352 contra
1615 4293 1781 4367 iustitiam

988 4385 1216 4462 procedentes,
1232 4387 1471 4462 propterquod,
1485 4387 1594 4448 atalia
1608 4390 1780 4464 praemissa

987 4482 1182 4558 gravamina
1217 4482 1304 4542 idem
1335 4484 1605 4560 archiepiscopus
1634 4487 1780 4546 sentiens

987 4565 1135 4640 indebite
1155 4595 1191 4640 se
1214 4571 1373 4656 gravari,
1396 4583 1543 4641 nostram
1575 4582 1779 4644 audientiam

988 4676 1177 4752 appellavit,
1201 4678 1234 4737 et
1256 4693 1316 4754 per
1339 4680 1587 4754 procuratorem
1610 4693 1705 4738 suum
1720 4695 1780 4756 ap-

987 4773 1198 4850 pellationem
1211 4773 1440 4848 interpositam
1456 4775 1650 4849 prosecutus
1665 4778 1781 4850 postu·

987 4871 1069 4931 lavit
1084 4887 1102 4930 a
1118 4869 1225 4936 nobis,
1249 4871 1284 4931 ut
1304 4869 1338 4930 in
1360 4869 1491 4930 irritum
1510 4871 1662 4930 revocari
1684 4873 1779 4947 quic-

988 4965 1778 5044 quidpostappellationemeamdemattentatum

987 5065 1148 5125 existeret
1163 5063 1406 5124 mandaremus

1029 5161 1228 5221 Procurator
1243 5159 1352 5220 autem
1368 5157 1544 5220 abbatissae
1564 5159 1706 5224 obtentis
1721 5179 1780 5224 su-

978 5273 1047 5334 per
1062 5258 1125 5318 hoc
1140 5257 1270 5326 litteris,
1283 5257 1318 5316 in
1331 5257 1496 5316 communi
1510 5258 1680 5320 audientia
1693 5276 1777 5321 con-

987 5353 1154 5419 tradicens
1171 5353 1343 5430 proposuit
1366 5369 1409 5413 ex
1434 5354 1586 5426 adversa,
1603 5355 1778 5432 quodcum

988 5447 1188 5523 supradictis
1212 5445 1379 5522 judicibus
1393 5446 1435 5506 de
1450 5446 1611 5507 dictorum
1634 5449 1779 5510 cantoris

988 5544 1274 5614 cathalaunensis,
1288 5543 1536 5618 etcorpudicum
1551 5549 1780 5622 suorum'pro-
