4262 6382
160 269 220 328 777

160 425 316 488 damloco
330 441 390 488 sua
401 429 480 504 jura
500 425 726 498 servantibus,
747 426 792 488 sit
812 442 878 504 pax
893 429 953 488 Do-

159 522 241 582 mini
267 523 373 584 nostri
401 525 481 586 Jesu
503 524 627 585 Christi
648 523 811 600 quatenus
840 525 872 585 et
898 522 953 584 hic

159 619 301 680 fructum
321 619 418 681 bonae
443 620 584 680 actionis
606 619 802 696 percipiant,
822 621 855 682 et
866 619 952 696 apud

159 715 345 778 districtum
368 717 516 794 judicem
545 717 683 794 praemia
707 718 840 778 aeternae
860 718 953 794 pacis

159 814 344 876 inveniant.
356 817 472 874 Amen.
486 816 602 874 Amen.
619 819 733 874 Amen.

197 913 265 988 Ego
285 911 464 984 Honorius,
480 911 655 972 catholicae
687 909 843 971 Ecclesiae
868 909 954 988 epis-

159 1023 272 1084 copus.

198 1108 266 1182 Ego
291 1105 407 1176 suala,
431 1109 463 1166 S.
492 1105 629 1168 Martini
658 1103 766 1181 presb.
783 1105 873 1166 card.
899 1104 949 1165 tit.

160 1204 193 1262 S.
208 1203 341 1280 Equitii,
355 1219 441 1264 susc.

198 1302 266 1375 Ego
294 1300 500 1377 Stephanus,
524 1299 679 1360 Basilicas
706 1301 767 1367 XII
789 1297 954 1375 apostolo·

158 1413 231 1458 rum
247 1397 421 1474 presbyter
434 1396 627 1468 cardinalis,
641 1412 728 1456 susc.

196 1496 264 1569 Ego
293 1493 492 1570 Hugolinus,
528 1494 679 1555 Hostien.
707 1493 740 1554 et
772 1491 951 1554 velletren.

158 1591 316 1668 episcop,
334 1607 422 1652 susc.

197 1690 266 1762 Ego
279 1687 448 1764 Pelagine,
470 1686 634 1749 Albanen.
660 1687 847 1764 episcopus,
864 1702 949 1748 susc.

197 1787 265 1859 Ego
276 1785 446 1858 Nicotaus,
463 1785 640 1846 Tusculau.
653 1785 845 1862 episcopus,
863 1799 951 1846 susc.

197 1883 266 1957 Ego
290 1882 459 1954 Octavius,
481 1884 538 1944 SS.
557 1881 666 1958 Sergii
678 1881 846 1944 etBacchi
866 1881 950 1942 diac.

158 1978 352 2051 cardinalis,
369 1994 457 2040 susc.

197 2078 268 2160 Ego
293 2076 485 2154 Gregorius,
511 2076 544 2138 S.
565 2074 730 2138 Theodori
741 2075 827 2138 diac.
845 2073 950 2147 card,
1057 2071 1059 2076 ’

158 2189 247 2236 susc.

196 2273 266 2346 Ego
295 2273 477 2344 Romanus,
518 2273 551 2332 S.
580 2269 700 2347 Angeli
731 2270 815 2333 diac.
845 2269 950 2341 card„

158 2383 246 2428 susc.

199 2469 268 2542 Ego
281 2467 410 2538 Petrus,
427 2467 460 2526 S.
475 2465 609 2542 Georgii
624 2465 665 2527 ad
680 2465 798 2528 Velum
807 2470 952 2554 Aureum

158 2563 243 2626 diac.
258 2564 360 2636 card„
373 2579 460 2626 susc.

196 2663 315 2722 Datum
343 2659 519 2744 Laterani,
553 2676 614 2738 per
637 2676 772 2722 manum
800 2660 952 2738 magistri

157 2758 317 2820 (luidonis
349 2759 474 2820 domini
500 2773 595 2834 papae
622 2759 762 2831 notarii,
791 2762 821 2819 ΙΙ
845 2774 952 2820 nonas

156 2853 327 2928 februarii,
354 2856 534 2916 indictione
566 2857 652 2916 XLV
678 2853 788 2933 (forle
808 2873 820 2914 .·
840 2853 949 2932 Xlll),

153 2952 400 3014 incarnationis
434 2952 615 3013 Dominicae
646 2967 733 3012 anno
765 2954 949 3022 MCCXXV,

156 3049 367 3125 pontificatus
388 3063 469 3110 vero
492 3049 619 3110 domini
641 3047 781 3110 Houorii
796 3065 891 3125 papae
906 3051 952 3109 III

156 3160 359 3208 annonouo.

473 3331 633 3418 LXXIV

174 3487 226 3545 Ad
240 3485 537 3558 arenteptscopnm
546 3485 777 3544 senonensem
791 3485 931 3556 ejusque

429 3581 682 3657 suffraganeos

315 3683 483 3769 treunam
501 3707 549 3783 [aa
560 3708 697 3784 januam]
717 3709 795 3766 raas.

179 3835 302 3900 [liegesl.,
313 3834 358 3884 lib.
371 3835 415 3893 lx,
428 3833 568 3898 epistddi.
579 3834 636 3884 ldss.
648 3835 685 3884 Le
694 3834 772 3884 Porta
784 3832 819 3882 du
829 3831 923 3898 Theti]

775 265 1104 332 EPISTOLAE..L13.
1128 273 1183 334 11.
1299 357 1301 365 y

1741 277 1800 336 778

1008 429 1041 490 et
1065 431 1138 506 pias
1164 429 1396 509 eleemosynas
1423 431 1569 510 largiant
1601 447 1641 494 ac
1676 433 1799 496 certam

1008 527 1217 601 peccatorum
1240 527 1378 589 lecimus
1403 528 1642 606 indulgentiam
1669 529 1722 591 his
1743 531 1801 608 qui

1007 623 1056 682 eis
1080 637 1214 684 manum
1242 625 1454 702 porrexerint
1484 627 1628 702 pietatis.
1659 627 1800 704 Ideoque

1008 717 1249 782 fraternitatem
1264 723 1408 786 vestram
1431 721 1675 784 sollicitandam
1699 724 1800 785 duxi-

874 867 884 884 ,
1008 831 1080 876 mus
1107 819 1140 878 et
1165 819 1381 892 monendam,
1409 836 1468 896 per
1491 820 1679 895 Apostolrca
1708 821 1800 882 vobis

1008 914 1346 989 scriptamandantes
1360 918 1523 993 quatenus
1539 916 1662 977 eisdem
1677 920 1801 980 nuntiis

1008 1009 1135 1071 litteras
1164 1014 1294 1074 vestras
1319 1014 1441 1089 singuli
1454 1030 1514 1090 per
1537 1030 1615 1076 suas
1639 1015 1800 1078 dioeceses

1008 1108 1197 1170 concedatis
1212 1111 1340 1171 vestros
1361 1110 1509 1173 subditos
1525 1111 1746 1183 exhortando,
1768 1115 1802 1175 ul

1008 1203 1049 1264 ad
1063 1207 1293 1282 exponendum
1309 1208 1430 1284 populo
1451 1208 1580 1270 litteras
1602 1211 1745 1282 nostras,
1769 1213 1802 1272 et

1008 1301 1048 1362 ad
1066 1303 1261 1379 quaerendas
1274 1305 1502 1381 eleemosynas
1513 1306 1547 1364 in
1563 1306 1714 1366 ecclesiis
1732 1307 1802 1366 suis

1007 1397 1150 1474 benigne
1159 1400 1321 1476 recipiant
1331 1401 1463 1462 nuntios
1475 1402 1669 1463 antedictos.
1683 1406 1801 1464 Datum

1008 1493 1242 1566 Lateranixv
1252 1497 1413 1560 kalendas
1427 1497 1598 1572 februarii,
1607 1513 1800 1562 annonono.

1339 1799 1475 1886 LXXV

1041 1947 1093 2007 Ad
1106 1947 1261 2009 abbatem
1274 1950 1480 2010 mellentensi
1494 1921 1613 2012 Sancti
1626 1953 1767 2025 Hilarii,

1252 2046 1393 2119 ejusque
1411 2047 1554 2120 fratres.

1272 2175 1290 2232 5
1307 2173 1440 2233 februarii
1458 2177 1536 2233 laad.

1249 2297 1355 2362 [Mahuh
1367 2297 1446 2355 Cart,
1458 2299 1490 2358 V,
1503 2298 1555 2364 7l.]

1007 2411 1213 2470 liouastsrinm
1233 2413 1261 2470 S.
1279 2414 1379 2470 Hilarii
1399 2428 1463 2472 cum
1480 2414 1613 2473 omuibus
1636 2417 1696 2474 suis
1718 2420 1802 2491 perli-

1043 2500 1147 2558 neutiis
1166 2501 1374 2574 protegendum
1396 2505 1514 2576 suscipit
1535 2503 1619 2577 eique
1646 2507 1726 2577 plura
1738 2508 1802 2580 jura

1043 2588 1149 2646 tribuit.

1047 2706 1215 2767 Honorius
1225 2707 1411 2782 episcopus,
1423 2723 1540 2770 servus
1549 2725 1721 2772 servorum
1731 2713 1800 2786 Dei,

1007 2801 1137 2863 dilectis
1152 2803 1231 2863 tiliis
1251 2802 1401 2880 Alhoyno
1423 2803 1534 2866 abbati
1558 2809 1752 2870 monasterii
1769 2811 1801 2869 S.

1007 2898 1235 2976 Hilarii‚quod
1246 2900 1282 2959 in
1291 2902 1548 2962 carcassonensi
1559 2903 1802 2966 dioecesisitum

1007 2997 1057 3056 est
1071 2994 1130 3074 (l),
1147 2998 1284 3073 ejusque
1308 2997 1467 3059 iratribus
1495 2999 1563 3060 tam
1583 3001 1801 3077 praesentibus

1007 3108 1104 3168 quam
1120 3093 1252 3167 tuturis,
1269 3094 1457 3172 regularem
1472 3097 1575 3158 vitam
1591 3098 1751 3175 protessis
1766 3099 1801 3160 iu

1006 3192 1213 3266 perpetuum.

1045 3289 1172 3349 Vestris
1196 3289 1298 3366 justis
1323 3291 1600 3367 postulationihus
1623 3292 1803 3356 clementer

1006 3386 1195 3458 annuimus,
1226 3388 1260 3449 et
1287 3387 1462 3463 praeiatum
1499 3391 1739 3452 monasterium
1767 3396 1800 3468 S.

1004 3481 1126 3543 Hilarii
1141 3482 1202 3544 sub
1217 3482 1306 3546 beati
1319 3486 1410 3547 Petri
1426 3489 1459 3549 et
1471 3489 1585 3549 nostra
1596 3490 1801 3565 protectione

1005 3579 1215 3656 suscipimus,
1243 3583 1276 3644 et
1297 3583 1471 3659 praeseutis
1492 3585 1607 3660 scripti
1623 3586 1800 3663 privilegio

1004 3678 1297 3746 communimus...,
1326 3681 1546 3742 statuentes...
1576 3697 1800 3760 quascumque

1005 3774 1269 3850 possessiones...
1291 3776 1378 3836 idem
1406 3779 1644 3838 monasterium
1655 3782 1745 3856 juste
1761 3797 1800 3842 ac

1004 3871 1164 3933 canonice
1180 3872 1375 3948 possidet...
1391 3872 1486 3933 firma
1503 3874 1595 3935 vobis
1613 3877 1799 3954 vestrisque

155 3960 270 4020 Mandat
281 3961 324 4016 eis
343 3965 374 4016 ut
386 3960 507 4016 nuncios
524 3959 679 4031 Hospitalis
699 3959 795 4017 Sancti
813 3959 948 4016 Bernardi
1004 3969 1251 4030 3110005301¹ihus
1280 3969 1314 4030 et
1339 3971 1470 4031 illibata
1499 3974 1726 4048 permaneant,
1760 3977 1795 4036 111

189 4049 295 4106 montis
314 4048 392 4105 lovis
410 4047 610 4120 eleemosynas
633 4055 794 4119 quarentes
818 4047 949 4106 lidelibus
1003 4066 1123 4142 quibus
1147 4067 1219 4128 haeo
1246 4068 1389 4143 propriis
1410 4067 1566 4130 duximus
1581 4071 1797 4147 exprimenda

189 4133 402 4194 ⁰0fflffl00dfflst·
520 4181 522 4186 ·
1002 4163 1197 4225 vocabulis:
1215 4167 1337 4225 Locum
1355 4165 1463 4240 ipsum
1481 4167 1517 4227 in
1534 4183 1598 4244 quo
1625 4167 1799 4244 praelatum

192 4262 360 4324 Honorius
371 4261 558 4338 episcopus,
568 4277 684 4323 servus
694 4277 866 4323 serrorum
875 4263 945 4336 Dei,
1003 4263 1241 4322 monasterirun
1257 4263 1358 4324 situm
1385 4263 1445 4335 est,
1468 4280 1543 4324 cum
1559 4265 1712 4327 omnibus
1728 4269 1798 4328 suis

151 4357 876 4436 venerabilibusiratribus...archiepiscopo
893 4363 949 4422 Se
1002 4351 1223 4435 pertinentiis,
1250 4359 1407 4422 videlicet
1435 4362 1534 4422 villas
1563 4365 1796 4440 campolibari,
1896 4402 1900 4426 t

152 4457 292 4520 nonensi
319 4459 353 4518 et
378 4455 600 4532 suffraganeis
627 4459 718 4533 ejus,
751 4456 947 4520 salutemet
1003 4455 1239 4536 (Cannicum),
1258 4461 1291 4519 S.
1319 4458 1503 4527 Saturnini,
1520 4460 1615 4521 Podii
1643 4461 1797 4524 Salomo-

151 4553 375 4630 Apostolicam
389 4552 666 4614 benedictionem.
1002 4553 1065 4626 nia,
1092 4554 1293 4626 Corneliani,
1320 4555 1480 4625 Beraciae‚
1509 4557 1652 4629 Gardiaa,
1676 4561 1798 4620 Caren-

191 4650 404 4712 Attendentas
428 4650 646 4711 humanitatis
674 4650 793 4711 solatia
818 4666 891 4727 quae
911 4651 946 4712 in
1001 4650 1094 4723 tiani,
1111 4649 1294 4730 (Crausset
1307 4652 1713 4729 Caprariae,Villaebasini,
1726 4657 1798 4716 Vil-

151 4748 316 4825 Hospitali
333 4749 446 4810 Sancti
460 4748 621 4808 Bernardi
634 4749 756 4809 montis
771 4749 863 4810 Jovis
878 4749 945 4810 tam
1001 4748 1082 4809 laris
1111 4749 1151 4810 de
1186 4750 1277 4810 Bella
1303 4749 1581 4830 (Villardebelle),
1610 4753 1795 4826 Ferrarias,

152 4846 243 4907 sanis
261 4860 358 4923 quam
380 4845 542 4918 infirmis,
570 4845 638 4906 tam
664 4845 822 4908 diuitibus
847 4863 945 4923 quam
1001 4847 1128 4918 (terrie,
1144 4847 1347 4918 Nidolarias,
1373 4847 1581 4920 (luccianum,
1597 4864 1671 4909 cum
1686 4850 1796 4912 eccle-

150 4942 351 5021 pauperihus
377 4943 502 5018 jugiter
528 4942 745 5012 exhihentur,
772 4943 886 5004 fideles
910 4945 945 5004 in
1000 4944 1070 5015 siis,
1089 4945 1225 5005 decimis
1249 4945 1283 5006 et
1297 4943 1450 5005 omnibus
1474 4945 1514 5005 ad
1536 4945 1668 5006 easdem
1688 4947 1797 5010 eccle—

152 5041 335 5103 Senonensi
350 5041 522 5116 provincia
533 5040 730 5104 constitutos
742 5056 801 5117 per
813 5043 945 5104 nostras
1000 5041 1067 5101 sias
1083 5041 1325 5118 pertinentibus
1341 5063 1349 5101 :
1365 5041 1541 5102 ecclesiam
1557 5045 1592 5102 B.
1618 5045 1733 5106 Mariae
1755 5046 1795 5107 dc

151 5139 342 5199 curarimus
357 5139 485 5200 litteras
501 5136 683 5205 exhortari,
701 5141 734 5199 et
753 5139 802 5198 eis
824 5139 860 5200 in
884 5155 943 5200 re·
999 5139 1179 5211 Venaucio,
1197 5155 1271 5200 cum
1297 5140 1390 5216 parte
1404 5139 1504 5212 villae,
1530 5139 1644 5200 villam
1660 5144 1794 5204 Venau-

151 5235 342 5295 missionem
358 5235 564 5312 injunximus
579 5236 801 5310 peccatorum,
814 5238 945 5298 utnun-
1000 5237 1132 5298 cianum
1158 5234 1368 5316 (Benausse)‚
1394 5237 1509 5297 villam
1525 5240 1558 5298 S.
1576 5239 1695 5300 Hilarii
1719 5257 1795 5302 cum

150 5331 364 5410 tiisejusdem
378 5331 571 5414 Hospitalis,
584 5347 658 5393 cum
672 5332 713 5393 ad
727 5349 784 5393 eos
797 5349 944 5396 accesse-
999 5335 1161 5407 ecclesiis,
1181 5334 1341 5396 ecclesias
1358 5337 1389 5395 S.
1403 5335 1519 5396 Mariae
1530 5335 1570 5396 de
1585 5337 1673 5398 Mala
1685 5339 1793 5400 Garda
1827 5394 1830 5400 .

151 5430 229 5498 rint,
241 5429 470 5506 eleemosynas
478 5430 626 5508 petituri,
636 5429 786 5493 caritatis
795 5431 943 5494 subsidio
998 5433 1031 5494 et
1054 5433 1086 5492 S.
1104 5432 1239 5494 Martini
1262 5431 1302 5494 de
1330 5432 1474 5505 Limoso,
1500 5449 1575 5494 cum
1599 5433 1739 5496 decimis
1762 5437 1795 5498 et

186 5578 226 5650 (l)
242 5577 271 5635 S.
291 5577 397 5635 llilaire
411 5577 446 5636 de
458 5579 662 5637 carcassonne.
