4244 6374
331 331 392 392 539
952 321 1127 384 HONORII
1150 323 1194 380 ΙΙΙ
1217 323 1363 384 ophim.
1531 355 1536 358 ·
1918 327 1977 386 540

330 489 478 553 modiin
505 483 637 562 negotio
662 483 733 560 ipso
757 480 936 558 procedere
964 479 1123 541 hactenus
1179 479 1301 542 hahere
1312 482 1348 542 in
1364 483 1511 558 ejusdem
1523 483 1675 546 ecclesiae
1689 484 1800 546 Sancti
1815 483 1975 561 Stephani

228 563 234 574 ⁸
332 587 509 648 distulistis
525 586 559 645 in
582 581 729 660 ejusdem
751 579 945 640 monasterii
961 579 1123 655 praajndi-
1178 579 1976 658 praejudiciumabutuntur,facientesalibiquam

332 686 431 757 cium,
449 685 482 745 et
493 695 683 759 gravamen.
701 679 843 754 Ideoque
862 693 921 753 per
934 677 1123 754 Apostolica
1178 675 1213 735 in
1227 674 1315 738 dicta
1328 677 1470 738 ecclesia
1496 681 1528 739 S.
1557 679 1715 756 Stephani
1738 680 1975 741 canonicorum

332 782 426 845 vohis
441 781 564 854 scripta
579 775 785 847 mandamus,
801 776 962 852 quatenus
982 775 1010 834 si
1033 773 1125 850 post·
1178 787 1313 832 snorum
1334 789 1474 850 corpora
1494 775 1640 851 sepeliri,
1656 792 1729 854 quae
1755 777 1788 836 in
1807 792 1847 837 ea
1867 775 1977 839 forent

332 872 883 958 quamhujusmodiquaestiovohis
899 870 1124 948 estahApos-
1177 865 1402 932 tautummodo
1429 873 1633 934 tumulanda.
1664 877 1773 944 Quare
1796 873 1976 949 praedictus

329 976 430 1037 tolica
447 973 530 1034 Sede
546 972 732 1042 commissa,
747 971 782 1030 iu
799 985 859 1030 vos
881 969 944 1029 luit
964 970 1122 1045 tanquam
1177 969 1374 1042 procurator
1388 969 1531 1045 petebat,
1555 973 1591 1031 ut
1616 970 1748 1031 eosdem
1768 971 1931 1032 decanum
1944 972 1977 1033 et

329 1073 365 1133 in
385 1071 522 1132 arbitrio
547 1070 633 1131 sicut
652 1069 804 1145 superius
819 1083 1013 1144 expressum
1029 1067 1079 1127 est
1103 1081 1122 1126 a
1178 1065 1356 1126 canonicos
1374 1069 1405 1126 S.
1423 1067 1585 1128 lohannis
1608 1067 1649 1127 ah
1669 1068 1802 1143 injuriis
1824 1069 1976 1128 ecclesiae

329 1169 478 1246 partibus
503 1167 786 1244 compromissum,
806 1165 847 1225 ad
872 1181 1002 1242 aequum
1027 1163 1121 1224 arbi·
1178 1162 1210 1220 S.
1235 1163 1395 1238 Stephani
1411 1177 1512 1238 super
1528 1165 1710 1239 praemissis
1725 1166 1857 1240 penitus
1880 1181 1974 1226 com-

328 1267 429 1328 trium
463 1265 642 1342 procedere
676 1280 742 1325 nou
777 1263 927 1326 tardetis
965 1263 1121 1338 Alioquin
1178 1261 1361 1333 pescentes,
1375 1260 1481 1320 eidem
1495 1261 1644 1322 ecclesiae
1659 1261 1779 1321 abillis
1792 1262 1831 1322 de
1844 1262 1975 1323 damnis

328 1379 429 1442 quum
453 1363 568 1440 petitio
593 1363 697 1438 ipsius
721 1361 949 1422 archidiaconi
972 1361 1012 1421 de
1034 1359 1123 1420 reci·
1176 1355 1290 1423 illatis,
1307 1357 1340 1416 et
1361 1357 1518 1432 irrigatus
1541 1358 1685 1434 injuriis,
1703 1359 1770 1420 tarn
1790 1375 1892 1435 super
1912 1377 1976 1420 usu

328 1461 458 1540 piendis
482 1459 621 1522 testibus
643 1459 871 1536 undecumque
893 1455 1072 1534 productis,
1090 1455 1122 1516 et
1177 1454 1371 1526 coemeterii,
1388 1471 1487 1530 quam
1503 1455 1579 1516 aliis
1600 1456 1755 1516 satisfieri
1771 1472 1810 1517 ac
1826 1457 1875 1516 eis
1887 1457 1977 1517 inhi-

328 1558 573 1634 interrogandis
588 1557 724 1628 eisdem,
737 1557 844 1617 tenori
856 1554 1037 1632 Apostolici
1048 1568 1122 1613 res·
1175 1548 1247 1609 heri
1258 1549 1397 1611 firmiter
1408 1551 1604 1623 faceremus,
1618 1567 1659 1613 ne
1671 1569 1767 1612 usum
1778 1554 1973 1625 coemeterii,

328 1654 428 1730 cripti
447 1653 557 1715 obviet
575 1652 761 1722 manifeste,
778 1665 817 1711 ca
833 1666 1041 1728 nequaquam
1057 1650 1121 1710 oh·
1176 1645 1261 1722 quod
1275 1663 1340 1708 non
1356 1647 1490 1720 hahent,
1504 1649 1676 1712 decaetero
1693 1651 1727 1710 in
1741 1651 1975 1727 praejudicium

330 1751 500 1823 stantem
522 1749 654 1824 negotio
670 1748 741 1826 ipso
761 1750 859 1824 juxta
874 1748 1023 1824 eiusdem
1046 1763 1120 1807 res·
1175 1744 1326 1806 ecclesiae
1350 1747 1383 1806 S.
1404 1746 1564 1823 Stephani
1577 1762 1740 1824 usurpare
1756 1751 1973 1824 praesumant,

329 1849 427 1925 cripti
449 1850 597 1909 tenorem
610 1846 682 1907 sine
697 1861 798 1906 morae
815 1844 990 1921 dispendio
1003 1859 1121 1921 proce·
1175 1843 1208 1901 et
1229 1842 1257 1901 si
1282 1857 1348 1919 qua
1378 1845 1494 1904 contra
1524 1845 1812 1918 consuetudinem,
1845 1845 1881 1906 iu
1909 1863 1975 1922 qua

328 1945 426 2007 datis.
446 1946 565 2005 Datum
582 1942 749 2014 Laterani,
770 1944 800 2002 X
819 1941 980 2003 kalendas
995 1942 1117 2014 martii,
1175 1939 1338 2015 usquead
1359 1941 1536 2002 adrentum
1557 1943 1739 2019 supradicti
1759 1942 1861 2018 legati
1876 1945 1973 2004 utra-

328 2057 418 2103 anno
434 2042 562 2103 octavo.
1175 2051 1239 2111 que
1252 2037 1395 2097 ecclesia
1410 2038 1529 2110 fuerat,
1543 2039 1756 2111 reducantur,
1770 2055 1870 2116 quum
1886 2040 1975 2100 idem

1175 2131 1305 2207 legatus
1318 2134 1394 2195 viva
1409 2150 1490 2196 voce
1506 2151 1545 2197 ac
1563 2136 1683 2198 litteris
1699 2136 1759 2196 suh
1775 2153 1974 2198 excommu-

1175 2231 1353 2291 nicationis
1368 2247 1464 2308 poena
1480 2235 1687 2311 praeceperit,
1710 2235 1792 2296 utin
1808 2249 1847 2295 co
1870 2236 1974 2306 statu,

626 2343 823 2430 CXXVIII
1173 2325 1208 2386 in
1229 2343 1292 2404 quo
1312 2327 1444 2392 fuerant
1468 2331 1661 2407 priusquam
1676 2333 1748 2408 ipse
1762 2333 1894 2393 venerit
1908 2333 1971 2392 Bi-

1174 2425 1629 2489 suutiumremanerent.N0s
1641 2429 1752 2505 itaque
1763 2428 1804 2488 ad
1813 2430 1974 2505 tranquil·

385 2509 436 2567 Ad
456 2505 634 2574 Varenum,
650 2507 818 2565 Sedwwli·
836 2505 1011 2576 &PliCOIJOS
1026 2503 1059 2562 θῑ
1174 2519 1299 2582 litatem
1316 2523 1348 2584 et
1363 2540 1478 2599 pacem
1496 2526 1724 2598 ecclesiarum,
1744 2527 1892 2602 ipsarum
1909 2527 1971 2587 de-

515 2603 718 2663 canonicum
739 2603 929 2675 Μηθθηθη·
1173 2617 1242 2679 bita
1266 2619 1490 2682 sollicitudine
1526 2622 1752 2696 intendentes,
1779 2623 1971 2685 discretioni

587 2742 623 2800 20
635 2740 768 2800 folmarii
783 2741 861 2798 1224,
1172 2718 1305 2788 vestrae,
1330 2716 1370 2777 de
1389 2719 1562 2798 utriusque
1584 2721 1688 2796 partis
1718 2724 1972 2798 procuratorum

1174 2829 1326 2886 assensu,
1339 2831 1399 2891 per
1413 2817 1606 2892 apostolica
1622 2819 1744 2895 scripta
1762 2819 1970 2892 mandamus,

356 2863 1087 2933 [hegest.,lih.vl11,ep.sos.uss.1.ai¹ortedurh0i1.]
1386 2914 1391 2924 ,
1477 2915 1483 2926 ,
1727 2917 1733 2929 ,

1174 2913 1336 2987 quatenus
1356 2914 1544 2975 Bisuntium
1568 2917 1790 2992 personaliter
1808 2917 1974 2978 accedeu-

325 2995 440 3060 liau'dat
464 3005 494 3056 ut
514 3000 543 3055 iu
565 3013 651 3055 causa
671 2997 743 3054 inter
762 2997 901 3055 decanum
922 3005 949 3055 el
965 2997 1118 3070 capitulum
1172 3008 1232 3080 tes,
1248 3007 1288 3069 de
1305 3011 1448 3085 pristim)
1474 3013 1572 3086 statu,
1590 3013 1623 3074 eq
1637 3014 1782 3090 antiquis
1798 3015 1830 3075 eq
1844 3029 1970 3090 apppo.

360 3089 388 3147 S·
404 3087 542 3190 10hff¹¹¹¹i⁸
558 3087 696 3144 fflfflfflfiss·
713 3101 747 3142 θ’(
760 3101 815 3186 ΨΒ
829 3095 921 3187 Pfllffly
937 3094 965 3143 θῑ
978 3086 1119 3143 decanum
1172 3104 1257 3166 hatis
1271 3108 1566 3171 consuetudinibus
1578 3111 1666 3171 inter
1677 3111 1767 3188 ipsas
1779 3112 1938 3172 ecclesias
1950 3127 1972 3171 a

359 3184 389 3235 ⁰²
413 3176 568 3248 ⁰³P¹¹¹¹¹¹¹¹¹¹
595 3175 623 3233 S·
649 3173 785 3246 S‘ephfflu
805 3177 944 3234 B¹Su⁰¹¹¹¹·
971 3190 1006 3231 ⁰³¹
1030 3175 1117 3232 anem
1172 3202 1280 3280 longis
1293 3206 1381 3267 retro
1392 3207 1596 3284 temporibus
1612 3207 1975 3286 observatisinquira-

360 3265 526 3338 mmm·
1170 3304 1214 3364 tis
1236 3303 1377 3365 sollicite
1398 3305 1571 3366 veritatem
1596 3307 1628 3367 et
1652 3307 1817 3368 revocatis
1834 3307 1875 3367 ad
1891 3323 1972 3368 eum

363 3401 541 3471 Honorius
573 3399 647 3471 etc,
685 3397 929 3460 venerabilibus
960 3397 1116 3461 tratribus
1172 3400 1304 3473 statum,
1321 3401 1356 3460 in
1385 3417 1449 3477 quo
1475 3402 1572 3462 eraut
1595 3403 1726 3479 quando
1755 3404 1969 3480 supradictus

323 3497 678 3570 Valentiu.,Sedunen.
692 3497 855 3574 episcopis
869 3499 902 3558 et
914 3497 1034 3558 dilecto
1049 3497 1117 3557 illio
1172 3498 1301 3572 legatus
1330 3498 1497 3559 civitatem
1525 3498 1608 3560 adiit
1629 3500 1828 3570 Bisuntium,
1859 3501 1975 3578 appel·

324 3597 485 3662 canonico
501 3596 684 3671 Lingonen.
1171 3595 1294 3656 latione
1305 3596 1441 3667 remota,
1455 3595 1483 3656 si
1497 3611 1569 3672 quae
1590 3611 1691 3671 super
1702 3596 1755 3656 his
1771 3597 1973 3660 inveneritis

362 3694 480 3757 Dilecti
501 3693 560 3754 iilii
583 3693 728 3754 decanus
743 3694 776 3752 et
791 3691 973 3768 capitulum
998 3694 1030 3752 S.
1053 3695 1114 3754 Jo—
1171 3692 1287 3754 illicite
1301 3692 1472 3764 atteutata,
1491 3694 1663 3770 postquam
1679 3693 1766 3753 idem
1781 3693 1911 3768 legatus
1928 3694 1973 3756 ab

321 3793 443 3856 hannis
465 3791 627 3852 Bisuntin.
645 3805 738 3850 suam
761 3789 802 3850 ad
823 3803 883 3849 nos
900 3789 1115 3850 transmisere
1170 3789 1285 3851 eadem
1300 3790 1437 3851 civitate
1453 3790 1616 3861 discessit,
1632 3806 1706 3851 cum
1721 3805 1761 3850 ne
1777 3792 1856 3867 qnid
1871 3794 1974 3854 novi-

322 3890 510 3970 querelam,
534 3888 619 3965 quod
640 3887 787 3947 decanus
814 3887 847 3948 et
872 3887 1054 3963 capitulum
1079 3890 1114 3947 S.
1170 3888 1247 3949 tatis
1260 3889 1500 3963 praesumerent
1512 3887 1573 3948 suh
1587 3903 1685 3964 poena
1701 3891 1972 3952 excommunica-

323 3987 483 4064 Stephani
516 3985 679 4045 Bisuntin.
713 3999 813 4058 super
841 3999 905 4042 usu
934 3984 1114 4044 coemeterii
1169 3984 1270 4047 tionis
1293 3984 1393 4045 snerit
1411 3983 1588 4046 inhibitum
1611 4001 1670 4062 per
1693 3987 1861 4058 eumdem,
1882 3989 1972 4050 sicut

323 4086 386 4157 sui,
399 4085 432 4146 et
446 4082 545 4144 rebus
558 4081 634 4142 aliis
649 4081 740 4156 ipsos
755 4082 939 4156 aggravant
955 4079 1116 4157 multipli-
1170 4081 1204 4142 in
1234 4083 1339 4159 ipsius
1375 4081 1496 4143 litteris
1531 4084 1759 4160 perspeximus
1790 4085 1968 4158 contineri,

324 4183 408 4245 citer
427 4184 460 4242 et
479 4180 665 4241 molestant.
684 4178 885 4260 Procurator
899 4193 976 4238 vero
997 4177 1114 4240 decani
1170 4179 1314 4242 audiatis
1349 4196 1449 4256 super
1473 4182 1656 4257 praemissis
1684 4198 1757 4260 quae
1785 4182 1971 4243 hincinde

321 4283 354 4343 et
368 4277 505 4356 capituli
521 4279 553 4337 S.
572 4275 730 4352 Stephani
752 4275 916 4336 Bisuntin.
944 4275 1064 4336 litteris
1079 4277 1114 4336 in
1169 4277 1327 4338 duxerint
1337 4278 1562 4354 proponenda,
1578 4281 1611 4339 et
1626 4295 1773 4351 causam,
1791 4279 1820 4340 si
1836 4279 1876 4340 de
1889 4295 1971 4356 pan-

319 4376 489 4438 andientia
500 4373 631 4450 publica
643 4371 872 4433 contradicens
886 4373 1059 4449 proposuit
1073 4389 1115 4435 ex
1168 4375 1251 4436 tium
1270 4375 1441 4436 voluntate
1466 4377 1676 4452 processerit,
1694 4377 1760 4436 iine
1775 4376 1884 4438 debito
1898 4379 1972 4438 ter-

321 4475 473 4542 adverso,
490 4471 576 4547 qnod
601 4470 745 4531 decanus
769 4471 802 4530 et
824 4470 975 4530 canonici
1001 4473 1032 4531 S.
1056 4473 1115 4548 Jo-
1170 4472 1322 4546 minatis3
1340 4473 1489 4549 alioquin
1512 4473 1618 4548 ipsam
1639 4473 1680 4534 ad
1703 4489 1763 4535 nos
1788 4475 1970 4536 remittatis
2079 4515 2081 4520 -

319 4571 441 4634 hannis
452 4572 529 4646 jnre
545 4567 679 4645 proprio
699 4581 766 4628 non
788 4567 944 4638 contenti,
962 4567 1004 4627 ad
1025 4567 1114 4629 alio·
1169 4569 1589 4640 sufficienterinstructam,
1598 4570 1807 4646 praefigentes
1817 4572 1969 4647 partibus
2056 4579 2060 4588 ·

319 4670 406 4732 rium
417 4669 495 4745 jura
511 4666 641 4726 inhiant
661 4664 861 4740 usurpanda,
879 4665 955 4724 dum
971 4681 1036 4725 ηοη
1059 4682 1115 4726 so·
1168 4667 1346 4728 terminum
1370 4667 1620 4743 competentem,
1648 4684 1711 4744 quo
1743 4669 1880 4745 propter
1903 4669 1968 4730 hoc

319 4770 388 4831 lum
406 4781 505 4843 super
520 4763 647 4841 capella
666 4763 779 4824 Sancti
802 4762 952 4838 Eugenii,
974 4779 1112 4840 proces·
1169 4765 1358 4842 Apostolico
1401 4781 1437 4825 se
1478 4767 1671 4842 conspectui
1713 4767 1965 4842 repraesentent,

320 4865 481 4936 sionihuS,
499 4861 695 4939 quibusdam
717 4859 866 4928 decimis,
881 4861 913 4922 et
925 4861 1024 4921 rehus
1037 4861 1113 4922 aliis
1164 4863 1301 4938 Justam,
1327 4862 1426 4923 dante
1451 4863 1601 4934 Domino,
1626 4864 1824 4926 seutentiam
1850 4879 1968 4940 recep-

320 4963 472 5024 ecclesiae
516 4959 628 5020 Sancti
665 4957 823 5034 Stephani
859 4958 935 5019 sunt
970 4960 1110 5031 molesti,
1167 4961 1261 5022 turae.
1285 4960 1397 5021 Testes
1420 4962 1541 5032 autem,
1565 4963 1627 5023 etc.
1645 4961 1737 5034 Quod
1758 4962 1787 5022 si
1806 4978 1874 5023 uon
1895 4977 1968 5023 om-

319 5076 435 5124 rerum
470 5059 569 5120 etiam
605 5057 720 5118 contra
754 5055 923 5132 privilegii
964 5057 1112 5118 tenorem
1168 5073 1238 5129 nes,
1255 5058 1413 5130 etc.‚n0u
1433 5058 1587 5120 obstante
1606 5059 1841 5121 constitutione
1861 5075 1968 5135 gene-

319 5157 427 5220 eidem
442 5154 591 5218 ecclesiae
602 5153 642 5214 ab
652 5153 841 5229 Apostolica
854 5153 937 5214 Sede
949 5155 1110 5226 concessi,
1167 5156 1249 5216 ralis
1280 5156 1436 5228 concilii,
1463 5172 1527 5234 qua
1552 5159 1689 5218 cavetur
1712 5173 1754 5218 ne
1777 5158 1851 5234 quis
1878 5157 1966 5219 ultra

318 5257 351 5318 et
366 5254 481 5316 contra
496 5250 695 5312 venerahilis
718 5251 832 5312 fratris
856 5251 962 5312 nostri
976 5253 1010 5312 C.
1025 5255 1111 5313 Por·
1167 5253 1249 5314 duas
1264 5254 1381 5316 diaetas
1399 5256 1493 5316 extra
1519 5270 1614 5314 suam
1637 5254 1807 5315 dioecesim
1825 5255 1889 5316 nisi
1906 5271 1966 5332 per

318 5357 408 5417 tuen.
424 5351 581 5430 episcopi,
594 5352 672 5412 tunc
683 5349 880 5427 Apostolicae
892 5349 986 5409 Sedis
997 5349 1108 5424 legati,
1167 5351 1295 5414 litteras
1306 5352 1513 5429 apostolicas
1527 5351 1739 5428 adjudicium
1749 5352 1962 5429 trahipossit.

318 5452 535 5530 praeceptum,
559 5449 594 5508 in
619 5447 760 5525 quodam
784 5448 856 5508 loco
882 5446 1019 5522 profano
1049 5461 1112 5507 usu
1166 5451 1286 5510 Datum
1310 5449 1479 5522 Laterani,
1505 5450 1534 5509 X
1556 5448 1718 5510 kalendas
1734 5449 1857 5522 martii,
1875 5465 1963 5511 anno

318 5549 510 5620 coemeterii,
533 5545 617 5626 quod
645 5562 710 5607 nou
739 5543 877 5616 hahent,
907 5559 967 5604 nec
992 5544 1112 5606 dehent
1166 5549 1294 5608 octavo.
