4262 6382
216 283 275 342 757

216 457 256 503 ac
280 441 426 502 maxime
446 427 540 504 'inter
562 443 818 505 excellentiores
844 443 1011 522 principes

216 537 443 612 observandis,
472 539 569 616 quod,
596 540 683 602 siout
710 539 771 601 tibi
798 543 1011 603 meminimus

216 636 434 711 significasse,
448 639 518 713 jam
540 637 663 697 dudum
687 637 826 699 fecimus
850 637 885 699 in
907 639 1012 700 collo-

217 734 294 809 quio
319 733 407 794 inter
433 736 550 794 16661
578 734 788 796 carissimum
813 735 848 796 11
879 736 1010 799 Christo

216 829 322 889 filium
357 829 745 892 1661161111616116611
786 835 1009 894 Romanorum

216 927 449 1002 imperatorem
479 943 609 1003 semper
644 930 821 1002 augustum
843 934 876 990 et
898 945 1009 1005 regem

218 1023 340 1084 Siciliae
354 1024 535 1084 1611661166
556 1023 733 1096 celebrato,
751 1041 790 1086 ac
806 1042 866 1101 per
888 1041 1009 1088 conse-

216 1136 319 1196 quens
334 1119 521 1196 posthabita
534 1136 613 1181 cura
629 1122 754 1196 negotii
769 1125 881 1184 Terrae
901 1125 1008 1185 Sanc-

214 1217 257 1277 tae
286 1217 531 1294 propterquod
561 1219 720 1280 statutum
749 1218 887 1280 fecimus
914 1221 1011 1284 ante·

215 1313 349 1374 dictum.
388 1316 467 1376 Haec
504 1313 631 1387 fecisti,
676 1316 708 1378 et
744 1316 908 1378 tacuimus
943 1319 1009 1379 tuae

214 1409 412 1473 celsitudini
443 1409 639 1483 deferentes,
675 1427 714 1472 ac
752 1415 941 1488 satagentes
976 1415 1010 1475 te

213 1506 324 1583 potius
347 1507 522 1567 dulcedine
548 1507 696 1568 lenitatis
723 1525 822 1586 quam
846 1511 1010 1571 severita-

212 1603 256 1664 tis
271 1602 427 1664 acredine
446 1619 621 1678 revocare;
639 1604 725 1666 sicut
744 1609 856 1666 autem
874 1621 916 1667 ex
931 1623 1010 1667 nos-

213 1702 341 1761 trarum
357 1699 532 1761 dulcedine
543 1701 730 1762 litterarum
745 1702 785 1763 ad
802 1703 1008 1766 devotionem

214 1799 248 1857 et
265 1796 487 1858 humilitatem
502 1799 683 1873 profecisse
698 1798 871 1872 debueras,
889 1802 936 1862 ita
953 1801 1007 1862 vi-

215 1893 303 1953 deris
330 1894 365 1954 in
401 1895 623 1971 contemptum
649 1896 683 1958 et
710 1897 863 1958 elationis
892 1898 1008 1960 vitium

214 1991 392 2052 corruisse.

253 2089 460 2165 etquenam
476 2091 625 2150 Romana
640 2089 801 2164 Ecclesia,
819 2093 924 2155 mater
938 2093 1006 2165 tua,

212 2185 363 2245 materna
390 2187 421 2246 te
448 2201 537 2247 nunc
561 2187 737 2248 affectione
765 2189 796 2249 16
821 2191 928 2263 rogat,
960 2189 1008 2249 sic

211 2283 288 2342 tuus
320 2282 427 2344 elatus
452 2283 585 2344 videtur
608 2285 739 2344 61111116
768 2287 884 2347 661116
920 2301 1005 2358 6616,

213 2379 307 2456 quasi
328 2380 461 2455 reputes
481 2380 698 2456 impossibile,
724 2383 810 2459 quod
833 2384 866 2445 et
890 2384 927 2445 tu
948 2399 1008 2444 ne·

214 2491 307 2536 cesse
346 2477 526 2553 aliquando
561 2477 697 2550 habeas,
728 2479 847 2552 eidem,
882 2481 1007 2542 mutato

212 2574 300 2634 statu
329 2575 528 2650 temporum,
566 2576 764 2652 supplicare.
794 2576 873 2638 Noli
907 2577 1006 2638 nimis

213 2669 292 2732 huic
326 2671 561 2748 tranquillitati
604 2673 800 2750 confidere;
840 2675 1006 2736 momento

210 2783 303 2829 mare
318 2767 483 2841 turbatur,
500 2771 534 2831 et
551 2770 698 2831 mutatur
720 2771 850 2848 tempus
869 2787 889 2832 a
909 2787 1006 2832 mane

215 2865 256 2925 ad
282 2881 469 2942 vesperam,
495 2866 528 2928 et
554 2867 632 2942 quid
656 2866 768 2928 futura
795 2867 865 2928 dies
886 2869 1004 2945 pariet,

212 2962 397 3036 ignoratur.
415 2965 591 3023 innumera
605 2964 683 3024 sunt
699 2964 851 3040 exempla
867 2965 1008 3040 populo-

214 3074 288 3119 rum
304 3059 475 3134 etregum,
493 3058 550 3135 qui
572 3057 672 3119 rebus
694 3059 823 3121 bellicis
839 3077 928 3122 nunc
948 3077 1007 3122 su-

211 3156 371 3232 periores
393 3171 481 3216 nunc
509 3154 697 3228 inferiores,
717 3157 933 3233 dispositione
955 3158 1007 3219 di-

211 3252 289 3314 vina
315 3251 406 3312 vices
432 3253 631 3323 alternante,
647 3251 792 3314 fuerunt.
814 3253 889 3326 Sed,
909 3255 945 3316 61
965 3255 1005 3316 16

214 3349 328 3410 1661116
344 3364 445 3409 61616
462 3363 580 3409 166616
597 3351 631 3410 61
645 3349 775 3410 celebre
787 3349 1003 3427 proferamus,

211 3444 398 3506 recolende
414 3447 583 3506 memoriae
599 3445 683 3507 Otho
699 3447 923 3508 Romanorum
940 3447 1006 3508 im-

210 3543 355 3618 perator,
384 3542 417 3604 et
442 3541 570 3602 viribus
601 3542 751 3619 corporis
785 3544 818 3605 et
842 3544 1006 3606 industria

215 3640 353 3701 militari
375 3639 580 3717 praecellens,
598 3641 783 3702 Romanum
798 3641 935 3718 pacifice
947 3642 1008 3703 ob-

210 3737 337 3799 tinebat
359 3738 549 3814 imperium,
574 3739 608 3799 et
621 3737 663 3799 ab
684 3739 841 3815 aquilone
864 3739 1005 3800 61666-

209 3835 296 3896 trum
311 3835 392 3906 6161,
420 3835 508 3896 61611
529 3835 630 3907 16611,
654 3835 865 3897 formidabile
885 3851 1005 3898 nomen

209 3933 293 4008 ejus.
309 3932 445 3994 Inflatus
460 3947 539 4008 ergo
560 3933 679 4009 spiritu
702 3933 866 4010 superbiae
887 3949 927 3995 ac
949 3949 1006 3994 su-

210 4043 270 4104 pra
292 4027 437 4104 seipsum
464 4028 583 4100 elatus,
611 4029 803 4106 praedictum
823 4032 1007 4107 imperato-

209 4139 280 4185 rem
298 4123 438 4202 (1)tunc
457 4125 617 4201 pupillum
639 4127 863 4189 exterminare
887 4128 1007 4189 decre-

209 4223 267 4294 vit,
290 4225 425 4299 jamque
447 4221 517 4282 fere
540 4223 645 4283 tutum
672 4223 842 4286 invaserat
863 4240 1004 4300 regnum

210 4322 292 4396 ejus,
306 4321 377 4395 jam
404 4319 467 4395 ipsi
488 4320 614 4396 pupillo
639 4321 731 4382 nulla
753 4337 829 4398 spes
857 4337 930 4383 esse
949 4338 1006 4383 re-

209 4417 299 4488 licta,
322 4417 387 4476 nisi
410 4416 583 4478 dumtaxat
603 4417 639 4478 in
658 4418 744 4493 fugae
766 4420 933 4495 praesidio,
949 4421 1004 4482 vi-

208 4514 357 4586 debatur,
373 4515 407 4574 61
434 4529 507 4574 eam
532 4513 639 4589 ipsam
665 4515 870 4590 praecludere
889 4515 1004 4578 feritas

208 4607 408 4670 moliebatur
442 4605 603 4671 hostilis:
631 4611 684 4671 cui
705 4613 785 4672 tunc
808 4613 1002 4685 verisimile,

207 4707 308 4767 immo
324 4706 378 4766 cui
395 4706 554 4782 possibile
568 4706 754 4779 videbatur,
770 4710 856 4785 qnod
872 4710 1005 4771 adoles-

208 4803 372 4874 centulus,
401 4803 522 4864 virium
538 4805 572 4865 et
583 4804 731 4865 virorum
744 4820 783 4866 ac
799 4821 896 4881 opum
910 4809 1004 4868 auxi-

207 4901 252 4961 lio
274 4899 461 4970 destitutus
479 4899 566 4960 hosti
578 4901 647 4960 tam
662 4901 785 4974 valide,
802 4903 869 4963 tam
885 4902 1000 4976 feroci,

207 4998 296 5060 osset
313 5012 378 5057 161
394 4996 501 5056 solum
516 5012 656 5072 regnum
671 4999 768 5074 quod,
785 5000 821 5060 ut
833 5001 1001 5076 praemisi-

206 5113 291 5168 1666,
317 5094 553 5169 occupaverat,
568 5095 796 5157 verumetiam
812 5097 917 5174 ipsum
937 5098 1003 5158 im-

206 5193 334 5269 perium
361 5193 557 5268 erepturus?
579 5191 612 5253 et
634 5192 756 5264 tamen,
778 5193 921 5255 faciente
942 5194 1001 5257 illo

206 5289 263 5366 qui
273 5287 428 5364 superbis
442 5288 578 5359 resistit,
593 5289 626 5349 61
641 5289 697 5365 qui
708 5291 819 5366 posuit
833 5291 919 5351 mari
933 5293 996 5352 ter·

206 5387 332 5446 minum
361 5384 448 5446 ultra
472 5401 569 5463 quem
598 5386 819 5448 intumescere
842 5404 911 5449 161
935 5405 1000 5450 au-

242 5514 283 5588 (l)
303 5509 492 5574 fredericum.

834 237 1062 348 EPISTOL‘AE.
1097 287 1175 348 ΙιΙΒ.
1200 287 1255 347 IX.

1065 443 1166 507 deant
1179 445 1299 505 fluctus
1314 445 1398 520 ejus,
1416 442 1473 505 ille
1486 444 1543 521 qui
1556 441 1606 504 sic
1619 443 1737 522 potens
1747 441 1861 522 sicque

1065 541 1225 604 terribilis
1236 541 1358 619 inJuste
1372 556 1510 616 regnum
1520 541 1690 603 invaserat
1700 540 1863 617 saepedic-

1065 641 1147 711 tum,
1162 638 1242 698 illud
1260 638 1447 715 trepidante
1468 637 1546 713 fuga
1568 638 1732 712 deseruit3
1757 638 1800 710 et,
1821 651 1861 699 eo

1066 752 1163 813 quem
1185 737 1233 798 sic
1254 735 1445 797 immaniter
1464 735 1573 796 fuerat
1592 721 1785 812 persecutus
1803 735 1860 812 ip-

1066 850 1150 905 sum,
1164 834 1255 910 justo
1273 833 1332 894 Dei
1348 832 1488 910 judicio,
1509 835 1738 909 persequente,
1755 832 1863 908 impe-

1065 931 1152 991 rium
1168 946 1309 1008 quoque,
1323 931 1410 991 sicut
1423 933 1474 991 est
1490 929 1714 1000 manifestum,
1729 929 1858 1002 amisit;

1064 1027 1096 1088 61
1110 1028 1310 1104 apostolicae
1325 1027 1412 1098 Sedi,
1430 1029 1525 1103 cujus
1537 1027 1698 1103 preesset
1713 1040 1862 1087 commo-

1064 1123 1209 1184 nitiones
1229 1123 1263 1184 11
1280 1124 1455 1186 invasione
1475 1123 1555 1184 11611
1568 1122 1664 1198 regni
1686 1122 1859 1199 contemp-

1064 1221 1165 1293 serat,
1187 1221 1303 1299 postea
1331 1221 1521 1298 frequenter
1545 1219 1804 1297 supplicationes
1828 1217 1862 1280 et

1064 1334 1179 1394 preces
1192 1318 1333 1395 supplex
1347 1319 1548 1395 humilisque
1558 1317 1718 1394 porrexit.

1105 1415 1264 1492 Denique,
1285 1419 1323 1476 61
1343 1415 1384 1475 16
1406 1414 1596 1476 domesticis
1611 1412 1672 1475 tibi
1694 1427 1861 1489 propona-

1063 1527 1137 1571 mus
1152 1512 1351 1588 exemplum,
1373 1511 1508 1588 inclytae
1523 1509 1764 1572 recordationis
1778 1509 1860 1570 Ric-

1064 1609 1184 1669 cardns
1195 1624 1257 1669 rex
1267 1607 1407 1683 Angliae,
1419 1611 1514 1685 quus
1530 1623 1619 1668 6616
1632 1620 1859 1667 successorem

1063 1705 1284 1783 persequeris,
1298 1705 1398 1780 coepit
1413 1705 1491 1765 olim
1505 1703 1592 1765 bello
1602 1704 1769 1764 lacessere
1784 1701 1859 1763 cla-

1062 1818 1110 1863 rae
1125 1803 1294 1862 memoriae
1310 1803 1436 1878 patrem
1450 1802 1553 1872 tuum,
1571 1800 1740 1876 multoque
1755 1815 1858 1875 supe-

1062 1899 1133 1959 rior
1147 1898 1275 1960 viribus
1291 1901 1323 1960 et
1338 1898 1457 1976 opibus
1470 1897 1654 1968 videbatur,
1665 1896 1748 1957 6166
1758 1895 1856 1973 quod,

1064 1997 1135 2071 ejus
1154 1995 1355 2071 praevalente
1384 2011 1423 2055 66
1448 1995 1586 2070 urgente
1608 1994 1766 2071 potentia,
1784 1993 1857 2069 ipse

1063 2093 1157 2168 pater
1178 2093 1256 2152 tuus
1283 2092 1399 2153 contra
1418 2107 1491 2152 eam
1514 2091 1671 2152 Ecclesiae
1696 2093 1856 2152 Romanae

1063 2189 1254 2264 praesidium
1280 2188 1481 2264 imploravit,
1499 2205 1584 2265 quae,
1611 2203 1743 2263 semper
1769 2187 1860 2246 indi-

1062 2301 1126 2361 gne
1142 2287 1308 2362 oppressis
1325 2285 1502 2346 subvenire
1516 2285 1724 2355 desiderans,
1739 2285 1858 2346 aucto-

1062 2382 1171 2443 ritatis
1185 2399 1253 2443 suae
1269 2382 1476 2443 obstaculum
1492 2382 1668 2458 interjecit,
1681 2383 1857 2458 ipsumque

1060 2493 1172 2555 regem
1200 2478 1340 2555 Angliae,
1367 2479 1469 2540 vellet
1488 2478 1601 2550 nollet,
1626 2480 1761 2554 treugas
1781 2491 1857 2538 cum

1061 2576 1134 2651 ipso
1160 2577 1255 2652 patre
1284 2576 1342 2636 tuo
1370 2575 1458 2636 inire
1487 2574 1648 2636 canonica
1679 2573 1857 2636 severitate

1062 2673 1179 2748 coegit.

1100 2771 1183 2829 11666
1205 2784 1344 2844 reguum
1366 2769 1505 2843 Angliae,
1528 2768 1614 2845 quod
1635 2769 1714 2829 tunc
1738 2782 1857 2844 perse·

1061 2865 1225 2943 quebatur
1239 2867 1342 2936 tuum,
1359 2864 1401 2925 ab
1420 2881 1459 2926 eo
1482 2865 1745 2942 persecutionem
1759 2879 1857 2924 versa

1061 2963 1133 3022 vice
1149 2977 1237 3022 nunc
1251 2962 1386 3038 patitur,
1405 2963 1438 3023 et
1456 2960 1497 3022 ab
1513 2977 1552 3022 eo
1569 2962 1654 3039 quod
1671 2962 1751 3022 tunc
1764 2961 1854 3021 tem-

1061 3059 1152 3135 poris
1180 3058 1369 3130 infestabat,
1395 3059 1463 3119 1166
1491 3060 1640 3135 tempore
1665 3057 1854 3119 infestatur.

1062 3155 1116 3216 Sic
1131 3155 1229 3218 Ludit
1240 3155 1439 3216 inhumanis
1453 3156 1565 3218 111116
1581 3156 1729 3232 potentia
1737 3155 1854 3216 rebus!

1060 3253 1108 3313 sic
1134 3253 1301 3314 Victorem
1317 3269 1336 3314 a
1351 3253 1440 3316 victo
1467 3254 1619 3330 superari
1648 3268 1737 3329 saepe
1760 3252 1858 3314 vide-

1059 3353 1150 3410 mus!
1173 3352 1242 3412 Nec
1265 3352 1377 3412 tamen
1403 3349 1478 3412 ideo
1502 3351 1643 3412 dicimus
1660 3349 1747 3427 quod
1774 3349 1857 3410 talia

1059 3446 1119 3508 tibi
1157 3463 1232 3508 esse
1265 3447 1412 3509 timenda
1439 3448 1632 3523 credamus;
1658 3447 1715 3508 sed
1743 3447 1856 3507 tamen

1060 3560 1133 3620 quae
1160 3545 1365 3617 acciderunt,
1382 3545 1534 3607 accidere
1560 3546 1669 3606 adhuc
1695 3545 1855 3622 possunt:

1061 3657 1163 3718 quare
1181 3642 1280 3703 debes
1304 3642 1417 3703 taliter
1437 3658 1517 3718 erga
1537 3645 1720 3704 Romanam
1736 3641 1855 3702 Eccle-

1060 3739 1143 3799 siam
1167 3739 1203 3800 11
1227 3739 1449 3816 prosperitate
1472 3741 1504 3800 te
1524 3739 1705 3814 gererent
1726 3738 1755 3798 si
1777 3737 1856 3814 quid

1060 3835 1193 3896 adversi
1223 3835 1322 3914 (quod
1357 3837 1444 3896 Deus
1477 3833 1640 3913 avertatl)
1679 3833 1854 3909 ingruerit,

1060 3933 1132 4008 eJus
1146 3931 1345 3992 fiducialiter
1355 3931 1388 3992 et
1402 3931 1474 3992 sine
1489 3930 1611 3992 rubore
1629 3930 1736 4007 possis
1753 3929 1869 3990 auxi-v

1062 4029 1144 4089 lium
1167 4027 1368 4104 implorare,
1392 4043 1453 4089 nec
1481 4028 1653 4104 indignari
1676 4025 1773 4088 debet
1797 4026 1855 4086 166

1060 4123 1257 4195 6611111166,
1271 4125 1325 4185 161
1338 4125 1478 4194 moveri,
1490 4126 1520 4185 si
1534 4125 1724 4201 Apostolica
1738 4124 1852 4196 Sedes,

1059 4222 1100 4283 de
1118 4237 1277 4283 concessa
1293 4221 1356 4282 sibi
1369 4238 1389 4283 a
1404 4224 1471 4283 Deo
1488 4220 1693 4298 plenitudine
1706 4220 1855 4296 potesta-

1058 4319 1113 4392 tis,
1133 4335 1221 4380 nunc
1237 4318 1347 4380 studet
1356 4319 1389 4380 te
1405 4335 1422 4380 a
1438 4319 1588 4396 praedicti
1605 4318 1695 4394 regis
1709 4317 1853 4379 1116616-

1058 4417 1151 4478 11616
1171 4431 1391 4493 compescere,
1413 4433 1488 4476 cum
1504 4415 1782 4493 praedecessorem
1797 4416 1853 4492 ip-

1059 4515 1129 4574 sius
1146 4513 1187 4574 ab
1210 4513 1422 4576 infestatione
1437 4513 1617 4574 clarissimi
1629 4514 1790 4589 genitoris
1804 4512 1865 4586 tui¹

1058 4611 1148 4682 olim,
1166 4611 1253 4672 sicut
1267 4611 1495 4688 praediximus,
1508 4610 1674 4671 studuerit
1685 4624 1850 4670 coercere.

1058 4711 1136 4780 Quae
1156 4709 1245 4770 enim
1272 4724 1331 4785 pro
1360 4707 1536 4784 saepedicto
1563 4707 1656 4783 patre
1684 4706 1752 4777 tuo,
1776 4721 1851 4766 ma-

1056 4808 1151 4868 terno
1168 4805 1216 4885 (2)
1241 4805 1273 4866 et
1299 4804 1528 4881 potentissimo
1544 4817 1634 4878 rege,
1658 4802 1852 4863 canonicam

1057 4919 1231 4965 censuram
1246 4902 1406 4972 exercuit,
1423 4916 1483 4961 cur
1502 4915 1568 4961 161
1581 4900 1673 4959 111616
1694 4913 1753 4974 pro
1766 4899 1851 4960 ado-

1056 5000 1240 5062 lescentulo
1262 5014 1340 5074 rege
1354 4997 1484 5073 angliae
1499 4997 1534 5057 in
1549 5011 1629 5056 casu
1649 4997 1782 5059 omnino
1799 4997 1850 5058 si-

1056 5097 1127 5157 mili
1149 5094 1340 5157 exercebitf
1363 5095 1468 5154 Nemo
1488 5092 1672 5169 prudentiae
1687 5093 1752 5154 tuae
1768 5109 1852 5154 666-

1055 5194 1142 5266 1661,
1153 5193 1238 5270 quod
1252 5207 1319 5252 non
1335 5191 1378 5251 sit
1392 5192 1542 5251 nostrum
1557 5189 1591 5250 in
1605 5188 1669 5251 hac
1683 5191 1776 5266 parte
1791 5190 1852 5252 ob·

1054 5290 1148 5352 viare
1169 5289 1301 5366 injuriae
1330 5287 1411 5348 dicti
1434 5286 1535 5361 regis,
1559 5302 1598 5347 eo
1622 5287 1709 5362 quod
1729 5303 1783 5348 166
1810 5287 1851 5349 16

1057 5388 1178 5465 quibus
1208 5386 1320 5461 agitur
1349 5385 1478 5446 constat
1510 5384 1654 5446 existere
1691 5383 1849 5458 feodales,

1090 5517 1131 5590 (i)
1152 5515 1291 5574 Videlicet
1306 5513 1442 5590 mendosa
1456 5513 1518 5572 1166
1528 5513 1666 5587 scriptura
1682 5521 1724 5570 est
1738 5515 1766 5570 in
1781 5529 1847 5574 nos·

1055 5598 1097 5646 tro
1110 5588 1209 5646 codice
1218 5602 1226 5658 3
1241 5584 1395 5659 legendum
1411 5592 1454 5642 est
1469 5590 1580 5642 maturo
1597 5585 1640 5642 vol
1655 5585 1788 5644 marimo.

1803 281 1864 346 758
1948 336 1952 342 .
