4274 6388
165 289 225 350 217

166 444 288 518 Regiam
301 441 471 518 dignitatem
483 453 512 503 et
521 444 568 518 ius
579 444 666 502 tuitus
678 451 722 503 eat
740 445 892 516 Honorius,
908 447 956 519 qui

165 531 292 592 fautores
311 533 466 605 iniquitatis
484 533 779 592 excommunicatione
795 535 914 607 subjecit
928 542 956 592 et

166 622 343 694 provinciam
365 621 514 680 interdicto
535 623 684 694 supposuit
706 622 805 694 inqua
823 637 873 680 rex
892 623 953 680 vin·

166 710 238 767 culis
258 709 376 767 obrutus
392 709 520 782 degeret,
542 725 633 782 usque
651 709 859 770 dum'libertati
872 712 954 768 resti·

166 803 302 855 tueretur.

202 887 235 942 ln
247 885 384 958 Ungaria,
394 883 574 943 dillicultates
588 893 662 943 natm
683 893 798 958 propter
812 888 957 944 matrimo-

166 974 246 1031 nium
262 973 312 1030 lllii
326 973 447 1031 Andreae
464 974 543 1046 ragis
553 988 618 1030 cum
630 973 686 1033 illia
701 974 836 1034 baschari
851 976 955 1049 princi-

167 1061 221 1135 pis.
241 1063 314 1119 Nam
333 1060 379 1118 ille
394 1061 500 1118 dimisit
519 1053 649 1132 uxorem,
663 1077 727 1120 cum
743 1077 797 1134 qua
813 1077 863 1138 per
877 1062 956 1120 bien·

168 1150 248 1207 nium
262 1156 291 1207 et
305 1149 435 1221 amplius,
453 1155 604 1221 postquam
617 1148 653 1206 ad
668 1151 826 1223 legitimam
843 1159 956 1208 etatem

168 1244 345 1312 pervenerat,
361 1237 543 1295 cohabitavit.
568 1241 610 1296 lle
630 1238 732 1311 quibus
747 1237 783 1297 ad
802 1239 958 1298 Honorium

780 289 1008 351 sersaonm.
1032 255 1111 349 ms.
1135 289 1205 351 vu.

1739 295 1800 357 218

1009 446 1118 504 litteras
1137 443 1276 503 antistites
1294 443 1477 518 sorlpsemnt.
1497 447 1533 506 Et
1544 446 1671 520 aliunde,
1685 457 1800 526 ternpus

1010 533 1077 591 illud
1091 532 1144 591 luit
1156 533 1186 590 in
1200 547 1257 605 quo
1275 532 1393 590 nobles·
1407 535 1460 592 viri
1474 537 1607 609 lingariae
1619 539 1735 597 Batiam
1748 557 1801 599 aa·

1010 637 1088 678 ream
1117 636 1133 678 a
1160 635 1229 693 rege
1254 621 1446 690 obtinuerunt,
1469 623 1498 678 in
1527 624 1607 697 cujus
1630 626 1732 685 virtute
1753 629 1801 701 jus

1010 708 1193 782 acquirebant
1220 708 1380 767 debellandi
1409 711 1547 768 adversus
1574 714 1667 785 ipsum
1686 731 1798 790 regern,

1011 798 1245 870 quotiescumque
1255 799 1284 854 in
1298 798 1392 870 aliquo
1406 813 1455 854 rex
1466 799 1586 856 violaret
1599 802 1666 858 illud
1675 813 1799 875 pactum.

1047 884 1129 958 Apud
1152 886 1229 942 solos
1251 886 1392 957 Hispanos
1422 902 1468 943 res
1495 884 1568 944 bene
1598 899 1745 962 geruntur,
1770 894 1800 952 in

1011 987 1102 1047 regno
1117 973 1298 1042 Ferdinandi,
1310 974 1438 1032 Castellae
1452 989 1486 1032 ac
1501 975 1635 1048 Legionis
1650 982 1735 1051 regis.
1748 981 1801 1050 Qui

1011 1062 1047 1119 de
1071 1062 1186 1131 Mauris,
1209 1059 1264 1118 hoc
1278 1061 1340 1133 ipso
1358 1076 1442 1131 anno,
1466 1063 1586 1136 egregie
1605 1065 1799 1140 triumphavit,

1011 1151 1111 1224 spoliis
1120 1163 1219 1207 eorum
1232 1150 1329 1206 relatis
1343 1156 1371 1207 et
1381 1165 1480 1224 regem
1493 1151 1801 1214 Biatiae'llabomadem

1013 1238 1048 1296 ad
1063 1253 1114 1295 sua
1129 1237 1248 1311 imperia
1265 1237 1432 1312 excipienda
1446 1238 1591 1313 compulit.

883 1564 1084 1580 ————

552 1901 573 1997 Ι

196 2060 249 2122 Ad
263 2061 469 2122 abbatissam
488 2060 522 2124 et
542 2061 708 2122 moniales
726 2059 931 2122 monosterii

350 2159 385 2219 s.
401 2161 527 2220 Marte
539 2161 579 2219 cte
594 2158 772 2230 Gattojota.

416 2295 450 2352 la
468 2295 608 2367 septemb.
631 2296 709 2354 litt.

275 2425 415 2490 [Sbaralea‚
425 2427 521 2478 Bullar.
534 2427 670 2486 Francisc,
682 2429 701 2488 l,
715 2426 754 2487 l0,
765 2442 791 2479 n.
803 2426 854 2493 ll]

169 2550 355 2626 Privilegium
376 2552 560 2626 protectionis
578 2552 614 2610 ab
629 2554 752 2626 Hugone
768 2553 903 2627 episcopo
917 2553 959 2612 eis

314 2640 448 2698 collatum
464 2641 601 2716 approbat
612 2648 642 2700 et
653 2641 811 2700 confirmat.

145 2837 149 2847 ,
207 2765 375 2826 Honorius
383 2766 568 2843 episeopus,
578 2781 693 2827 servus
705 2781 877 2828 servorum
886 2765 956 2838 Dei,

169 2859 300 2922 dilectis
318 2861 355 2921 in
376 2861 506 2923 Christo
527 2861 696 2922 filiabus...
720 2860 907 2934 abbatissae,
927 2863 960 2924 et

169 2957 370 3020 monialibus
395 2959 588 3020 monasterii
615 2961 745 3021 Sanctae
775 2960 891 3020 Marica
917 2959 959 3021 de

170 3055 344 3130 Gattojola,
360 3059 482 3116 Lucan.
500 3055 608 3128 dicae,
625 3055 764 3118 salutem
778 3055 811 3118 et
824 3058 960 3132 Aposto-

168 3151 269 3214 licam
283 3150 556 3215 benedictionem.

210 3250 428 3312 sacrosancta
439 3253 587 3312 Romana
598 3251 755 3322 Ecclesia,
766 3250 959 3324 oleaeque

170 3346 357 3408 confovere.
371 3349 458 3408 Sane
473 3363 547 3408 oum
556 3346 759 3410 ,venerabilis
773 3347 875 3408 irater
887 3363 960 3408 nos·

168 3444 258 3505 ter...
275 3443 437 3506 Ostiensis
458 3444 643 3522 episcopus,
663 3445 742 3506 dum
757 3445 791 3505 in
810 3444 960 3522 partibus

168 3539 290 3602 vestris
303 3541 479 3618 legationis
500 3540 609 3603 ostiolo
633 3540 836 3618 iungeretur,
857 3545 962 3603 aRo-

169 3637 305 3700 landino
319 3639 462 3714 Volpelli
475 3639 548 3700 cive
560 3641 682 3700 Lucan.
700 3639 827 3716 sylvam
840 3656 960 3716 quam-

170 3732 258 3808 dam,
277 3749 375 3812 quam
394 3735 536 3798 habebat
556 3737 591 3797 in
614 3736 698 3808 loco,
721 3737 777 3814 qui
796 3738 960 3815 Gattajola

171 3832 303 3904 dicitur,
325 3849 399 3895 oum
422 3833 572 3894 omnibus
596 3834 806 3910 pertinentiis
830 3833 911 3906 suis,
928 3835 962 3896 et

171 3930 321 3992 aedidciis
336 3931 406 3991 suis
420 3931 456 3992 in
469 3934 537 4007 jus,
551 3932 585 3994 et
596 3931 831 4008 proprietatem
842 3931 960 3994 Eccle-

171 4027 230 4088 siae
245 4031 413 4098 Romanae,
428 4029 525 4102 prout
545 4029 821 4090 mandaveramus
840 4029 958 4100 eidem,

170 4124 284 4186 nostro
299 4125 433 4186 nomine
450 4124 648 4201 recepissct;
665 4127 697 4186 et
711 4125 747 4186 in
759 4125 962 4189 monasterio

170 4215 218 4277 ibi
233 4216 421 4278 constructo
436 4217 586 4293 quaedam
601 4218 635 4277 in
647 4221 766 4281 vestrae
788 4219 962 4296 religionis

172 4311 396 4387 augmentum,
411 4315 444 4374 et
458 4313 714 4376 favoremvestri
724 4316 851 4377 ordinis
862 4317 963 4378 dune

171 4408 218 4472 rit
231 4409 417 4482 statuenda,
433 4425 507 4482 nos,
521 4411 641 4473 vestris
651 4413 753 4488 justis
765 4413 964 4490 postulatio-

171 4505 269 4571 nibus
284 4508 480 4580 annuentes,
498 4507 647 4585 quod‘ab
669 4509 784 4571 codem
807 4511 962 4588 episcopo

171 4600 295 4665 lactum
310 4604 360 4666 est
371 4607 480 4666 ratum
497 4604 656 4668 habentes
671 4607 703 4668 et
716 4607 858 4683 gratum,
876 4608 962 4669 lacta

172 4699 307 4762 obtentu
319 4701 492 4778 religionis
507 4705 626 4766 vestrae
645 4702 686 4766 ab
701 4704 856 4781 episeopo
871 4721 960 4781 prae-

172 4796 390 4870 falesleiam,
408 4799 495 4861 sicut
511 4799 546 4860 in
565 4801 671 4878 ipsius
686 4799 862 4878 privilegio
877 4817 962 4862 oon-

172 4894 308 4962 tinetur,
336 4897 534 4958 auctoritate
566 4898 757 4974 apostolica
786 4897 964 4960 conflrma-

172 5005 257 5062 mus,
272 4993 306 5054 et
325 4993 501 5069 praesentis
525 4994 640 5070 scripti
665 4995 850 5071 patrocinio
872 5009 965 5057 oom-

172 5089 352 5152 munimus.
372 5091 535 5153 Terrorem
550 5093 660 5154 autern
687 5093 835 5170 ejusdam
858 5093 965 5170 privi-

159 5184 254 5266 legii
281 5187 323 5248 ad
344 5191 505 5265 majorem
526 5190 683 5262 vestram,
707 5191 741 5252 et
768 5191 964 5253 monasterii

173 5285 348 5346 memorati
383 5286 547 5348 cautelam
584 5286 804 5364 praesentibus
843 5287 964 5350 litteris

174 5379 331 5444 duximus
346 5383 583 5456 annotandum,
601 5384 658 5462 qui
672 5383 749 5446 talis
764 5386 815 5448 est
831 5401 838 5441 ε

1011 1897 1152 1973 legatus,
1167 1895 1298 1958 dilectis
1312 1896 1348 1957 in
1362 1894 1493 1958 Christo
1512 1893 1682 1956 filiabus...
1698 1889 1803 1955 abba·-

1010 1995 1102 2056 tissaa
1114 1993 1356 2055 monasteriis.
1373 1991 1489 2053 Mariae
1501 1991 1541 2052 de
1556 1990 1720 2069 Gattojola
1734 1993 1804 2050 Lu-

1014 2107 1089 2152 can.
1105 2091 1202 2150 dioec.
1219 2091 1357 2166 ejusque
1378 2086 1549 2150 sororibus
1569 2090 1638 2148 tam
1655 2103 1805 2163 praesen-

1011 2188 1100 2249 tibus
1112 2203 1211 2264 quam
1227 2185 1347 2247 tuturis
1360 2185 1553 2261 religiosam
1561 2185 1666 2247 vitam
1678 2183 1804 2260 proies-

926 2324 937 2336 ..
1013 2285 1060 2344 sis
1079 2285 1115 2344 in
1132 2283 1337 2360 perpetuum.
1356 2281 1579 2344 Prudentibus
1603 2281 1801 2358 virginibus,

1013 2397 1087 2459 quae
1102 2379 1164 2442 sub
1179 2380 1296 2442 babitu
1312 2379 1486 2456 religionis
1505 2379 1655 2440 accensis
1674 2377 1805 2454 lampa-

1013 2479 1110 2540 dibus
1128 2493 1189 2554 per
1207 2493 1308 2555 opera
1328 2477 1514 2540 sanctitatis
1525 2476 1652 2554 jugiter
1666 2491 1703 2536 se
1717 2491 1805 2551 praa-

1013 2578 1134 2653 parant
1149 2575 1281 2637 obviam
1296 2589 1417 2652 sponso
1439 2575 1501 2647 ire,
1523 2576 1557 2637 et
1580 2589 1655 2634 curn
1673 2573 1747 2650 ipso
1762 2572 1805 2632 ad

1014 2673 1165 2735 coelestes
1188 2673 1321 2750 nuptias
1345 2671 1498 2743 introire,
1525 2673 1677 2734 nostrum
1704 2669 1806 2731 debe-

1013 2785 1086 2830 mus
1105 2769 1298 2847 praesidium
1313 2769 1489 2845 impertiri,
1505 2785 1548 2828 ne
1563 2767 1647 2829 sorte
1661 2767 1805 2844 cujusli-

1013 2867 1068 2929 bet
1082 2867 1280 2928 temeritatis
1291 2867 1447 2927 incursus
1461 2865 1516 2927 vel
1531 2880 1588 2926 aas
1604 2864 1805 2940 aproposito

1012 2963 1157 3034 revocet,
1177 2963 1236 3023 aut
1249 2961 1362 3034 robur,
1379 2960 1465 3038 quod
1485 2960 1582 3033 absit,
1597 2975 1702 3021 sacrae
1718 2959 1804 3020 reli-

1013 3060 1122 3137 gionis
1140 3057 1311 3136 infringat.
1329 3061 1521 3136 Eaproptar,
1536 3059 1665 3120 dilectae
1689 3058 1723 3118 in
1738 3060 1808 3146 Ilo-=

1013 3159 1104 3220 mino
1130 3157 1220 3225 tiliae,
1248 3157 1369 3218 vestris
1398 3157 1498 3232 justis
1526 3153 1805 3233 postulationibus
1886 3173 1888 3178 ¹

1013 3256 1108 3332 grato
1124 3255 1359 3316 concurrentes
1375 3269 1525 3324 assensu,
1547 3253 1685 3330 sylvam,
1705 3267 1805 3328 quam

1013 3353 1153 3414 dilectus
1168 3352 1258 3412 illius
1273 3350 1480 3414 Rolandinus
1494 3349 1638 3426 Vulpelli
1651 3352 1805 3410 Lucanus

1014 3451 1104 3512 cives
1118 3449 1261 3511 babebat
1274 3450 1309 3508 in
1324 3449 1409 3520 loco,
1422 3448 1480 3525 qui
1491 3447 1613 3509 dicitur
1627 3446 1803 3524 Gattcjola,

1014 3548 1049 3608 in
1065 3547 1161 3608 dioec.
1179 3549 1314 3607 Lucana
1327 3561 1400 3607 oum
1417 3543 1569 3606 omnibus
1582 3544 1803 3621 pertinentiis,

1015 3645 1049 3706 et
1074 3643 1225 3705 aedidciis
1259 3643 1330 3704 suis
1360 3641 1455 3704 nobis
1484 3642 1618 3702 nomine
1648 3643 1806 3702 Romanae

1014 3741 1171 3802 Ecclesiae
1187 3739 1228 3801 ab
1245 3755 1285 3800 eo
1306 3739 1362 3816 pia
1379 3737 1579 3800 liberalitate
1596 3737 1751 3798 collatam
1765 3737 1807 3798 de

1016 3852 1156 3898 assensu
1170 3836 1266 3897 bonae
1287 3834 1492 3896 memoriae...
1514 3835 1637 3894 Lucan.
1659 3833 1807 3908 episcopi

1015 3935 1050 3995 in
1059 3937 1127 4012 ius,
1151 3935 1184 3994 et
1205 3931 1441 4008 proprietatem
1461 3929 1549 3991 beati
1571 3929 1673 4002 Petri,
1690 3930 1723 3990 et
1738 3931 1806 3990 Rc-

1016 4031 1127 4092 olesiae
1140 4033 1299 4092 Romanae
1320 4028 1534 4104 suscipimus;
1558 4027 1615 4088 ubi
1638 4028 1808 4088 monaste·

1016 4129 1103 4190 rium
1119 4127 1160 4189 ad
1175 4127 1335 4188 honorem
1348 4126 1419 4198 Dei,
1434 4127 1467 4188 et
1482 4125 1631 4201 Virginis
1649 4125 1806 4201 gloriosae

1016 4226 1194 4288 Genitriois
1207 4228 1290 4302 ejus,
1301 4226 1336 4286 ut
1349 4239 1409 4284 vos
1424 4215 1590 4285 offerretis
1605 4221 1653 4282 ibi
1666 4223 1805 4284 Domino

1016 4322 1314 4396 holocaustum,‘et
1341 4322 1426 4382 alias
1451 4321 1602 4397 exemplo
1626 4322 1737 4382 vestro
1762 4321 1813 4381 sd.

1017 4421 1165 4483 divinum
1196 4419 1394 4496 ‚obsequium
1431 4417 1621 4486 traheretis.
1650 4418 1807 4479 duximus

1017 4517 1285 4580 construendum.
1301 4519 1424 4578 Verum
1439 4517 1516 4594 quia
1529 4516 1658 4593 petistis
1669 4531 1688 4576 a
1698 4515 1806 4587 nobis,

1016 4614 1054 4674 ut
1076 4612 1185 4672 locum
1208 4612 1327 4688 ipsum,
1348 4613 1381 4673 et
1394 4627 1555 4688 personas
1570 4610 1654 4671 inibi
1668 4611 1808 4672 Domino

1017 4708 1216 4770 famulantes
1250 4709 1365 4770 contra
1392 4708 1615 4782 malignorum
1654 4707 1807 4767 incursus

1018 4806 1231 4882 protectionis
1265 4804 1359 4865 Sedis
1391 4804 1590 4881 apostolicae
1632 4800 1808 4878 privilegio

1019 4900 1239 4973 muniremus;
1259 4913 1320 4958 nos
1339 4898 1460 4960 vestris
1479 4893 1633 4974 precibus
1655 4894 1809 4955 inclinati

1018 4996 1142 5058 dictum
1165 4995 1422 5066 monasterium,
1447 4993 1533 5072 quod
1559 4992 1601 5053 ad
1625 4995 1808 5054 Romanam

1018 5094 1200 5154 Ecclesiam
1215 5093 1307 5154 nullo
1327 5091 1471 5170 pertinet
1489 5089 1666 5161 mediante,
1689 5088 1725 5150 in
1744 5103 1817 5165 quc.

1018 5191 1133 5252 divino
1147 5191 1228 5252 estis
1243 5189 1401 5267 obsequio
1417 5188 1625 5264 mancipatae,
1639 5201 1713 5247 cum
1731 5201 1810 5263 per-

1019 5287 1110 5348 sonis
1123 5288 1156 5348 et
1169 5285 1323 5347 omnibus
1338 5284 1438 5347 rebus
1455 5285 1525 5345 suis
1542 5283 1602 5344 sub
1615 5282 1703 5344 beati
1720 5283 1810 5342 Petri

1020 5383 1223 5460 protectione
1234 5382 1444 5458 suscipimus
1459 5383 1492 5443 et
1503 5381 1677 5458 praesentis
1695 5377 1810 5455 scripti

214 5480 343 5555 «Rogo
364 5479 580 5544 miseratione
600 5482 715 5544 divina
742 5483 905 5545 Ostiensis
933 5482 967 5545 et
1020 5479 1195 5558 privilegio
1210 5478 1464 5540 communimus.
1483 5477 1672 5540 Formulam
1687 5473 1811 5535 nibilo-

174 5574 394 5638 Velletrensis
422 5579 609 5656 episcopus,
641 5580 841 5656 apostolicae
871 5580 966 5642 Sedis

1019 5577 1129 5640 minus
1142 5576 1219 5638 vitae
1231 5579 1362 5650 vestrae,
1378 5593 1474 5656 quam
1491 5574 1622 5638 anobis
1640 5571 1810 5633 humiliter
