4222 6374
881 293 1061 389 'nononn
1082 325 1127 386 111
1148 325 1296 388 ornan.
1851 319 1911 388 aso

469 469 471 485 '
560 486 720 582 'onix

357 647 409 706 Ad
435 647 665 708 lundensium
684 646 963 708 universitatem.

544 775 562 832 3
581 775 678 848 aprilis
698 777 778 835 raia.

265 895 404 964 fflayneld,
414 897 527 948 Anudes
542 897 714 958 ecclesiastici,
728 899 760 948 ad
775 912 873 950 annam
892 897 960 960 lm,
977 899 989 964 Ι
1006 899 1058 964 bh]

186 1074 189 1085 ,
281 1021 414 1082 Prohibet
426 1037 462 1079 ne
473 1021 599 1080 habeant
611 1037 677 1080 curn
686 1024 808 1082 Lucanis
823 1025 1038 1082 commercium.

302 1157 470 1219 Honorius
499 1156 687 1236 episcopus,
725 1173 842 1219 servus
864 1175 1057 1221 servorum

260 1253 332 1326 Dei,
355 1255 574 1317 Januensium
601 1255 827 1326 universitati,
856 1257 998 1318 salutem
1025 1258 1058 1320 et

259 1350 485 1429 Apostolicam
495 1351 775 1414 benedictionem.

302 1449 518 1513 Universitati
546 1451 665 1511 vestrae
695 1449 756 1510 suh
782 1449 916 1512 obtentu
939 1451 1056 1527 gratiae

260 1545 384 1610 divinae
407 1561 447 1607 ac
473 1547 606 1618 nostrae,
624 1561 683 1623 per
705 1547 900 1624 apostonca-
918 1547 1055 1624 scripta,

206 1703 211 1715 ,
260 1643 401 1706 tirmiter
428 1642 632 1721 iniungendo
660 1644 866 1717 mandamus,
890 1645 1054 1722 quatenus

261 1741 366 1804 dictos
382 1741 471 1803 cives
481 1739 540 1820 (1),
552 1741 656 1802 donec
670 1741 845 1818 praelatum
860 1743 1054 1804 Parentium

261 1838 453 1916 aregimine
466 1854 534 1898 suae
548 1837 692 1900 civitatis
703 1839 864 1916 ejecerint
874 1840 944 1901 et...
960 1841 1054 1916 epis-

256 1951 355 2013 copo,
383 1936 416 1998 et
439 1935 528 1996 clero
548 1937 683 1997 Lucano
703 1951 779 1996 cum
800 1935 1055 1998 honorificentia

261 2033 371 2099 debita
386 2033 562 2105 revocatis,
579 2033 628 2094 eis
646 2032 686 2093 de
707 2033 838 2094 damnis
853 2035 886 2095 et
907 2033 1052 2110 injuriis,

262 2145 303 2192 ac
314 2129 515 2208 Apostolicae
530 2129 607 2191 sedi
621 2129 663 2190 de
679 2131 870 2207 contemptu
882 2130 1056 2192 satisfece-

259 2229 330 2290 rint
357 2228 591 2304 competenter,
628 2227 818 2288 nullatenus
857 2228 1052 2304 recepistis,

261 2339 359 2388 neca
381 2325 503 2386 vestris
517 2324 718 2402 permittatis
733 2324 861 2386 civibus
876 2325 1051 2401 receptari,

260 2422 454 2499 nullumque
467 2437 541 2482 oum
555 2422 604 2483 eis
619 2422 816 2495 exerceatis,
832 2422 885 2483 val
898 2437 919 2483 a
933 2423 1053 2484 vestris

260 2519 412 2582 exerceri
426 2519 626 2595 permittatis
643 2519 878 2582 commercium
896 2519 949 2580 vel
968 2535 1053 2581 con-

258 2617 413 2688 tractum,
442 2631 504 2677 nec
527 2616 576 2677 eis
600 2617 685 2678 solvi
710 2616 821 2679 debita
842 2616 1051 2695 permittatis,

259 2713 478 2774 nihilominus
501 2711 589 2774 hona
613 2728 740 2785 eornm,
766 2729 840 2790 quae
864 2713 905 2774 ad
929 2715 1053 2775 terram

258 2813 404 2874 vestram
427 2810 601 2873 evenerint
621 2809 780 2873 iacientes
802 2809 936 2871 interim
963 2810 1052 2872 deti-

258 2908 343 2969 neri.
370 2907 406 2969 Si
434 2907 491 2986 qui
518 2921 599 2968 vero
628 2907 821 2985 hujusmodi
849 2908 1051 2981 mandatum,

259 3005 414 3076 scientes,
428 3005 559 3080 ahquos
574 3005 615 3066 de
634 3003 802 3081 praedictis
823 3005 951 3066 civibus
965 3004 1054 3067 inle-

256 3101 321 3164 rim
337 3100 481 3162 scienter
491 3099 526 3160 in
537 3101 607 3161 suis
622 3100 779 3176 hospitiis
794 3103 1050 3178 receptaverint,

187 3184 190 3201 '
256 3199 311 3262 vel
327 3197 505 3269 tenuerint,
522 3198 580 3259 aut
594 3197 823 3259 contraxerint
835 3213 910 3259 cum
925 3198 1052 3260 eisdem

257 3296 315 3358 aut
336 3294 445 3356 debita
464 3293 547 3372 ipsis
562 3293 793 3372 persolverint,
808 3294 871 3357 hoc
890 3295 963 3372 ipso
986 3297 1054 3359 sint

257 3391 611 3456 excommunicationis
624 3391 757 3454 vinculo
772 3392 935 3455 innodati.

605 3639 703 3729 uix

256 3794 309 3856 Ad
328 3792 537 3870 manistram
560 3792 741 3868 circuires
756 3791 890 3856 militina
912 3795 1049 3868 Templi.

1113 486 1194 548 riois
1218 485 1251 547 et
1271 483 1434 546 militibus
1449 499 1490 546 ac
1504 483 1581 547 aliis
1596 481 1767 558 iratribus,
1784 485 1909 562 Hospi-

1113 579 1191 644 talis
1205 597 1288 644 vero
1312 583 1347 643 in
1362 582 1565 659 pauperihus
1579 583 1613 643 et
1627 582 1770 642 infirmis
1786 582 1820 642 in
1833 583 1908 659 ipsa

1113 679 1210 740 domo
1235 679 1451 757 jamdudum
1479 679 1590 742 extitit
1614 680 1785 741 institulus
1799 680 1833 742 et
1849 693 1911 757 per

1115 776 1233 838 sedem
1252 775 1477 853 apostolicam
1499 777 1725 838 confirmatus.
1742 777 1834 839 Licet
1848 793 1910 838 au-

1112 874 1178 934 tern
1198 873 1318 934 iratres
1341 873 1406 950 ipsi
1429 874 1499 934 tum
1514 873 1648 950 propter
1668 873 1909 950 negligentiam

1113 985 1219 1042 suam,
1245 969 1323 1030 dum
1342 973 1454 1032 essent
1475 971 1573 1047 pauci
1595 972 1628 1032 et
1648 986 1822 1048 pauperae,
1838 973 1909 1033 tum

1113 1067 1214 1128 etiam
1227 1069 1362 1146 propter
1380 1068 1530 1129 scandali
1543 1068 1647 1129 vestri
1659 1070 1782 1130 metum
1793 1069 1861 1130 tam
1873 1069 1909 1131 in

1113 1163 1228 1226 habitu
1252 1164 1432 1226 deierando
1456 1179 1555 1242 quam
1573 1165 1608 1226 in
1623 1165 1819 1242 quibusdam
1831 1165 1908 1228 aliis

1112 1261 1291 1338 aliquando
1307 1262 1422 1324 contra
1433 1261 1674 1324 institutionem
1686 1260 1827 1323 iecerint
1842 1278 1909 1324 me·

1112 1357 1287 1428 moratam,
1310 1371 1372 1417 nos
1391 1357 1505 1418 tamen
1520 1355 1674 1417 inclinati
1689 1372 1758 1417 suae
1771 1356 1909 1432 religio-¹

1111 1451 1164 1512 nis
1188 1453 1309 1514 merito
1328 1454 1362 1514 et
1376 1453 1529 1531 precihus
1545 1452 1711 1514 carissimi
1724 1453 1759 1514 in
1775 1453 1907 1515 christo

1111 1549 1172 1609 lilii
1184 1551 1290 1612 nostri
1305 1548 1510 1629 F(riderici),
1523 1553 1747 1612 Romanorum
1758 1549 1906 1626 impera-

1109 1646 1192 1708 toris
1207 1647 1360 1720 illustris,
1372 1661 1503 1724 semper
1517 1647 1649 1724 augusti
1664 1649 1698 1709 et
1710 1648 1799 1722 regis
1818 1647 1905 1709 Sici-

1109 1743 1175 1816 liae,
1195 1744 1302 1821 quiin
1323 1744 1378 1805 die
1400 1745 1627 1806 coronationis
1644 1759 1713 1806 suae
1728 1743 1760 1804 id
1776 1743 1903 1806 anobis

1109 1856 1169 1918 pro
1194 1840 1331 1918 speciali
1351 1857 1489 1904 munere
1505 1841 1695 1920 postulavit,
1718 1841 1903 1903 institutio·-

1109 1953 1184 1999 nem
1199 1939 1317 2015 ipsam,
1342 1938 1382 2000 de
1403 1941 1569 2000 communi
1598 1939 1739 2002 consilio
1762 1938 1903 2000 hairum

1109 2041 1309 2108 nostrorum,
1340 2039 1454 2097 nostro
1488 2037 1664 2112 privilegio
1691 2035 1905 2098 confirmavi-

1109 2147 1193 2204 mus,
1208 2131 1341 2192 domum
1363 2133 1470 2208 ipsam
1485 2132 1563 2193 aliis
1578 2133 1775 2210 privilegiis,
1792 2133 1905 2194 indul-

1108 2229 1229 2305 gentiis
1253 2228 1286 2291 et
1308 2228 1517 2291 libertatibus
1546 2229 1744 2290 munientes.
1763 2230 1904 2306 Accepi-

1108 2341 1182 2386 mus
1209 2326 1331 2398 autem,
1359 2326 1446 2403 qnod
1471 2341 1531 2388 vos
1551 2327 1725 2388 occasione
1752 2326 1903 2388 alborum

1108 2423 1353 2494 mantellorum,
1371 2439 1472 2502 super
1486 2423 1604 2501 quihus
1619 2423 1809 2484 deserendis
1822 2440 1904 2500 spe-

1108 2522 1228 2582 cialem
1252 2537 1271 2582 a
1296 2521 1392 2582 nohis
1413 2521 1654 2597 indulgentiam
1671 2520 1901 2597 impetrarunt,

1109 2634 1168 2695 pro
1183 2625 1223 2679 eo
1238 2619 1324 2695 quod
1340 2619 1375 2679 in
1391 2618 1453 2679 hoc
1462 2618 1651 2695 specialiter
1658 2617 1777 2679 iecisse
1787 2619 1903 2680 contra

1108 2716 1348 2777 institutionem
1374 2714 1566 2793 bujnsmodi
1596 2715 1805 2789 videbantur,
1822 2716 1903 2778 moti

1108 2813 1188 2876 estis
1203 2813 1446 2890 aliquantulum
1473 2815 1673 2885 conusens,
1693 2813 1779 2890 qrrod
1796 2829 1905 2890 quan-

1106 2910 1176 2973 tum
1189 2906 1358 2974 silvestre
1377 2910 1542 2986 religione
1552 2909 1738 2986 indignum,
1752 2911 1903 2988 quisquis

1107 3009 1292 3084 recogitare
1315 3007 1468 3080 voluerit,
1499 3007 1597 3069 iacile
1615 3010 1839 3084 recognoscet.
1865 3007 1902 3068 Si

1107 3107 1195 3167 enirn
1207 3120 1267 3167 ros
1282 3104 1323 3166 ah
1338 3103 1528 3184 hujusmodi
1540 3107 1628 3166 metu
1642 3120 1702 3167 nec
1712 3103 1902 3182 apostolica

1107 3219 1168 3264 nec
1181 3203 1365 3280 imperialis
1387 3201 1574 3264 reverentia
1587 3202 1728 3274 cohibet,
1743 3202 1902 3264 cohihere

1107 3301 1225 3362 saliem
1249 3299 1397 3362 omnium
1423 3299 1456 3360 id
1480 3299 1686 3362 audientium
1708 3299 1902 3362 subsanatio

1106 3413 1165 3459 vos
1184 3397 1329 3469 deberet,
1343 3397 1463 3474 quihus
1477 3396 1609 3458 ridetur
1621 3397 1708 3457 siout
1720 3399 1771 3458 est
1783 3412 1901 3458 revera

1106 3494 1283 3556 ridiculum
1312 3511 1372 3556 ros
1400 3494 1536 3569 indigne
1560 3493 1647 3555 serre
1667 3493 1752 3555 alios
1773 3493 1902 3555 avobis

1106 3592 1217 3654 album
1232 3593 1367 3670 portare
1381 3591 1576 3652 mantellum
1589 3591 1775 3667 praesertim
1789 3605 1809 3652 a
1823 3605 1904 3653 res-

1105 3690 1157 3752 tro
1171 3689 1288 3752 habitu
1300 3689 1348 3751 sio
1362 3688 1552 3752 distinctum
1565 3687 1737 3764 signaculo
1750 3688 1899 3765 speciali,

1106 3788 1142 3849 ut
1155 3785 1267 3848 timeri
1286 3802 1353 3850 non
1375 3785 1489 3862 possit,
1509 3801 1551 3846 ne
1569 3786 1644 3862 quis
1658 3785 1758 3846 unius
1772 3785 1901 3847 ordinis

1105 3884 1225 3947 iratres
1264 3883 1393 3945 ordinis
1425 3898 1498 3944 esse
1534 3882 1673 3945 alterius
1708 3881 1898 3946 arbitretur.

297 4043 307 4070 Γ
534 3923 567 3980 Π
587 3923 683 3995 apum
702 3922 781 4058 m}
1106 3981 1248 4059 ideoque
1267 3980 1595 4057 circumspectionem
1611 3981 1756 4043 uestram
1775 3983 1902 4044 attente

270 4129 274 4138 .
296 4045 433 4110 [ΨΜ
444 4043 548 4096 rabula
559 4044 614 4096 ⁰¹³·
628 4045 789 4104 Th⁶¹¹¹⁰¹¹¹⁶¹'
800 4059 826 4110 Ρ·
836 4043 892 4106 ω’
904 4059 930 4096 ”¹
940 4043 1008 4110 Μ]
1104 4079 1287 4155 rogandam
1297 4077 1453 4139 duximus
1466 4078 1499 4139 et
1509 4077 1718 4149 hortandam,
1732 4078 1900 4154 quatinus,

257 4161 400 4220 Honorius
412 4160 577 4219 dehortatur
588 4161 775 4233 Templfll'iOS.
787 4176 823 4223 ue
838 4165 874 4220 Ob
888 4162 951 4221 alba
967 4178 1048 4222 man·
1105 4176 1195 4237 omni
1210 4189 1350 4236 rancore
1363 4173 1527 4252 deposito,
1539 4175 1676 4252 siquem
1689 4173 1773 4236 forte
1786 4176 1901 4239 contra

292 4249 358 4308 tells
378 4265 393 4308 a
414 4248 547 4308 iratribus
571 4247 680 4308 ordinis
699 4249 866 4310 theutonici
882 4250 948 4309 lerri
967 4252 1050 4310 solita
1106 4273 1210 4334 dictos
1229 4272 1350 4334 fratres
1374 4271 1550 4334 occasione
1566 4272 1758 4349 hujusmodi
1781 4287 1903 4334 conco.

291 4344 472 4397 mamus·
1105 4369 1211 4446 pistis,
1233 4367 1409 4431 ambuletis
1424 4370 1459 4430 in
1475 4371 1623 4432 caritatis
1642 4370 1762 4446 spiritu
1771 4371 1806 4430 at
1819 4370 1900 4431 nni-

296 4463 784 4542 Honoriusepiscopus,seruus
795 4481 967 4528 servorum
978 4468 1048 4538 Dei,
1104 4467 1183 4529 tatis
1198 4466 1332 4529 vinculo
1347 4483 1421 4528 curn
1434 4467 1570 4539 eisdem,
1580 4465 1899 4543 eorumproiectum,

255 4561 525 4624 dilectiisfiliis...
542 4561 701 4638 magistro
715 4564 748 4625 et
762 4562 921 4626 hatribns
933 4564 1050 4626 domus
1105 4565 1191 4628 sicut
1214 4565 1309 4627 decet
1333 4565 1424 4626 viros
1448 4563 1636 4638 religiosos
1655 4563 1826 4640 proprium
1845 4580 1902 4626 re·

255 4659 383 4722 militiae
398 4659 537 4736 Templi,
556 4659 710 4733 salutem,
722 4661 785 4722 etc.
1104 4663 1268 4739 putantes,
1286 4663 1333 4724 ita
1344 4661 1430 4738 quod
1447 4659 1535 4721 idem
1551 4660 1742 4737 imperator,
1762 4675 1837 4722 cum
1852 4661 1899 4722 il-

295 4758 423 4830 Qnanto
438 4772 499 4818 vos
524 4757 680 4834 ampliori
705 4757 845 4820 caritate
867 4759 1047 4836 diligimus,
1104 4761 1169 4832 luc,
1182 4761 1250 4821 Deo
1266 4759 1375 4831 dante,
1400 4757 1599 4836 pervenerit,
1616 4756 1798 4820 fraternam
1814 4758 1901 4820 inter

253 4855 346 4920 tanto
372 4855 468 4917 nobis
495 4856 638 4933 amplius
667 4854 868 4934 displiceret,
894 4856 934 4928 si,
963 4859 1049 4934 quod
1103 4856 1328 4919 vosinveniat
1351 4855 1523 4926 unitatem,
1548 4855 1637 4932 quia,
1654 4854 1684 4916 si
1703 4855 1901 4918 aliterlace·

254 4953 352 5026 ahmt,
379 4953 640 5030 reprehensione
675 4969 735 5014 sau
765 4954 865 5016 etiarn
892 4953 1049 5016 irrisione
1103 4955 1196 5022 retis,
1210 4969 1276 5012 non
1289 4952 1397 5012 solnm
1409 4951 1635 5028 apostolicam
1648 4953 1900 5030 etimperialem

255 5043 391 5128 dignum
405 5051 532 5127 aliquid
545 5049 710 5113 faceretis.
729 5051 899 5128 Siquidem
912 5051 1050 5128 privile-
1104 5049 1320 5111 incurreretis
1333 5047 1507 5122 offensam,
1523 5065 1641 5112 verum
1661 5051 1761 5111 etiarn
1785 5051 1821 5112 in
1841 5051 1901 5111 de-

254 5149 311 5226 gia
322 5147 484 5209 'iratribus
501 5146 618 5208 domus
633 5147 762 5209 sanciae
775 5147 891 5209 Mariae
903 5149 1049 5210 Theuto-
1104 5147 1297 5208 tractionem
1309 5147 1455 5208 vestram
1466 5162 1525 5209 ora
1534 5146 1757 5223 quorumlibet
1765 5147 1900 5209 audien·
2003 5135 2008 5147 '

254 5247 405 5309 nicarum
416 5229 457 5306 ab
471 5245 660 5321 apostolica
674 5245 758 5306 Sede
772 5259 931 5306 concessa
945 5245 1049 5306 mani·
1104 5243 1185 5304 tium
1201 5243 1373 5330 laxaretis.
1390 5244 1509 5306 Datum
1526 5243 1652 5313 verul„
1668 5247 1728 5305 XV
1738 5242 1899 5305 kalendas

254 5344 337 5406 leste
353 5343 590 5414 demonstrant,
602 5341 689 5419 qrrod
709 5341 789 5403 ordo
804 5341 914 5401 vester
927 5341 964 5400 in
979 5342 1049 5402 cle-
1103 5341 1195 5414 maii,
1209 5341 1421 5420 ponlilicatus
1437 5341 1543 5403 nostri
1556 5356 1643 5402 anno
1659 5342 1765 5402 sexto.

290 5500 331 5575 (l)
352 5502 393 5558 De
407 5501 530 5559 Lucanis
552 5500 600 5571 qui
612 5511 668 5555 una
681 5511 747 5555 cum
762 5499 894 5555 Pareniio
910 5497 1046 5556 ecclesia·
1104 5505 1161 5555 tate
1174 5507 1341 5573 exegerant,
1361 5501 1409 5571 qui
1434 5499 1463 5556 in
1481 5499 1606 5556 deterius
1627 5504 1743 5555 ruentes
1756 5496 1898 5554 interdicti

253 5587 316 5631 rum
334 5571 410 5630 hona
425 5572 600 5637 invaserant,
616 5570 663 5640 qui
678 5569 889 5626 ecclesiasticos
904 5568 979 5626 viros
994 5570 1046 5628 du·
1102 5572 1273 5628 sententiam
1292 5573 1320 5628 in
1335 5585 1366 5628 se
1382 5571 1469 5628 latam
1482 5568 1714 5638 contemnebant,
1728 5566 1775 5626 hic
1790 5569 1895 5642 agitur.

254 5643 559 5709 nissimevexaverant,
573 5640 620 5712 qui
635 5639 800 5711 episcopum
814 5645 842 5696 et
854 5639 960 5697 clerum
976 5640 1045 5698 civi-

1976 5627 1989 5677 i
2097 5599 2098 5686 l
