4222 6374
274 277 315 342 te
827 365 834 374 ¹
896 271 1074 346 sonesti
1094 287 1140 348 111
1160 289 1308 351 ornan.
1879 291 1920 352 ro

277 452 351 502 eam
369 438 410 502 de
421 455 564 517 persona
578 441 737 515 litterata,
754 443 787 505 et
796 441 915 506 idonea
928 443 1070 507 invene·
1118 447 1248 521 tuctur,
1259 448 1306 510 lta
1318 448 1474 512 videlicet
1487 437 1524 520 ut
1536 447 1774 514 decedentibus
1790 447 1919 530 ailqui-

276 536 351 598 ritis
376 538 536 599 canonice
561 537 779 612 celebratam,
795 539 901 617 ipsam
923 541 1070 604 aucteri-
1123 543 1185 606 bus
1199 561 1242 606 ex
1266 546 1391 608 eisdem
1413 545 1569 609 alienon
1591 545 1834 609 substituantur
1853 545 1921 608 lbi-

276 633 345 696 tate
356 633 546 712 apostolica
559 635 761 698 confirmetis
773 635 806 698 et
819 635 951 698 iaciatm
963 637 1069 700 electo
1124 640 1209 714 dem,
1231 642 1337 704 donec
1349 645 1498 722 ipsarum
1523 643 1699 706 multitudo
1723 643 1919 705 monialium

276 745 396 792 munus
418 729 658 793 benedictionis
677 731 814 808 imponi.
834 732 926 804 Quod
950 733 980 794 si
1002 747 1069 794 non
1124 737 1164 798 ad
1180 739 1337 800 statutum
1352 755 1526 801 numerum
1540 741 1722 816 redigatur,
1746 740 1812 801 nisi
1833 739 1919 802 torte

148 825 153 830 '
276 827 1068 908 omnesetc.DatumLaterani,idibusjanuarii,

276 924 489 1001 pontificatus
498 925 603 986 nostri
619 939 706 987 anno
722 927 831 988 sexte.

610 1217 740 1306 xdlll

275 1369 329 1438 Ad
355 1367 510 1433 abbatem
532 1367 566 1434 et
590 1370 796 1456 convent-unp
817 1370 1069 1438 cluniacenses.

535 1499 570 1562 11
585 1498 709 1573 januarii
726 1498 805 1562 1222.

306 1619 426 1688 [nerse.
438 1621 483 1673 lib.
495 1621 539 1686 vl,
549 1621 622 1688 epist.
634 1621 692 1673 leo.
704 1623 762 1674 llss.
776 1622 812 1674 La
825 1621 902 1674 Perte
914 1619 949 1674 dn
960 1621 1055 1687 enen]

277 1745 433 1806 Licentiam
447 1746 577 1810 concedit
596 1747 692 1806 Sancti
711 1747 842 1820 llugonis
858 1761 963 1821 corpus
977 1753 1068 1805 nans·

434 1833 544 1892 serendi
558 1835 586 1892 in
605 1835 699 1892 locum
713 1833 910 1894 celebriorem.

315 1961 495 2030 Honorius,
522 1962 602 2034 eto,
633 1961 764 2024 dilectis
791 1961 871 2022 tiliis
896 1959 1009 2024 abbati
1037 1961 1071 2023 et

276 2058 454 2120 conventui
470 2059 674 2132 Cluniacen.,
690 2059 842 2133 salutem,
856 2059 920 2121 etc.

317 2158 475 2234 Experto
489 2157 601 2218 vestra
617 2155 678 2218 luit
691 2155 787 2218 nobis
802 2155 975 2220 humiliter
991 2171 1072 2233 sup-

275 2251 445 2330 plicatum,
459 2253 496 2315 ut
509 2269 585 2315 cum
596 2267 717 2331 corpus
728 2253 817 2316 beati
828 2253 977 2330 lingonis
989 2269 1073 2314 con-

277 2350 427 2424 tessoris,
439 2366 537 2428 quern
551 2350 658 2412 felicis
673 2350 842 2414 memoriae
855 2351 1070 2414 Innocentius

275 2462 362 2524 papa
377 2450 418 2520 ll,
431 2448 656 2526 praedecessor
669 2449 784 2511 noster
798 2449 990 2514 sanctorum
1007 2463 1070 2509 ca-

274 2544 1071 2622 talogoaggregavitsitinnimishumililocese

274 2641 1070 2719 pultum,illudinlocumoelebrloremtransierri

273 2739 315 2800 de
338 2739 452 2800 nostra
471 2739 692 2814 permissione
715 2737 842 2802 liceret.
872 2738 941 2801 Nos
967 2739 1071 2814 igitur

274 2833 341 2916 piis
353 2835 507 2912 precibus
516 2837 636 2900 vestris
646 2836 828 2914 benignum
841 2836 1069 2913 impertientes

274 2935 670 3006 assensum,auctoritate
677 2935 892 3011 praesentium
901 2934 1070 2996 licentiam

274 3025 370 3090 robis
379 3027 592 3090 concedimus
607 3029 820 3105 postulatam.
838 3031 957 3090 Datum
971 3029 1072 3090 11116-

276 3125 363 3195 rani,
388 3127 478 3185 XVII
493 3124 657 3186 kalendas
669 3124 841 3196 februarii,
859 3123 1071 3203 pontitlcatus

277 3221 383 3284 nostri
402 3237 490 3283 anno
513 3221 619 3284 sexto.

610 3481 735 3570 XCIV

377 3635 428 3695 aa
454 3633 736 3696 sermenem
761 3633 970 3707 mammam

303 3829 306 3836 ,
539 3763 572 3822 17
586 3762 710 3836 januarii
726 3758 805 3821 1222.

309 3889 430 3956 [1163661Ἰ
441 3886 486 3938 lib.
502 3885 544 3946 vi,
556 3886 632 3954 epist.
642 3885 696 3938 let.
707 3886 934 3938 desinentem
946 3886 1039 3952 insit]

1123 833 1159 894 in
1178 835 1307 897 tantum
1322 837 1515 900 eorumdem
1534 837 1740 914 prioratuum
1755 848 1920 899 excreve-

1124 931 1192 994 rint
1211 931 1390 996 facultates
1406 934 1492 1012 qnod
1507 935 1620 1012 plures
1634 934 1670 995 in
1685 935 1735 996 eis
1758 933 1921 995 moniales

1124 1028 1257 1092 valeant
1289 1045 1436 1109 congrue
1466 1032 1657 1094 sustentari.
1686 1034 1795 1104 Quare
1822 1029 1922 1093 nobis

1125 1125 1297 1190 humiliter
1317 1127 1523 1206 supplicasti,
1545 1129 1582 1191 ut
1595 1143 1697 1206 super
1709 1129 1764 1190 his
1777 1127 1921 1206 Aposto-

1124 1223 1198 1285 llcae
1206 1223 1421 1301 dignaremur
1431 1226 1635 1304 provisionis
1647 1226 1763 1288 oculos
1774 1225 1920 1303 aperire.

1124 1319 1194 1383 Nos
1208 1321 1311 1398 igitur
1324 1323 1457 1401 plenam
1479 1323 1521 1385 de
1533 1321 1734 1386 discretione
1753 1322 1811 1386 tua
1831 1321 1919 1383 ildu-

1124 1418 1211 1480 ciam
1232 1419 1431 1495 obtinentes,
1453 1421 1667 1499 praesentinm
1689 1419 1751 1482 tibi
1772 1419 1921 1483 auctori-

1123 1515 1195 1578 tate
1212 1517 1418 1592 mandamus,
1438 1519 1601 1596 quatenns
1615 1517 1651 1579 ln
1670 1515 1770 1580 dictis
1788 1517 1922 1596 priora·

1123 1611 1212 1675 tibus
1225 1615 1352 1676 statuas
1363 1613 1449 1693 quod
1459 1614 1557 1678 saluti
1570 1615 1755 1676 animarum
1767 1613 1922 1677 seruien-

1124 1709 1207 1771 tium
1221 1711 1256 1771 in
1269 1710 1394 1772 eisdem
1406 1713 1439 1774 et
1449 1713 1597 1796 ipsarum
1612 1711 1830 1773 ecclesiarum
1852 1710 1921 1772 nti-

1124 1806 1211 1868 litati
1244 1807 1425 1870 secundum
1453 1809 1557 1870 Deum
1586 1807 1712 1870 rideris
1749 1805 1918 1886 expedire.

1124 1904 1242 1965 Datum
1269 1905 1437 1978 Laterani,
1466 1907 1541 1967 XVI
1566 1903 1728 1967 kalendas
1744 1903 1919 1976 februarii,

1125 2015 1212 2062 anno
1227 2001 1334 2062 sexto.

1123 2401 1433 2480 Admaptstrumet
1443 2403 1703 2478 tratrecdomus
1715 2399 1921 2462 DetScnctce

1304 2499 1501 2563 Cetbardnce
1517 2499 1742 2560 Peristensts.

1392 2631 1424 2690 17
1434 2629 1559 2704 januarii
1575 2629 1653 2690 1222

1126 2750 1261 2814 [deliniam
1272 2751 1383 2804 Histoire
1392 2752 1424 2804 de
1433 2751 1512 2812 Paris,
1527 2753 1565 2812 ill,
1576 2753 1621 2812 673
1632 2751 1761 2815 italiogre,
1772 2749 1921 2814 antiquitis

1294 2832 1325 2884 de
1339 2831 1420 2892 Paris,
1434 2832 1481 2884 een
1493 2839 1519 2884 et
1528 2833 1567 2884 Du
1580 2832 1664 2891 Brcul,
1677 2832 1745 2898 9111]
1852 2899 1855 2908 Ι

1157 2945 1215 3006 Sub
1228 2943 1304 3004 beati
1319 2947 1393 3006 Petri
1406 2953 1435 3006 et
1448 2961 1500 3006 sua
1516 2950 1691 3021 protectione
1705 2950 1822 3010 domum
1833 2953 1888 3012 Del

1300 3035 1412 3093 Sancte
1431 3034 1592 3094 catharinae
1608 3039 1736 3111 suscipit.

1164 3161 1332 3222 Honorius
1343 3161 1529 3240 episcopus,
1540 3179 1836 3228 servusserrorum
1846 3165 1918 3242 Dei,

1125 3257 1254 3319 dilectis
1265 3258 1343 3319 filiis
1352 3258 1511 3334 magistro
1518 3261 1551 3322 et
1558 3262 1729 3323 Fratribus
1737 3262 1921 3340 Hospitalis

1126 3355 1242 3417 domus
1267 3355 1326 3417 Dei
1347 3355 1477 3418 Sancta
1499 3357 1687 3420 catharinae
1702 3360 1916 3432 Parisiensis,

1125 3452 1264 3514 salutem
1279 3452 1312 3515 et
1326 3451 1545 3529 apostolicam
1566 3453 1839 3516 benedictionem.

1165 3550 1247 3610 Cum
1270 3562 1289 3609 a
1314 3548 1410 3610 nobis
1432 3550 1556 3626 petitur
1579 3549 1665 3626 quod
1676 3549 1804 3626 justum
1818 3551 1869 3612 est
1886 3551 1922 3616 et

1125 3645 1310 3718 honestum,
1328 3647 1397 3710 tarn
1417 3646 1515 3722 rigor
1538 3645 1705 3723 aequitatis
1725 3662 1824 3724 quam
1838 3647 1921 3710 ordo

1126 3744 1232 3820 exigit
1242 3743 1393 3816 rationis,
1408 3745 1444 3806 ut
1456 3743 1490 3826 id
1505 3753 1564 3822 per
1577 3743 1835 3806 sollicitudinem
1848 3743 1922 3807 om-

1126 3840 1169 3902 cii
1191 3841 1297 3902 nostri
1321 3841 1361 3902 ad
1378 3840 1522 3903 debitum
1537 3840 1738 3918 perducatur
1751 3840 1918 3902 effectum.

1126 3939 1172 3998 lia
1188 3937 1332 4016 propter,
1354 3935 1464 4000 dilecti
1489 3936 1683 4000 innomine
1705 3935 1777 4009 tilii,
1796 3939 1919 4000 vestris

278 4016 333 4074 litt
344 4013 384 4072 11Ιὶ
399 4013 542 4070 licentiaco
554 4009 698 4072 8111191111
713 4011 789 4084 (111011
803 4009 963 4074 muudum
977 4012 1068 4074 mum
1123 4033 1224 4114 justis
1252 4031 1531 4112 postulationibus
1559 4035 1654 4110 grato
1682 4033 1919 4096 concurrentes

313 4101 417 4162 viderit
432 4099 565 4173 expedire
581 4099 667 4156 saluti
688 4101 847 4159 animarum
863 4101 891 4158 in
902 4097 1072 4178 priorsu'bus
1126 4145 1277 4203 assensu,
1291 4146 1451 4207 personas
1472 4129 1602 4194 vescas
1626 4131 1659 4194 et
1673 4129 1782 4194 locum
1801 4131 1838 4193 in
1857 4148 1922 4209 quo

312 4189 480 4251 ¹¹¹⁰ffl³fi¹¹¹¹¹
501 4186 587 4246 f⁰⁰²¹⁸
602 4187 727 4248 Ebfflu‘u
741 4202 805 4260 (ΨΒ
819 4195 934 4262 9²⁰⁹¹⁰¹
951 4201 1071 4250 ”umam
1127 4227 1239 4288 divino
1255 4227 1335 4289 estis
1351 4227 1510 4305 obsequio
1525 4227 1717 4304 mancipati,
1734 4243 1809 4289 curn
1820 4229 1924 4289 omni·

314 4285 509 4352 mmmm
522 4291 551 4336 ¹¹¹
565 4277 738 4336 ¹⁰⁰⁰⁰¹¹¹¹¹¹¹¹¹
753 4275 925 4338 mmmm·
1125 4323 1187 4386 bns
1202 4323 1299 4386 bonis
1312 4341 1385 4402 quae
1407 4325 1443 4385 in
1462 4325 1716 4401 praesentiarum
1735 4321 1921 4387 rationabi-

318 4423 497 4496 Honorius,
514 4421 588 4495 etc„
607 4419 791 4484 venerabili
807 4419 903 4482 tratri
917 4419 1073 4482 Suessio-
1125 4421 1202 4484 liter
1216 4421 1406 4497 possidetis,
1420 4423 1477 4484 aut
1491 4422 1527 4482 ln
1539 4420 1688 4484 suerrum
1695 4422 1796 4498 justis
1809 4421 1920 4483 modis

278 4537 356 4583 nen.
373 4519 542 4599 episcopo.
1125 4518 1303 4596 prestante
1333 4519 1472 4579 Domino
1498 4519 1650 4596 poteritis
1678 4517 1832 4597 adipisci,
1858 4518 1919 4581 sub

316 4621 387 4682 Tua
399 4615 693 4680 nobisiraternitas
707 4614 886 4688 intimavit,
897 4611 1070 4693 quodcum
1124 4613 1213 4677 beati
1237 4614 1328 4676 Petri
1350 4616 1382 4678 et
1400 4615 1514 4676 nostra
1538 4615 1744 4692 protectione
1772 4615 1919 4693 sttsclpi-

276 4719 312 4779 ln
327 4715 462 4779 dioecesi
471 4715 530 4776 tua
544 4713 676 4791 quidam
692 4712 860 4789 prioratus
874 4709 1069 4772 monialium
1124 4727 1210 4781 mus,
1235 4713 1269 4774 et
1292 4711 1468 4790 praesentis
1488 4711 1603 4789 scripti
1623 4713 1810 4790 patrocinio
1824 4727 1919 4774 cem-

276 4808 1069 4885 tontisbibraudiconsistant,m0nialesipsorum
1124 4811 1302 4872 munimus.
1326 4807 1420 4870 Nulli
1438 4823 1518 4885 ergo
1533 4809 1668 4870 omnino
1690 4809 1862 4870 bominum
1875 4809 1920 4869 ll·

276 4911 475 4990 essequod
491 4923 558 4987 prae
574 4907 677 4969 nlrnla
702 4905 915 4968 multitudine
931 4904 973 4967 de
987 4921 1069 4982 pro·
1124 4909 1198 4969 caat
1209 4907 1296 4968 banc
1313 4907 1607 4984 paginamnostrae
1629 4906 1844 4984 protectionis
1864 4906 1920 4966 ln-

277 5011 361 5087 prits
386 5007 598 5070 securitatibus
622 5005 802 5067 sustentari
827 5017 894 5065 non
917 5002 1066 5081 possunt,
1123 5000 1281 5081 fringere,
1303 5004 1357 5065 vel
1380 5003 1412 5066 ei
1433 5019 1517 5064 ausu
1530 5004 1710 5066 temerario
1737 5004 1915 5066 contraire.

276 5107 313 5169 in
328 5105 543 5178 lenocinium,
558 5103 591 5166 et
607 5103 674 5165 alia
687 5101 853 5179 impudica
871 5101 905 5163 et
918 5101 1068 5162 enormia
1124 5102 1244 5179 Siquis
1258 5101 1369 5163 autem
1388 5101 1451 5162 hoc
1471 5101 1635 5164 attentare
1655 5102 1915 5178 presumpserit,

277 5198 857 5282 plerumquepropterintolerabilem
864 5199 1068 5275 paupertatis
1122 5199 1385 5275 indignationem
1412 5198 1647 5275 omnipotentis
1662 5200 1733 5274 Del,
1755 5198 1918 5261 61116116-

276 5301 422 5379 inopiam
434 5296 669 5360 miserabiliter
681 5294 887 5368 incidunt,in
901 5309 971 5358 suae
982 5295 1069 5357 salu·
1122 5311 1195 5356 rum
1211 5295 1302 5357 Petri
1320 5294 1354 5356 et
1368 5295 1464 5356 Pauli
1478 5295 1703 5371 apostolorum
1716 5298 1788 5373 ejus
1802 5311 1839 5357 se
1850 5309 1917 5357 nc-

275 5401 320 5462 tis
345 5395 554 5476 dispendium
567 5395 600 5457 et
622 5393 816 5456 scandalum
834 5393 1065 5470 plurimorum.
1122 5392 1208 5455 verit
1221 5394 1444 5455 incursurum.
1458 5393 1577 5453 Datum
1588 5393 1756 5465 Laterani,
1769 5394 1845 5454 XVI
1860 5393 1918 5454 ka-

277 5497 371 5562 Unde
384 5495 565 5558 tibivisum
585 5493 636 5554 est
650 5491 819 5570 expedire,
837 5489 923 5552 utin
939 5490 1067 5553 eisdem
1121 5490 1237 5552 lendas
1262 5489 1434 5563 februarii,
1460 5489 1671 5566 pontificatus
1695 5489 1801 5552 noent
1826 5504 1915 5554 enne

275 5593 477 5677 prioratibus
491 5593 600 5655 certus
615 5589 809 5653 monialium
820 5601 979 5651 numerus
998 5589 1068 5651 sta·
1122 5589 1227 5650 sexto.
