4226 6372
941 235 1117 298 HONORII
1140 235 1185 294 ΙΙΙ
1207 235 1354 296 OPERA.

683 409 769 498 LXI

368 567 420 626 Ad
433 563 618 638 caprimum
630 563 663 624 et
678 565 873 638 episcopum
887 565 1080 638 spirenses,

596 693 614 751 o
632 693 761 750 decemb.
778 693 856 752 1111.

439 817 692 882 [wirtembergisches
702 816 772 875 Urb,
786 817 828 874 lii,
844 815 899 874 208,
909 830 934 865 n.
948 815 1014 880 7211]

328 944 570 1017 Compositionem
593 942 667 999 iuter
692 944 885 1014 Berengerum
908 941 1075 1013 episcopum
1096 947 1124 998 et

364 1033 519 1105 capitulum
540 1032 688 1103 spirenses
707 1045 741 1086 ev
760 1045 814 1086 uua
829 1037 908 1102 parte
921 1037 949 1086 et
963 1027 1123 1088 Conradum

364 1121 531 1193 episcopum
546 1126 574 1175 et
594 1118 749 1190 capitulum
770 1119 1009 1176 constancienses
1028 1133 1062 1173 ex
1087 1116 1125 1173 al·

364 1217 437 1277 tera,
456 1208 491 1265 de
506 1207 628 1264 ecclesia
643 1205 678 1262 da
694 1207 864 1279 Ezzelingen
884 1202 998 1262 iactam.

368 1335 535 1396 Honorius
545 1332 731 1409 episcopus,
745 1347 862 1392 servus
872 1346 1043 1392 servorum
1051 1330 1122 1402 Dei,

330 1431 514 1494 venerabili
535 1427 631 1490 111111
657 1429 811 1506 episcopo
829 1432 862 1490 et
886 1427 1015 1488 dilectis
1033 1428 1122 1498 filiis,

330 1529 477 1606 capitulo
502 1525 662 1604 Spirensi,
685 1525 875 1586 salutemet
901 1525 1123 1603 Apostolicam

328 1625 601 1688 benedictionem.

369 1725 415 1784 Ea
431 1739 503 1800 quae
522 1719 650 1798 judicio
669 1719 722 1782 vel
744 1719 922 1782 concordia
936 1720 1122 1781 terminan-

329 1823 385 1882 tur
397 1820 492 1882 tirma
508 1818 629 1879 debent
642 1820 675 1880 et
690 1817 818 1879 illibata
831 1817 1010 1894 persistere
1025 1818 1067 1889 et,
1082 1831 1124 1876 ne

327 1918 363 1978 in
386 1917 542 1978 recidivae
560 1915 783 1976 contentionis
811 1915 1001 1992 scrupulum
1030 1913 1123 1974 1111-
1155 1981 1156 1986 γ

328 2013 459 2085 bantur,
474 2013 665 2088 apostolico
680 2013 835 2073 convenit
860 2012 1018 2088 praesidio
1034 2027 1125 2071 com-

330 2111 465 2172 muniri.
485 2113 531 2170 Ea
552 2110 696 2186 propter,
720 2107 921 2170 venerabilis
937 2109 973 2168 in
994 2107 1124 2168 Christo

329 2207 434 2270 frater
457 2207 610 2283 episcope
634 2206 667 2267 et
694 2205 808 2266 dilecti
832 2206 868 2265 in
896 2205 1035 2266 Domino
1062 2203 1123 2264 tilii

330 2304 533 2382 capitulum,
570 2303 690 2364 vestris
719 2301 997 2380 postulationibus
1029 2306 1123 2377 grato

331 2403 568 2464 concurrentes
591 2414 741 2468 assensu,
764 2399 1035 2476 compositionem
1050 2415 1123 2475 quaa

330 2498 419 2560 inter
446 2513 517 2568 vos,
539 2513 583 2558 ex
602 2513 666 2557 una
696 2498 807 2573 parte,
833 2497 867 2558 et
895 2495 1122 2558 venerabilem

330 2593 467 2658 tratrem
501 2594 652 2654 nostrum
686 2593 878 2670 episcopum
915 2594 948 2654 et
986 2592 1123 2654 dilectos

330 2693 428 2764 illios,
453 2690 634 2768 capitulum
658 2691 916 2752 Constanciense
940 2706 983 2751 ex
1004 2690 1121 2762 altera,

330 2805 430 2867 super
460 2787 601 2850 ecclesia
637 2788 677 2848 de
715 2787 920 2862 Ezzelingen,
958 2788 1124 2850 mediante

328 2885 513 2950 venerabili
540 2884 643 2946 111111
658 2885 771 2946 nostro
789 2886 824 2944 C.
842 2885 1018 2946 Portuensi
1040 2885 1125 2961 epis·

330 3001 424 3062 copo,
443 2981 641 3060 Apostolicae
658 2982 752 3042 Sedis
766 2982 886 3058 legato,
901 2981 1123 3044 amicabiliter

328 3081 519 3151 intervenit,
535 3079 621 3140 sicut
637 3079 701 3139 rite
717 3079 789 3140 siue
805 3079 969 3155 pravitate
987 3079 1123 3156 provide

329 3179 416 3240 facta
427 3178 478 3240 est
490 3179 523 3238 et
538 3176 578 3236 ab
594 3177 732 3253 utraque
748 3180 841 3252 parto
860 3180 976 3252 sponte
990 3178 1123 3252 recepta

327 3277 360 3338 et
374 3276 534 3338 hacteuus
549 3273 686 3350 pacifice
701 3273 887 3344 observata,
901 3288 940 3334 ac
955 3275 989 3333 in
1003 3274 1123 3336 litteris

328 3374 450 3434 exinde
469 3371 628 3433 coniectis
652 3370 782 3446 plenius
806 3370 928 3446 dicitur
946 3371 1120 3442 contineri,

330 3469 527 3532 auctoritate
539 3468 731 3545 Apostolioa
747 3467 981 3528 confirmamus
995 3469 1028 3530 et
1042 3484 1124 3544 prae-

330 3565 434 3628 sentis
449 3561 564 3642 scripti
576 3565 761 3643 patrocinio
770 3565 1021 3626 communimus.
1031 3566 1123 3627 Nulli

329 3679 409 3740 ergo
421 3663 555 3725 omnino
573 3661 745 3724 bominum
758 3661 858 3724 liceat
870 3662 956 3724 hanc
968 3664 1122 3740 paginam

329 3763 451 3824 nostrae
474 3759 735 3822 confirmationis
773 3759 966 3834 intringere,
1000 3761 1053 3821 vel
1092 3761 1123 3822 ei

329 3875 415 3920 ausu
442 3858 620 3920 temerario
657 3857 833 3918 contraire.
864 3857 898 3917 Si
922 3859 996 3933 quis
1013 3860 1122 3919 autem

329 3955 393 4018 boc
408 3956 570 4017 attentare
585 3953 843 4031 praesumpserit,
859 3953 1122 4032 indignationem

328 4052 562 4129 omnipotentis
577 4051 637 4112 Dei
648 4052 680 4112 et
693 4050 866 4112 beatorum
876 4051 965 4112 Petri
979 4052 1012 4112 et
1025 4051 1122 4112 Pauli

329 4150 553 4227 apostolorum
582 4151 655 4224 ejus
684 4163 719 4208 se
744 4147 874 4209 noverit
896 4148 1119 4208 incursurum.

329 4249 447 4310 Datum
471 4247 585 4317 Reate,
610 4245 708 4306 nonis
733 4243 928 4318 decembris,
954 4245 1123 4322 pontifica-

329 4345 383 4406 tus
395 4343 500 4404 nostri
514 4357 602 4402 anno
617 4341 756 4404 decimo.

671 4563 779 4648 LXII

354 4709 406 4768 Ad
417 4707 594 4776 1111111111,
611 4705 790 4766 cauctorem
803 4704 836 4765 et
854 4704 1094 4768 scholasticum

408 4807 615 4874 insulenses,
633 4805 858 4863 Tornaoeosis
873 4805 1039 4864 dtoeoests.

590 4932 624 4990 111
637 4929 766 4988 decemb.
783 4929 862 4988 1111.

347 5059 468 5121 suspect,
484 5053 528 5105 lib.
542 5053 587 5112 lx,
600 5051 675 5117 epist.
688 5052 741 5102 tac.
755 5051 811 5102 1111.
822 5051 946 5103 carone
956 5053 991 5104 dn
1003 5053 1098 5119 Tbeil]

329 5175 446 5239 Mandat
457 5172 509 5236 eis,
520 5175 550 5226 ut
562 5168 753 5240 jurameutum
766 5167 902 5235 relaxent,
919 5167 994 5239 quod
1010 5183 1119 5242 praepo·

364 5267 435 5324 situs
450 5263 478 5318 S.
490 5255 745 5327 Audomariisuper
754 5255 925 5312 alienatione
935 5257 1121 5327 quarumdam

364 5353 495 5412 villarum
508 5344 764 5424 adpreposituram
772 5345 961 5416 spectantium
973 5346 1120 5404 anteelcc·

364 5444 472 5502 tionem
482 5447 564 5492 suam
582 5433 696 5490 incaute
711 5431 891 5504 prestiterat.

1919 239 1986 298 9110

1178 403 1308 464 dilectis
1319 401 1435 462 tiliis...
1446 402 1759 475 decano.:.cautori,
1777 403 1984 466 1111110111-

1177 499 1244 560 1110
1260 498 1497 572 imolensibus,
1511 501 1733 562 ‘tornacensis
1746 501 1915 574 dioecesis,
1930 517 1988 562 sa·

1178 597 1368 664 lutem,otc.

1219 695 1371 770 Suscepti
1397 709 1477 754 cura
1502 695 1676 770 regiminis
1701 711 1761 756 nos
1782 696 1927 767 inducit,
1948 701 1989 757 ut

1178 807 1238 866 pro
1253 793 1341 853 statu
1367 792 1585 853 ecclesiarum
1600 793 1706 852 simus
1730 793 1880 864 solliciti,
1895 797 1931 854 et
1949 795 1988 854 ut

1178 904 1243 948 non
1255 888 1507 950 diminutionem
1519 891 1680 960 incurrat,
1695 889 1751 950 sed
1764 891 1876 966 potius
1893 907 1990 965 aug·

1178 987 1650 1061 mentumsusoipiatdiligenti
1663 988 1772 1048 studio
1782 989 1988 1063 prospicere

1179 1081 1368 1142 debeamus
1398 1083 1491 1142 Unde
1518 1099 1593 1143 cum
1620 1084 1770 1144 Ecclesia
1805 1085 1865 1144 Dei
1900 1083 1986 1144 dis-

1178 1179 1285 1240 tracta
1300 1180 1344 1240 sit
1370 1180 1439 1239 suis
1455 1179 1683 1254 dignitatibus,
1714 1181 1746 1240 et
1770 1179 1907 1252 officiis,
1937 1197 1988 1240 ex

1180 1291 1319 1352 quorum
1334 1275 1429 1352 lapsu
1444 1279 1515 1352 ejus
1523 1277 1983 1353 contingitstatuiderogari,

1180 1371 1208 1432 si
1224 1373 1356 1449 quando
1372 1374 1634 1434 ecclesiasticum
1655 1373 1879 1434 ministerium
1890 1377 1988 1452 pati-

1178 1472 1235 1530 tur
1249 1470 1492 1542 detrimentum,
1512 1487 1612 1547 quum
1636 1487 1692 1532 res
1715 1472 1877 1544 animata,
1903 1489 1985 1550 quae

1179 1583 1293 1628 casum
1309 1583 1404 1628 suum
1429 1584 1595 1645 exponere
1615 1570 1726 1631 valeat
1746 1585 1813 1630 uon
1835 1571 1981 1641 existat,

1179 1665 1271 1725 nullo
1286 1666 1385 1726 etiam
1412 1668 1634 1742 prosequente
1658 1667 1721 1728 sibi
1736 1668 1787 1728 est
1797 1683 1856 1743 per
1881 1668 1985 1728 Sedis

1178 1762 1376 1838 Apostolicae
1390 1763 1631 1838 providentiam
1645 1758 1922 1825 succurrendum.
1932 1765 1986 1824 Ad

1179 1861 1325 1920 nostram
1342 1875 1422 1920 sane
1442 1859 1645 1922 audientiam
1666 1860 1827 1922 noveritis
1850 1877 1986 1937 perve-

1179 1957 1280 2028 nisse,
1301 1959 1388 2033 quod
1424 1947 1563 2033 quum...
1588 1959 1786 2035 praepositus
1824 1960 1985 2020 ecclesiae

1180 2055 1292 2116 Sancti
1305 2055 1495 2128 Andomari,
1509 2056 1673 2117 Morinen.
1698 2056 1864 2127 dioecesis,
1877 2057 1984 2118 villas

1179 2149 1307 2213 scilicet
1335 2153 1486 2224 Escham,
1526 2153 1768 2228 Abirmghiem,
1799 2153 1933 2214 Eucbin
1964 2170 1985 2214 a

1180 2250 1326 2325 tempore
1351 2251 1446 2326 cujus
1461 2265 1528 2310 non
1550 2252 1642 2312 11111
1666 2252 1827 2311 memoria
1856 2267 1985 2327 posse-

1178 2348 1292 2418 disset,
1312 2351 1349 2408 G.
1371 2349 1519 2424 ejusdem
1534 2349 1686 2410 ecclesiae
1710 2350 1890 2426 praeposito
1909 2367 1983 2410 na-

1178 2446 1261 2506 turae
1276 2445 1420 2506 debitum
1437 2445 1657 2521 persolvente,
1675 2447 1858 2522 capitulum
1881 2450 1983 2524 ejus-

1179 2541 1252 2602 dem
1288 2543 1454 2614 ecclesiae,
1494 2543 1592 2604 villas
1633 2543 1766 2604 easdem
1807 2543 1848 2604 de
1889 2543 1982 2605 iacto

1179 2654 1253 2700 cum
1278 2640 1318 2700 de
1335 2643 1413 2716 juro
1434 2641 1621 2716 nequiverit
1643 2642 1872 2717 praepositurae
1891 2642 1981 2702 sub-

1178 2736 1291 2809 traxit,
1314 2737 1487 2798 statuendo
1510 2737 1550 2798 ad
1571 2737 1823 2813 praebendarum
1838 2755 1981 2800 suarum

1179 2835 1391 2910 augmentum
1435 2836 1471 2896 ut
1511 2851 1647 2896 censum
1695 2837 1827 2897 centum
1874 2853 1982 2898 sexa-

1178 2933 1271 3008 ginta
1308 2932 1469 2992 librarum
1506 2933 1672 2994 currentis
1713 2935 1853 2994 monetae
1892 2935 1981 3010 ipsis

1178 3029 1356 3090 redderent
1370 3029 1552 3102 annuatim,
1569 3032 1602 3091 et
1622 3030 1838 3105 astringendo
1853 3032 1984 3092 sevin-

1178 3127 1253 3187 culo
1266 3127 1460 3203 Juramenti,
1478 3130 1514 3189 ut
1534 3129 1731 3206 quicumque
1745 3142 1804 3204 pro
1824 3131 1981 3204 tempore

1179 3224 1264 3286 ioret
1277 3225 1477 3302 praepositus
1488 3241 1623 3286 censum
1645 3227 1789 3287 solveret
1804 3227 1981 3303 supradic-

1177 3321 1257 3382 tum.
1274 3324 1421 3398 Cumque
1447 3339 1533 3382 unus
1557 3339 1600 3383 ex
1623 3323 1683 3395 eie,
1705 3323 1861 3384 videlicet
1876 3324 1978 3385 bonae

1178 3419 1347 3480 memoriae
1359 3421 1411 3478 W.
1425 3419 1570 3481 decanus
1583 3419 1617 3479 in
1629 3421 1843 3496 praepositum
1855 3421 1981 3484 luisset

1178 3516 1314 3587 electus,
1326 3517 1359 3578 et
1371 3517 1530 3578 statutum
1541 3517 1732 3594 huJusmodi
1743 3521 1902 3595 tauquam
1916 3520 1982 3579 ini-

1179 3630 1278 3690 quum
1304 3629 1369 3674 non
1397 3613 1530 3674 duxerit
1558 3613 1813 3687 observandum,
1839 3616 1978 3676 tandem

1178 3712 1291 3770 votum
1308 3709 1416 3769 crucis
1444 3725 1542 3786 quam
1565 3714 1751 3786 sumpserat
1776 3727 1842 3772 non
1860 3713 1979 3772 valens

1178 3807 1334 3883 prosequi
1348 3806 1500 3882 plurimis
1511 3805 1630 3868 debitis
1647 3806 1823 3882 obligatus,
1837 3809 1978 3885 utoapi-

1177 3905 1282 3966 tulum
1298 3903 1339 3965 ad
1362 3904 1610 3966 subventionem
1642 3905 1856 3966 induceretur
1870 3907 1978 3982 ipsius

1178 4017 1289 4063 coram
1300 4001 1488 4061 dioecesano
1502 4002 1670 4078 episcopo,
1690 4003 1722 4064 et
1737 4001 1809 4078 ipso
1825 4003 1973 4079 capitulo

1176 4099 1370 4174 recognovit
1382 4097 1486 4159 dictas
1500 4097 1609 4170 villas,
1626 4099 1659 4160 ct
1674 4099 1849 4175 quamdam
1859 4099 1973 4167 aliam,

1177 4196 1217 4258 de
1230 4211 1294 4272 qua
1310 4195 1490 4272 capitulum
1502 4196 1594 4272 prius
1616 4211 1682 4257 non
1702 4195 1920 4258 contenderat
1934 4199 1974 4258 ad

1176 4293 1263 4353 idem
1275 4293 1456 4369 capitulum
1471 4293 1655 4369 pertinere;
1672 4294 1900 4368 recognitione
1915 4295 1976 4356 ita-

1178 4407 1240 4466 que
1253 4389 1313 4450 tali
1329 4388 1426 4460 lacta,
1444 4390 1616 4466 prmiatum
1637 4389 1818 4466 capitulum
1834 4389 1874 4452 de
1889 4407 1972 4452 con-

1176 4486 1339 4548 trahendo
1355 4487 1468 4547 mutuo
1480 4486 1696 4548 ducentarum
1710 4502 1897 4548 marcarum
1914 4489 1972 4550 lit·

1176 4587 1265 4646 teras
1285 4584 1349 4645 sibi
1369 4582 1564 4656 concedens,
1593 4583 1746 4660 quaedum
1773 4583 1839 4644 alia
1867 4601 1971 4662 super

1177 4679 1367 4756 magisterio
1379 4681 1556 4752 scolarum,
1573 4680 1812 4757 atquibusdam
1828 4679 1904 4742 aliis
1921 4683 1975 4742 01-

1176 4779 1261 4839 ficiis
1274 4777 1422 4855 ejusdem
1447 4777 1598 4839 ecclesiae
1628 4794 1702 4840 cum
1731 4778 1846 4840 eodem
1867 4781 1922 4840 W.
1940 4781 1975 4840 in

1177 4889 1311 4937 enorme
1323 4875 1552 4952 praepositurae
1565 4875 1774 4952 dispendium
1792 4875 1972 4948 ordinavit,

1177 4973 1210 5033 et
1219 4971 1471 5032 confirmatione
1486 4986 1585 5048 super
1598 4971 1660 5032 hoc
1675 4987 1734 5046 per
1749 4971 1975 5049 dictumepis-

1177 5083 1304 5146 copum,
1320 5068 1585 5144 etlipostolicam
1599 5067 1717 5128 sedem
1731 5065 1877 5140 obtenta,
1902 5073 1977 5145 post

1177 5165 1347 5226 decessum
1362 5167 1414 5225 W.
1428 5166 1576 5242 ejusdem
1587 5165 1622 5225 in
1638 5165 1787 5242 partibus
1801 5167 1973 5228 transma-

1176 5262 1272 5334 rinis,
1284 5263 1425 5324 vacante
1437 5264 1671 5339 praepositura,
1687 5261 1785 5322 villas
1798 5265 1978 5337 occupavit

1176 5360 1661 5433 easdem,etconfirmationem
1672 5359 1864 5435 hujusmodi
1875 5377 1978 5436 quum

1176 5457 1218 5518 ad
1245 5457 1434 5532 eligendum
1460 5457 1675 5534 praepositum
1698 5457 1923 5530 convenisset,
1943 5475 1979 5520 se
2080 5513 2081 5516 ,

370 5549 727 5625 lionoriusepiscopus,
738 5562 855 5610 servus
866 5563 1038 5612 servorum
1048 5552 1119 5626 Dei,
1173 5554 1300 5632 juravit
1315 5555 1473 5630 perpetuo
1480 5555 1700 5625 servaturum,
1716 5553 1882 5615 existente
1897 5555 1979 5617 tunc
2080 5529 2082 5586 ³
