4262 6382
323 291 380 350 811

324 464 397 526 quae
428 465 447 509 a
476 449 616 510 rationis
643 448 776 512 tramite
807 465 873 510 non
905 447 1115 519 discordant,

324 545 445 606 ellectu
467 547 688 622 prosequente
710 546 886 622 complere.
908 548 954 606 Fa
972 548 1115 623 propter,

325 642 437 703 dilecti
462 642 496 702 in
521 642 660 702 Domino
685 641 757 711 lilii,
780 643 901 702 vestris
913 642 1014 719 justis
1038 656 1118 718 pre-

326 738 419 798 cibus
442 739 606 808 inclinati,
619 753 778 814 personas
799 741 928 800 vestras
945 740 978 799 et
996 739 1116 807 locum,

241 827 243 842 '
325 835 361 893 in
375 843 441 909 uuo
456 833 568 894 divino
590 834 670 894 estis
692 833 801 894 osticio
826 834 1019 910 mancipati,
1044 850 1120 894 cum

327 931 479 990 omnibus
494 931 600 1001 bonis,
614 947 686 1007 qnae
702 931 1006 1008 inpraesentiarum
1021 931 1121 992 ratio-

327 1026 484 1087 nabiliter
511 1028 657 1103 possidet
685 1031 743 1089 aut
775 1029 810 1088 in
843 1028 991 1090 futurum
1020 1029 1120 1104 justis

328 1124 447 1194 modis,
462 1125 640 1200 praestante
655 1126 806 1196 Domino,
826 1125 947 1200 poterit
968 1123 1119 1200 adipisci,

329 1220 390 1280 sub
407 1221 495 1282 beati
509 1222 598 1281 Petri
614 1223 647 1283 ot
661 1224 774 1282 nostra
788 1222 994 1298 protectione
1014 1223 1122 1282 susci-

330 1317 465 1393 pimus:
489 1319 680 1394 specialiter
703 1320 814 1381 autem
835 1320 1064 1394 possessiones
1089 1319 1122 1379 et

329 1414 395 1476 alia
410 1414 496 1475 bona
511 1415 662 1476 ecclesiae
688 1416 800 1477 Sancti
820 1415 1013 1486 willehadi,
1037 1417 1124 1478 sicut

329 1527 368 1570 ea
400 1512 510 1572 omnia
535 1514 625 1586 juste
658 1527 698 1572 ac
729 1513 890 1574 canonice
917 1511 1063 1588 possidet
1090 1513 1124 1574 et

329 1609 451 1685 quiete,
466 1609 559 1670 vobis
572 1610 604 1670 et
619 1625 678 1685 per
692 1626 750 1670 vos
766 1611 830 1686 ipsi
841 1609 993 1670 ecclesiae
1007 1613 1124 1671 aucto·

329 1707 428 1768 ritate
445 1706 634 1782 apostolica
650 1707 885 1768 confirmamus
901 1708 934 1769 et
949 1707 1123 1782 presentis

330 1803 446 1880 scripti
461 1805 646 1880 patrocinio
661 1804 915 1866 communimus.
935 1804 1027 1866 Nulli
1043 1817 1124 1879 ergo

330 1901 465 1964 omnino
481 1901 652 1962 hominum
667 1901 766 1962 liceat
779 1901 866 1962 banc
878 1902 1034 1977 paginam
1045 1916 1125 1962 nos-

329 2001 391 2062 trae
414 1999 629 2074 protectionis
658 1999 691 2059 ei
713 1998 976 2060 confirmationis
998 1997 1124 2058 inirin-

301 2105 306 2115 ·
331 2109 421 2168 gere,
437 2094 488 2156 vel
511 2094 542 2154 ei
567 2109 651 2154 ausu
677 2095 858 2156 temerario
887 2095 1067 2156 contraire.
1090 2095 1124 2156 Si

331 2192 407 2266 quis
436 2191 546 2252 autem
578 2191 641 2252 boc
671 2192 835 2252 attentare
864 2191 1124 2268 praesumpserit

266 2361 271 2370 Ι
331 2286 595 2363 indignationem
616 2288 852 2364 omnipotentis
871 2289 932 2350 Dei
956 2290 989 2350 et
1010 2288 1127 2350 beato-

332 2399 407 2446 rum
437 2385 527 2446 Petri
551 2387 584 2445 et
611 2385 707 2446 Pauli
736 2385 969 2460 Apostolorum
993 2389 1066 2463 ejus
1090 2402 1126 2447 se

333 2481 463 2542 noverit
486 2483 705 2543 incursurum.
734 2485 852 2544 Datum
875 2486 909 2544 et
929 2485 1040 2544 actum
1061 2486 1127 2543 La-

331 2579 458 2650 terani,
493 2579 590 2640 nonis
618 2579 750 2650 martii,
779 2580 990 2656 pontificatus
1019 2579 1126 2642 nostri

332 2691 421 2738 anno
444 2691 542 2738 none.

671 2819 790 2906 cxlv

392 2971 443 3028 Ad
459 2969 667 3030 abbatissam
681 2970 715 3029 et
729 2970 935 3030 conuentum
947 2971 1067 3030 Fontis

649 3069 815 3128 uorandi.

616 3205 648 3261 10
663 3204 756 3260 martii
772 3203 850 3261 1225.

348 3333 468 3398 [Regest.,
484 3333 530 3384 lib.
545 3334 589 3390 lx,
602 3333 677 3397 epist.
695 3333 750 3384 238.
764 3334 820 3382 blss.
833 3332 955 3383 LuPorte
972 3333 1005 3382 du
1019 3332 1112 3398 Fluit]

334 3458 519 3529 Privilegium
530 3458 600 3528 ipsis
614 3472 630 3514 a
644 3458 731 3514 Lucio
742 3459 818 3528 Papa
832 3471 1001 3514 concessum
1013 3457 1130 3530 etcujus

369 3553 451 3602 tenor
474 3545 521 3602 hic
543 3547 666 3604 insertus
688 3547 855 3604 auctoritate
875 3545 1038 3618 apostolice
1058 3559 1127 3604 con·

370 3633 471 3692 firmat.

373 3753 542 3814 Honorius
553 3753 739 3829 episcopus,
751 3751 1128 3818 sermsservorumbei

335 3849 464 3910 dilectis
487 3851 520 3910 in
545 3850 676 3912 Christo
709 3850 890 3910 filiabus...
933 3849 1128 3920 abbatissae,

335 3949 368 4008 et
391 3948 569 4008 conventui
597 3949 711 4009 Fontis
745 3948 902 4019 Ebraudi,
931 3947 1131 4008 salutemet

336 4045 560 4122 apostolicam
573 4045 850 4107 benedictionem.

375 4143 502 4212 Quanto
527 4143 561 4202 in
586 4145 707 4204 vestrae
731 4143 905 4217 religionis
928 4141 1030 4202 odore
1054 4155 1129 4203 arn-

219 4293 225 4302 .
335 4237 423 4314 plius
458 4238 676 4311 delectamur,
712 4241 805 4300 tanto
844 4239 1002 4300 libentius
1037 4238 1131 4300 vobis

336 4335 567 4410 prospicimus,
580 4336 702 4396 uestris
715 4330 940 4412 praecavemu's
963 4335 1131 4396 indemni-

336 4431 470 4503 tatibuS,
487 4433 520 4494 et
546 4431 727 4508 dispendiis
752 4432 934 4493 obviamus.
962 4435 1041 4495 Cum
1064 4434 1131 4494 ita-

336 4545 401 4606 que
427 4530 461 4588 in
488 4529 599 4590 causis
632 4545 691 4606 pro
720 4530 825 4601 vobis,
856 4530 888 4591 et
923 4533 1038 4591 contra
1070 4547 1130 4591 vos

337 4625 583 4702 emergentibus
599 4627 787 4701 originalia,
803 4643 876 4703 quae
898 4625 1040 4698 habetis,
1057 4629 1131 4704 pri-

336 4724 457 4800 vilegia
482 4741 540 4786 vos
561 4725 711 4801 oporteat
735 4724 904 4797 exhibere,
922 4742 996 4786 curn
1017 4741 1132 4785 eorum

337 4823 551 4899 exemplariis
574 4839 639 4884 nou
662 4823 829 4895 credatur,
846 4823 932 4900 quod
949 4822 1059 4884 minus
1074 4824 1131 4885 tu-

336 4924 406 4982 tum
429 4921 521 4981 vobis
548 4921 747 4998 proponitis,
772 4938 846 4982 cum
873 4937 970 4982 casus
992 4919 1130 4993 fortuiti,

337 5017 394 5095 qui
410 5017 532 5078 diversi
555 5021 632 5079 sunt
651 5018 795 5094 quidem,
810 5021 843 5080 et
855 5018 940 5078 varii
956 5019 1133 5093 praevideri

338 5131 405 5174 non
429 5115 567 5190 possint,
590 5115 787 5192 suppliciter
811 5118 844 5176 et
857 5115 1034 5176 humiliter
1054 5131 1133 5192 pos-

337 5211 469 5274 tulastis
487 5227 507 5271 a
531 5211 638 5284 nohis,
656 5215 692 5273 ut
707 5212 891 5273 laceremus
917 5211 1034 5272 saltem
1060 5213 1132 5288 pri-

337 5309 511 5385 vilegium,
536 5311 621 5385 quod
646 5309 778 5370 habetis
802 5327 821 5370 a
846 5309 941 5370 bonae
965 5310 1133 5371 memoriae

338 5407 441 5469 Lucio
452 5409 542 5482 Papa
553 5407 799 5484 praedecessore
811 5407 1132 5478 nostr0‚transcribi,

338 5505 570 5567 auctoritatem
585 5505 786 5581 transcripto
808 5503 997 5581 hujusmodi
1018 5507 1053 5566 ut
1073 5519 1133 5580 pro

339 5603 529 5665 authentico
551 5603 586 5662 in
609 5603 719 5663 causis
739 5603 841 5678 recipi
864 5600 982 5664 debeat
1005 5603 1135 5680 impen-

943 291 1119 352 HONORII
1141 291 1186 350 111
1207 291 1355 352 OPERA.

1911 287 1988 347 812

1171 448 1290 511 dendo.
1319 451 1387 510 Nos
1418 449 1530 511 autem
1560 447 1680 508 vestris
1715 446 1987 524 supplicationi·

1173 544 1234 606 bus
1261 547 1445 606 annuentes
1468 546 1501 611 et
1525 545 1645 606 vestris
1664 544 1815 606 volentes
1838 543 1987 605 indem-

1174 641 1333 704 nitatibus
1349 655 1552 718 praecavere,
1568 640 1748 702 transcribi
1769 640 1909 702 iecimus
1931 641 1986 700 de

1173 739 1273 800 uerbo
1295 739 1336 800 ad
1351 739 1493 810 ,verbum
1512 739 1724 815 privilegium
1744 738 1986 814 supradictum

1174 839 1207 896 et
1221 839 1293 912 ejus
1309 836 1508 911 transcripto
1530 836 1772 905 auctoritatem,
1796 835 1853 910 qui
1872 849 1914 895 eo
1938 836 1986 894 in

1175 933 1413 993 controversiis
1428 933 1515 992 sicut
1527 930 1683 1006 originali
1701 946 1761 1006 pro
1778 930 1986 992 authentico

1176 1027 1231 1089 ubi
1256 1029 1390 1103 possitis
1414 1028 1455 1088 de
1478 1027 1653 1103 potestatis
1679 1027 1885 1103 plenitudine
1907 1027 1988 1086 im-

1177 1126 1347 1200 pertimur.
1378 1123 1514 1185 Praeiati
1544 1123 1655 1186 autem
1686 1123 1856 1199 privilegii
1876 1123 1988 1184 tenor

1176 1221 1227 1282 est
1240 1221 1341 1282 talis:

1217 1317 1340 1377 Lucius
1360 1317 1547 1393 episcopus,
1563 1332 1679 1378 servus
1704 1331 1876 1378 servorum
1900 1318 1982 1388 Dei,

1176 1414 1308 1475 dilectis
1328 1415 1363 1474 in
1383 1414 1514 1476 Christo
1530 1415 1662 1474 filiabus
1677 1413 1774 1475 Calliae
1795 1413 1984 1474 abbatissae

1177 1511 1371 1572 monasterii
1396 1512 1510 1573 Fontis
1532 1510 1688 1584 Ebraudi,
1717 1513 1856 1588 ejusque
1877 1525 1980 1572 soro-

1177 1606 1270 1668 ribus
1282 1610 1350 1670 tam
1366 1608 1586 1684 praesentibus
1608 1623 1706 1683 quam
1726 1607 1859 1679 futuris
1872 1623 1984 1684 regu-

1177 1705 1283 1766 larem
1305 1705 1407 1766 vitam
1429 1704 1587 1781 protessis
1608 1705 1643 1765 in
1666 1706 1870 1782 perpetuum.
1894 1707 1983 1764 Pru·

1178 1801 1332 1863 dentibus
1352 1799 1549 1876 virginibus,
1568 1817 1641 1877 quae
1666 1800 1726 1861 sub
1748 1801 1865 1861 babitu
1889 1801 1982 1860 reli-

1178 1899 1288 1973 gionis
1304 1900 1455 1958 accensis
1471 1895 1680 1976 lampadibus
1695 1913 1754 1974 per
1766 1913 1867 1974 opera
1883 1913 1984 1958 sanc·

1179 1996 1284 2056 titatis
1315 2009 1350 2056 se
1379 1995 1569 2072 praeparant
1599 1995 1651 2056 ire
1680 1995 1812 2056 obviam
1840 2010 1980 2070 sponso,

1182 2091 1283 2154 Sedes
1301 2092 1493 2167 apostolica
1515 2091 1612 2154 debet
1635 2092 1827 2169 presidium
1848 2091 1981 2168 imper-

1180 2189 1248 2260 tiri,
1266 2203 1308 2248 ne
1324 2189 1408 2250 forte
1421 2187 1597 2265 cujuslibet
1607 2189 1805 2250 temeritatis
1819 2189 1980 2249 incursus

1181 2287 1239 2346 aut
1250 2299 1308 2346 eas
1321 2300 1341 2345 a
1356 2286 1525 2362 proposito
1535 2287 1680 2356 revocet,
1692 2286 1750 2347 aut
1764 2285 1876 2358 robur,
1889 2285 1980 2362 quod

1181 2390 1280 2462 absit,
1293 2407 1397 2452 sacrae
1411 2390 1585 2466 religionis
1598 2389 1767 2466 iniringat.
1780 2392 1979 2468 Eapropter,

1182 2488 1302 2548 dilecta
1330 2487 1364 2548 in
1390 2488 1530 2548 Domino
1557 2487 1627 2548 iilia
1657 2487 1759 2559 Gilia,
1782 2488 1849 2548 tuis
1873 2489 1980 2564 justis

1182 2584 1458 2661 postulationibus
1493 2584 1674 2646 clementer
1708 2585 1906 2656 annuimus,
1946 2589 1981 2645 et

1183 2681 1355 2758 praelatum
1383 2682 1621 2744 monasterium
1651 2683 1684 2742 S.
1718 2683 1834 2743 Mariae
1863 2683 1980 2743 Fontis

1182 2778 1337 2846 Ebraudi,
1355 2779 1442 2855 quod
1465 2779 1578 2856 utique
1602 2777 1793 2856 specialiter
1809 2777 1869 2840 sub
1887 2777 1980 2840 beati

1183 2876 1271 2936 Petri
1280 2878 1356 2951 J'ure
1367 2891 1406 2936 ao
1420 2876 1624 2952 protectione
1635 2875 1796 2947 consistit,
1810 2875 1863 2936 cui
1877 2875 1980 2937 etiam

1183 2975 1249 3032 Deo
1284 2974 1419 3033 auctore
1452 2987 1598 3048 praeesse
1632 2973 1851 3048 dignosceris,
1882 2975 1981 3034 ante-

1184 3083 1354 3129 cessorum
1378 3070 1568 3130 nostrorum
1591 3069 1743 3146 vestigiis
1762 3069 1978 3138 inhaerentes,

1183 3165 1243 3227 sub
1262 3167 1351 3228 beati
1366 3167 1456 3228 Petri
1479 3167 1511 3227 et
1532 3167 1646 3228 nostra
1661 3167 1877 3246 protectione,
1901 3167 1977 3238 etc„

1184 3279 1287 3340 usque
1314 3265 1567 3336 communimus,
1594 3263 1776 3326 statuentes
1811 3264 1846 3324 ut
1878 3279 1980 3340 quas-

1184 3377 1324 3437 cumque
1345 3360 1588 3438 possessiones,
1612 3362 1693 3429 etc„
1723 3375 1828 3440 usque
1850 3359 1979 3420 illibata

1185 3457 1371 3518 serventur.
1389 3460 1425 3518 ln
1442 3457 1562 3534 quibus
1578 3457 1650 3518 baec
1666 3457 1809 3534 propriis
1823 3455 1978 3517 duximus

1186 3555 1402 3632 exprimenda
1415 3553 1587 3615 vocabulis
1604 3575 1611 3614 ι

1226 3655 1347 3712 Locum
1364 3653 1470 3729 ipsum
1485 3653 1519 3712 in
1537 3669 1602 3730 quo
1618 3652 1790 3730 praelatum
1806 3655 1975 3714 monaste·

1186 3751 1271 3811 rium
1296 3751 1395 3812 situm
1418 3751 1466 3811 est
1491 3765 1565 3810 curn
1589 3749 1741 3810 omnibus
1766 3749 1977 3826 pertinentiis

1186 3849 1265 3908 suis.
1288 3849 1410 3908 Locum
1435 3847 1491 3924 qui
1512 3847 1635 3908 dicitur
1653 3846 1800 3908 Braierae
1821 3863 1896 3908 curn
1913 3863 1978 3907 om·

1186 3943 1283 4004 nibus
1310 3944 1519 4020 pertinentiis
1546 3944 1627 4016 suis,
1652 3959 1695 4004 ex
1720 3943 1806 4005 dono
1830 3943 1977 4004 aimirici

1187 4043 1307 4118 prioris
1333 4043 1366 4103 et
1392 4042 1539 4102 omniurn
1565 4041 1704 4102 fratrum
1731 4041 1878 4117 eJusdem
1900 4040 1975 4111 loci,

1186 4139 1389 4200 concedente
1411 4137 1473 4200 hoc
1487 4137 1651 4200 Tolosano
1669 4137 1835 4216 episcopo.
1857 4139 1977 4200 Locum

1187 4235 1340 4296 Paradisi
1360 4253 1403 4296 ex
1418 4235 1503 4295 dono
1519 4235 1627 4296 Fortis
1646 4235 1686 4294 de
1702 4237 1777 4306 Bec,
1794 4235 1827 4296 et
1843 4235 1976 4295 amanis
2079 4221 2080 4264 l

1186 4333 1227 4392 de
1242 4333 1402 4392 Paradiso
1418 4349 1491 4392 cum
1505 4347 1609 4392 uxore
1625 4333 1657 4393 et
1668 4331 1747 4391 liliis
1759 4330 1843 4404 suis,
1861 4345 1976 4392 conoe·

1187 4430 1283 4491 dente
1305 4431 1368 4491 hoc
1390 4429 1576 4491 Raimundo
1598 4429 1788 4506 agennensi
1812 4429 1973 4506 episcopo.

1188 4531 1309 4589 Locum
1332 4529 1372 4588 de
1394 4528 1553 4588 Fontanis
1569 4543 1612 4587 ex
1627 4527 1711 4588 dono
1728 4527 1856 4588 comitis
1871 4527 1975 4586 Theo-

1187 4625 1286 4697 baldi,
1305 4626 1506 4687 concedente
1518 4625 1582 4685 lmc
1599 4625 1801 4696 Burchardo,
1818 4624 1973 4684 bleldensi

1187 4725 1353 4800 episcopo.
1364 4725 1500 4784 Terram
1517 4721 1681 4784 desertam
1693 4737 1791 4798 quam
1801 4721 1888 4781 idem
1901 4723 1975 4782 Bur

1188 4822 1342 4893 cbardus,
1360 4821 1540 4881 bleldensis
1555 4820 1743 4896 episcopus,
1754 4819 1893 4896 praelato
1907 4835 1976 4879 mo-

1189 4919 1337 4980 nasterio
1350 4935 1392 4978 ex
1408 4919 1495 4978 dono
1515 4933 1554 4979 eo
1569 4919 1684 4978 tenore
1700 4917 1875 4990 concessit,
1890 4917 1925 4977 ut
1938 4917 1973 4978 de
2079 4989 2080 4992 Ἴ

1189 5016 1330 5091 singulis
1352 5015 1543 5076 carrucatis
1569 5015 1742 5076 duodecim
1768 5013 1897 5075 denarii
1920 5029 1975 5090 pro

1188 5127 1289 5175 censu
1302 5113 1464 5174 Meldensi
1477 5113 1629 5174 ecclesiae
1641 5112 1782 5188 singulis
1793 5113 1891 5174 annis
1901 5127 1970 5188 per·

1189 5211 1407 5272 solverentur.
1426 5213 1548 5272 Locum
1567 5209 1608 5271 de
1627 5210 1798 5281 Fontanis,
1814 5210 1870 5286 qui
1882 5210 1930 5270 est
1943 5211 1975 5270 in

1189 5308 1456 5384 Petraguricensi
1468 5309 1661 5384 episcopatu
1670 5307 1809 5368 exdono
1820 5308 1976 5368 Bernardi

1190 5407 1302 5468 Sancti
1318 5407 1452 5478 leterii,
1469 5407 1501 5467 et
1517 5405 1623 5466 Heliae
1638 5404 1798 5475 Guiberti,
1816 5405 1849 5466 et
1863 5406 1978 5466 Bonis-

1190 5505 1285 5572 eurti,
1298 5519 1429 5566 necnon
1439 5503 1578 5564 Arnaldi
1588 5503 1629 5563 de
1642 5501 1811 5573 Gancelia,
1829 5503 1861 5562 et
1876 5501 1977 5564 Helie

1189 5601 1229 5663 de
1246 5603 1417 5674 blarrolio‚
1434 5601 1538 5662 lleliae
1556 5601 1596 5662 de
1617 5600 1826 5671 castellione,
1846 5599 1879 5662 et
1899 5599 1975 5662 alio-
