4226 6372
377 253 439 314 855

378 428 488 490 egros,
512 412 642 486 vineas,
660 411 1019 492 prata,'possessiones,
1037 433 1174 480 nemora

378 513 412 570 et
423 509 570 570 redditus
583 526 603 570 a
617 509 784 572 nobilibus
798 513 881 573 viris
895 515 934 574 H.
956 513 997 574 de
1010 516 1175 590 Lamgen·

377 604 456 666 berc
471 607 504 668 ot
525 607 559 666 G.
579 607 620 666 de
640 608 809 668 Crutbeim
828 610 860 671 et
877 626 992 672 eornm
1009 611 1088 672 liliis
1103 627 1176 671 mo-

379 703 526 764 nasterio
549 705 659 765 vestro
683 705 737 780 pia
763 705 963 770 liberalitate
979 708 1117 770 collatas
1136 723 1175 769 ac

379 800 448 861 alia
466 799 553 861 bona
573 803 695 870 vestre,
713 801 799 865 sicut
819 820 858 864 ea
875 806 985 865 omnia
994 806 1096 881 juste,
1118 821 1176 865 ca-

380 898 499 958 nonice
521 911 560 957 ac
585 898 723 973 pacifice
746 900 936 974 possidetis
956 901 1050 962 vobis
1065 904 1099 962 et
1118 917 1176 978 per

381 1001 440 1054 vos
466 993 572 1054 eidem
602 996 805 1057 monasterio
838 1000 950 1059 vestro
977 997 1175 1059 auctoritate

381 1089 570 1165 Apostolica
583 1092 817 1152 confirmamus
832 1093 865 1154 et
877 1095 1051 1170 praesentis
1061 1094 1176 1169 scripti

383 1187 566 1262 patrocinio
576 1190 830 1250 communimus.
841 1191 933 1251 Nulli
947 1207 1028 1266 ergo
1041 1191 1175 1252 omnino

383 1282 553 1344 hominum
571 1284 671 1346 liceat
687 1285 773 1346 banc
789 1287 945 1362 paginam
961 1289 1083 1349 nostrae
1099 1303 1177 1364 pro·

382 1379 535 1441 tectionis
548 1381 580 1440 et
594 1379 858 1443 confirmationis
870 1384 1064 1460 infringere,
1077 1386 1130 1445 vel
1145 1385 1176 1444 ei

999 259 1176 321 HONORII
1199 261 1244 322 111
1266 263 1413 324 OPERA.

1559 433 1697 522 CLXII

1364 583 1416 641 Ad
1430 585 1624 656 episcopum
1636 585 1898 646 Pictaoeusem.

1523 713 1559 770 20
1570 713 1639 769 maii
1655 713 1733 772 litt.

1248 831 1366 895 [Regost.,
1376 832 1421 883 lib.
1433 833 1476 896 IX,
1493 833 1568 898 epist.
1580 833 1635 884 332.
1651 837 1708 886 blss.
1722 837 1758 886 La
1773 838 1857 887 Porto
1875 837 1910 887 dn
1923 839 2003 905 rhet]

1231 954 1309 1011 Facit
1329 955 1356 1011 ei
1372 963 1542 1028 potestatem
1558 957 1695 1015 benellcia
1712 959 1848 1030 quaedam
1872 959 2015 1032 prebendis

1467 1045 1597 1102 ecclesie
1612 1047 1794 1104 annectendi.

1271 1159 1448 1228 Honorius,
1472 1159 1547 1232 etc,
1569 1162 1753 1222 vonerabili
1781 1162 1922 1224 tratri...
1942 1165 2015 1239 epis-

1232 1270 1313 1332 copo
1342 1255 1541 1330 pictavensi,
1573 1257 1772 1321 salutemet
1803 1259 2012 1336 Apostolican

1230 1351 1505 1414 benedictionem.

382 1491 466 1536 ausu
493 1477 672 1538 temerario
697 1480 874 1541 contraire.
900 1483 935 1542 Si
962 1483 1036 1558 quis
1066 1483 1176 1542 autem
1271 1451 1498 1526 Expartetua
1513 1451 1676 1514 ¹⁰¹¹⁰⁸ts³
1694 1452 2012 1528 fflitpraefflnfiaoe·
2056 1433 2057 1518 I

383 1574 446 1632 boc
460 1573 623 1634 attentare
644 1578 894 1653 praesumpserit
912 1578 1176 1653 indignationem

1232 1546 1380 1620 cibatum,
1395 1548 1482 1623 quod
1501 1563 1576 1610 cum
1598 1548 1856 1625 praebendarum
1880 1552 2012 1612 ecclesia

383 1669 616 1744 omnipotentis
629 1672 689 1732 Dei
701 1673 733 1734 et
741 1673 912 1735 beatorum
928 1676 1019 1736 Petri
1033 1677 1066 1736 et
1079 1675 1176 1736 Pauli
1231 1645 1297 1703 “¹ae
1315 1645 1494 1720 proventfls
1509 1647 1586 1706 sunt
1600 1647 1727 1718 tenues,
1743 1647 2013 1714 01031108203110-

383 1765 608 1840 apostolorum
632 1772 704 1845 ejus
730 1785 766 1830 se
793 1772 923 1832 noverit
950 1773 1175 1832 incursurum.

383 1863 501 1922 Datum
519 1863 650 1936 Tibure,
666 1868 726 1926 XV
740 1866 901 1929 kalendas
922 1869 1021 1945 junii,
1039 1868 1176 1944 pontili-

383 1959 477 2020 catus
492 1961 599 2022 nostri
614 1977 702 2022 anno
718 1978 816 2024 nono.

722 2221 837 2308 CLXI

433 2367 485 2427 Act
499 2371 680 2430 raniversos
694 2375 867 2444 episcopos
879 2375 979 2448 repul
994 2370 1128 2433 scotica.

680 2501 713 2558 la
725 2501 793 2557 maii
810 2501 889 2558 1225.

603 2622 733 2684 [Willrins
746 2623 852 2682 Concil,
863 2624 883 2682 1,
894 2623 961 2688 cot]

388 2745 438 2802 Eis
452 2743 615 2814 mandatut,
627 2761 693 2803 cum
707 2749 956 2819 metropolitanum
969 2759 1026 2804 non
1043 2745 1177 2815 habeam,

420 2833 595 2978 IItIrveiIIiale
610 2835 761 2894 concilium
777 2836 943 2894 auctoritate
954 2835 1116 2907 Apostolica
1129 2849 1175 2892 ce-

424 3049 590 3110 Honorius
602 3049 912 3125 episcopusservus
923 3063 1094 3108 servorum
1105 3048 1175 3118 Dei,

385 3145 631 3207 venerabilibus
653 3144 811 3206 tratribus
826 3145 992 3206 universis
1013 3145 1177 3220 episcopis

386 3243 480 3318 regni
497 3243 627 3310 scotiae,
644 3241 783 3302 salutern
795 3243 828 3304 et
839 3239 1177 3318 Apostolicambene-

386 3337 575 3400 dictionem.

425 3433 564 3505 Quidam
590 3434 735 3495 vestrum
763 3449 867 3511 nuper
895 3433 1031 3494 auribus
1055 3434 1178 3495 nostris

386 3530 633 3600 intimaverunt,
651 3531 827 3608 quodcum
847 3547 913 3591 non
933 3529 1099 3591 haberetis
1118 3547 1177 3591 ar-

386 3627 643 3705 chiepiscopum,
675 3631 770 3704 cujus
810 3629 1007 3690 auctoritate
1044 3628 1178 3705 possitis

386 3724 564 3786 concilium
589 3724 793 3800 provinciale
818 3725 998 3797 celebrare,
1018 3725 1180 3800 contingit

385 3821 421 3882 in
432 3837 534 3898 regno
550 3823 681 3893 Scotiae,
694 3822 779 3899 quod
793 3823 874 3883 esta
892 3821 975 3884 Sede
988 3821 1177 3898 Apostolice

386 3921 453 3980 tam
480 3921 653 3991 remotum,
675 3921 798 3980 statuta
819 3919 944 3994 negligi
960 3919 1100 3979 Concilii
1115 3934 1178 3993 ge-

386 4016 521 4086 neralis,
537 4019 570 4077 ot
584 4015 735 4076 enormia
755 4015 898 4091 plurima
916 4015 1087 4087 committi,
1105 4031 1178 4092 quae

386 4113 560 4174 remanent
574 4113 747 4189 impunita.
765 4115 842 4172 Cum
860 4113 968 4174 autem
990 4113 1180 4190 provincia·

385 4210 431 4270 lia
456 4209 598 4271 concilia
618 4209 725 4270 omitti
748 4224 814 4269 non
835 4208 987 4281 debeant,
1004 4210 1038 4270 in
1059 4210 1178 4287 quibus

386 4306 426 4366 de
439 4307 645 4381 corrigendis
659 4304 852 4366 excessibus
866 4307 898 4367 et
908 4307 1054 4368 moribus
1068 4305 1177 4367 reior-

387 4402 517 4462 mandis
532 4402 673 4477 diligens
685 4405 735 4464 est
749 4402 956 4463 adhibendus
971 4419 1043 4464 cum
1061 4405 1120 4464 Dei
1134 4403 1179 4465 ti-

386 4515 478 4561 more
492 4500 664 4571 tractatus‚
682 4516 720 4561 ac
736 4499 904 4560 canonicae
922 4503 998 4562 sunt
1020 4501 1177 4576 relegen-

390 4597 439 4658 dae
462 4598 588 4673 regulae
617 4613 656 4658 ac
683 4597 929 4669 conservandae,
947 4599 1092 4658 maxime
1107 4613 1179 4673 quae

385 4693 420 4755 in
436 4696 550 4757 eodem
572 4695 720 4770 generali
746 4695 893 4756 Concilio
922 4698 1000 4755 sunt
1029 4696 1176 4769 statutae3

385 4808 445 4869 per
468 4793 657 4869 Apostolioa
689 4793 781 4854 vobis
813 4793 935 4869 scripta
971 4792 1176 4862 mandamus,

387 4892 560 4967 quatenus,
574 4905 672 4966 quum
690 4890 979 4965 metropolitanum
993 4888 1178 4949 noscamini

385 5003 452 5049 non
474 4987 608 5058 habere,
626 4987 823 5048 auctoritate
845 4986 959 5047 nostra
974 4985 1179 5061 provinciale

386 5083 568 5144 Concilium
584 5082 769 5144 celebretis.
800 5084 918 5144 Datum
939 5081 1025 5158 apud
1044 5081 1176 5154 Tibure,

384 5179 459 5238 XIV
477 5175 610 5237 kalend.
620 5176 720 5252 junii,
735 5176 946 5252 pontificatus
969 5175 1075 5236 nostri
1092 5191 1178 5236 anno

387 5289 486 5335 nono.

1232 1739 1299 1800 nici
1321 1740 1467 1816 ejusdem
1489 1743 1639 1803 ecclesiae
1663 1759 1729 1805 non
1745 1745 1891 1820 possunt
1911 1759 1952 1804 es
1974 1746 2012 1804 eis

1232 1836 1402 1899 commode
1424 1839 1614 1910 sustentari,
1631 1855 1671 1900 ac
1695 1856 1754 1916 per
1780 1840 1848 1902 hoc
1877 1840 2011 1902 nonnulli

1232 1949 1346 1994 eorum
1355 1935 1517 2010 coguntur
1525 1951 1584 2012 pro
1594 1937 1794 1998 necessariis
1804 1936 1847 1997 ad
1860 1937 2012 1998 domosdi-

1231 2031 1361 2092 vertere
1376 2033 1689 2108 propinquorum,et
1701 2033 1856 2096 absentia
1875 2032 2007 2113 [eorunju

1232 2127 1320 2189 dicta
1335 2128 1476 2190 ecclesia
1497 2128 1656 2205 obsequio
1671 2129 1780 2192 debito
1797 2130 2008 2192 defraudatur.

1233 2227 1342 2296 Quare
1353 2226 1420 2287 tam
1436 2224 1630 2302 suppliciter
1644 2243 1741 2303 quam
1757 2227 1931 2288 humiliter
1943 2243 2007 2304 pos-

1232 2319 1356 2393 tulasti,
1376 2323 1412 2383 ut
1431 2321 1562 2382 salubre
1578 2338 1678 2398 super
1696 2323 1758 2386 hoc
1773 2324 1950 2386 consilium
1967 2340 2009 2398 ap

1233 2433 1356 2494 ponere
1378 2417 1600 2493 dignaremur.
1626 2420 1694 2480 Nos
1715 2420 1828 2481 autem
1849 2420 1951 2482 eidem
1969 2435 2008 2479 ec

1233 2515 1343 2576 clesiaa
1378 2515 1515 2591 paterno
1549 2516 1786 2592 compatientes
1826 2517 1957 2584 affectu,
1985 2515 2008 2574 et

1232 2611 1293 2672 tibi
1319 2612 1420 2674 etiam
1450 2613 1591 2688 gratiam
1615 2612 1726 2675 facere
1750 2615 1935 2690 cupientes,
1958 2611 2007 2671 ira·

1234 2709 1399 2770 ternitatis
1427 2711 1493 2770 tuae
1519 2710 1672 2772 inclinati
1698 2711 1854 2786 precibus
1887 2723 2008 2786 prasen-

1233 2803 1315 2866 tium
1346 2807 1543 2869 auctoritate
1579 2806 1803 2879 concedimus,
1842 2809 1879 2869 ut
1911 2806 1936 2866 si
1962 2819 2006 2864 ur-

1233 2917 1316 2976 gens
1343 2903 1537 2976 necessitas
1562 2903 1614 2966 vel
1635 2903 1771 2965 evidens
1802 2903 1926 2966 utilitas
1949 2900 2006 2960 exi

1233 3001 1290 3072 gat
1308 2999 1501 3075 praebendas
1519 3000 1625 3075 ipsius
1645 3000 1797 3062 ecclesiae
1814 3001 1855 3062 de
1874 2999 1945 3060 aliis
1959 2997 2005 3055 be-

1234 3097 1361 3158 neflciis
1387 3097 1604 3158 annectendls
1631 3098 1756 3160 eisdem
1785 3114 1862 3159 cum
1890 3091 2005 3170 capituli
2061 3105 2062 3112 ¹

1233 3195 1281 3257 tui
1297 3193 1439 3256 consilio
1449 3193 1574 3264 valeas,
1587 3193 1674 3255 sicut
1686 3193 1888 3255 discretione
1902 3188 2004 3268 praevla

1233 3292 1390 3367 expedire
1400 3291 1525 3352 videris
1538 3291 1765 3366 augmentare,
1782 3291 1831 3352 ita
1846 3292 1878 3353 te
1893 3290 1925 3348 in
1937 3285 2005 3346 iacto
2062 3365 2063 3380 χ

1234 3389 1423 3465 hujusmodi
1446 3387 1632 3460 habiturus,
1650 3390 1685 3450 ut
1709 3403 1775 3449 non
1795 3388 1922 3449 tantum
1944 3396 2005 3459 pro-

1233 3484 1347 3547 videre
1370 3485 1532 3560 personis,
1554 3484 1712 3561 quantum
1736 3485 1847 3561 ipsius
1878 3477 2004 3544 ecclesia

1234 3581 1369 3643 utilitati
1396 3581 1570 3642 consulere
1595 3581 1732 3642 videris,
1756 3583 1877 3642 Datum
1894 3576 2002 3640 Tibure,

1233 3681 1310 3740 Xlll
1325 3678 1486 3740 kalendas
1497 3677 1596 3756 Junii‚
1610 3693 1699 3739 anno
1713 3693 1812 3740 nono.

1550 3927 1710 4016 CLXIII

1365 4081 1417 4140 Ad
1430 4081 1624 4154 episcopum
1639 4081 1892 4143 Plataeensem.

1522 4209 1557 4267 20
1570 4210 1639 4267 maii
1652 4209 1731 4267 lats.

1265 4331 1386 4396 [Regsst.,
1400 4331 1445 4382 lib.
1453 4333 1496 4390 tx,
1506 4332 1579 4398 epist.
1589 4331 1644 4383 333.
1654 4333 1710 4382 lise.
1723 4333 1759 4384 La
1770 4334 1847 4383 Porta
1856 4333 1888 4382 du
1899 4325 1978 4384 rtettl

1234 4448 1312 4504 Facit
1326 4449 1352 4504 ei
1364 4454 1534 4520 potestatem
1549 4450 1714 4508 sacerdotes
1730 4449 1878 4522 quosdam,
1893 4437 2002 4503 doeoes'ts

1297 4537 1384 4594 suisa
1400 4537 1495 4595 causis
1514 4536 1646 4594 civilibus
1660 4537 1787 4594 dicendis
1801 4531 1952 4594 cohibendi.

1274 4661 1441 4723 Honorius
1455 4661 1639 4738 episcopus,
1650 4677 1766 4724 servus
1775 4648 1999 4724 servorumllei

1233 4758 1415 4819 venerabili
1431 4758 1566 4819 fratri...
1583 4759 1738 4834 episcopo
1754 4751 1945 4821 Pictavensi‚
1955 4759 1999 4806 sa·

1234 4854 1333 4916 lutem
1348 4857 1380 4916 et
1389 4853 1613 4930 apostolicam
1627 4853 1898 4926 benedictionem.

1273 4951 1347 5010 Non
1365 4949 1459 5010 decet
1474 4948 1604 5010 Domini
1619 4949 1808 5012 sacerdotes
1822 4947 1919 5011 lucris
1934 4942 2001 5002 tem·

1234 5046 1403 5123 poralibus
1426 5062 1517 5106 more
1546 5047 1758 5108 saecularium
1777 5031 2000 5114 inhiaremus

1234 5143 1440 5205 sacerdotale
1478 5158 1598 5204 nomen
1629 5144 1851 5206 abominabile
1875 5133 2000 5202 redditur

1235 5241 1390 5306 cordibus
1419 5241 1639 5301 infirmorum.
1667 5241 1718 5300 Ex
1742 5241 1798 5301 tua
1826 5253 1902 5302 sane
1926 5227 1999 5292 rela-

1233 5340 1324 5404 tione
1357 5337 1549 5408 didicimus,
1575 5336 1660 5413 quod
1689 5336 1842 5398 nonnulli
1877 5320 1999 5394 civitatis

1234 5438 1266 5498 et
1280 5435 1435 5498 dioecesis
1445 5435 1511 5495 tuae
1521 5432 1705 5516 presbyteri
1717 5420 2001 5522 passimquaestibns

1234 5532 1412 5604 inhiantes,
1430 5521 2004 5594 calcatasaceruourisoruoungn1-·
