4274 6388
932 249 1115 312 ΙΗΟΝΟΒΙΙ
1137 249 1182 309 111
1204 249 1352 312 OPERA.

630 423 803 514 CCXVII

320 581 371 640 Ad
386 580 589 652 episcopum,
603 579 769 638 decureum
784 571 818 634 et
832 573 1112 634 archidiaconum

585 671 839 734 attrebatenses·

607 801 640 858 tlt
653 801 725 872 junii
741 799 820 856 lata.

350 931 469 996 [Regest.,
481 925 580 988 libili,
592 925 667 990 epist.
679 923 733 974 tal.
744 923 802 973 liss.
814 923 850 974 La
858 924 933 973 Porta
943 921 976 972 dn
986 921 1078 984 lucil]

318 1046 436 1104 Mandat
445 1051 475 1101 ut
484 1056 585 1100 omnes
597 1055 751 1098 conversas
763 1047 821 1096 tam
837 1039 1001 1095 monasterii
1015 1038 1111 1096 Sancti

352 1133 461 1192 Nicolai
472 1131 508 1190 de
523 1129 676 1188 ArrovasIo
690 1142 777 1200 quam
791 1126 940 1184 domorum
955 1127 982 1183 ci
997 1126 1107 1198 subjec-

352 1227 445 1290 terum
458 1221 487 1276 in
501 1233 558 1276 una
573 1219 673 1276 cellula
689 1215 861 1273 commorari
875 1213 990 1272 iaciant.

356 1348 535 1418 Honorius,
547 1345 622 1417 etc,
634 1343 818 1405 venerabili
833 1340 929 1402 tratri
942 1341 1108 1418 episcop0,

316 1447 352 1508 et
362 1444 492 1507 dilectis
503 1443 581 1504 tiliis
591 1443 718 1504 decano
728 1441 761 1503 et
771 1439 1007 1502 archidiacono
1017 1439 1111 1500 Atre·

317 1540 428 1604 haten.

358 1641 426 1716 Sua
448 1637 581 1699 nobis...
607 1636 710 1699 abbas
736 1636 772 1696 et·
793 1635 974 1697 conventus
997 1631 1109 1696 Sancti

318 1735 450 1798 Nicolai
460 1735 501 1796 de
512 1735 704 1805 Arrovasio,
716 1732 844 1795 ordinis
858 1731 971 1792 Sancti
983 1734 1110 1806 Augus-

317 1833 391 1906 tini,
405 1831 648 1909 sIgniflcatione
659 1829 897 1899 monstrarunt,
910 1827 995 1904 quod
1009 1843 1109 1904 quum

317 1931 486 2000 mulieres,
501 1945 574 2006 quae
588 1927 730 2003 receptae
748 1925 878 1986 suntin
901 1941 1015 1986 eorum
1034 1940 1109 1984 mo-

316 2027 465 2090 nasterIe
485 2027 518 2086 et
539 2023 695 2101 subjectis
718 2023 781 2083 sibi
799 2021 949 2082 domibus
968 2021 1005 2082 in
1024 2037 1107 2082 con-

315 2139 432 2188 versas
447 2139 513 2184 non
526 2121 626 2183 simul
640 2121 675 2182 in
691 2136 768 2192 una,
784 2119 842 2180 sed
857 2119 988 2180 diverse
1003 2119 1038 2178 in
1052 2118 1107 2179 di-

315 2220 538 2297 versisipsIus
549 2218 676 2280 ordinis
687 2215 839 2278 domibus
850 2217 1107 2287 commorentur,

316 2317 507 2394 frequenter
528 2316 568 2376 de
596 2314 680 2392 ipsIs
706 2314 851 2390 suspicio
877 2311 965 2373 mala
989 2313 1106 2374 oritur.

316 2415 410 2478 Unde
424 2414 492 2474 tam
507 2413 555 2474 eis
571 2427 668 2490 quam
684 2412 784 2474 totins
800 2409 965 2472 honestati
981 2410 1108 2470 ordinis

315 2511 503 2588 derogatur.
522 2511 627 2582 Quum
642 2509 763 2579 autem,
786 2509 821 2570 ut
840 2507 990 2584 praedIcti
1006 2507 1107 2568 abbas

314 2609 348 2674 et
362 2608 543 2670 conventus
558 2608 722 2678 asserunt,
735 2605 785 2666 eis
801 2621 901 2682 super
914 2604 977 2665 hoc
993 2605 1108 2666 utilius

315 2704 484 2786 provideri
509 2719 576 2764 non
603 2702 715 2764 valeat
740 2717 838 2779 quiam
871 2702 957 2779 quod
984 2702 1108 2762 eaedem

314 2802 472 2866 mulieres
488 2816 507 2861 a
527 2800 728 2862 monasterio
743 2801 776 2860 et
793 2799 944 2860 domibus
959 2798 1107 2876 praeiatis

313 2900 441 2964 eductae
471 2898 568 2959 simul
592 2898 629 2957 in
652 2897 765 2974 aliqua
784 2896 890 2974 ipsius
914 2897 1107 2958 monasterii

313 2997 399 3060 cella
435 2996 612 3072 ponantur,
656 2993 849 3054 discreti0ni
883 2995 1002 3054 vestrae
1049 3009 1108 3070 per

313 3093 505 3172 apostoliea
542 3091 665 3168 scripta
702 3090 908 3162 mandamus,
944 3092 1106 3166 quatenus

313 3207 428 3254 omnes
457 3204 634 3252 conversas
661 3189 729 3249 tam
759 3187 864 3262 ipsius
900 3189 1104 3260 monasterii,

313 3303 411 3366 quam
445 3285 616 3348 domorum
649 3283 882 3358 praedictarum
909 3284 945 3344 in
974 3299 1040 3344 una
1067 3284 1106 3344 de

311 3384 487 3448 memorati
502 3381 696 3442 monasterii
712 3380 841 3442 cellulis
861 3380 902 3440 ad
922 3381 986 3441 hoc
1000 3381 1106 3456 magis

311 3481 433 3544 idonea
452 3481 703 3556 congregantes,
725 3478 815 3552 ipsas
835 3477 965 3538 faciatis
984 3477 1106 3539 ibidem

214 3595 218 3602 ’
313 3579 374 3642 sub
385 3577 533 3655 regulari
546 3574 769 3646 observantia,
782 3576 880 3652 prout
892 3575 1106 3652 utrorumque

310 3676 409 3738 iamae
438 3691 477 3736 ac
506 3672 606 3734 saluti
631 3672 790 3749 expedire
815 3671 978 3744 videritis
1015 3688 1107 3734 com-

311 3772 448 3844 morari,
475 3769 734 3833 contradictores
756 3785 817 3847 per
842 3785 1019 3830 censuram
1045 3787 1104 3831 ec·

310 3871 545 3940 clesiasticam,
574 3866 703 3928 sublato
730 3867 964 3944 appellationis
992 3865 1106 3928 obsta-

311 3969 398 4041 culo,
411 3968 661 4045 compescendo.
675 3967 765 4037 Quod
776 3967 805 4026 si
816 3981 882 4027 non
898 3981 1023 4037 omues,
1041 3965 1103 4026 etc.

310 4067 429 4130 Datum
447 4064 564 4136 alatri,
578 4064 670 4124 XVII
686 4061 847 4124 kalendas
857 4063 946 4140 julii,
966 4062 1103 4140 pontili-

310 4163 405 4226 catus
419 4162 525 4223 nostri
543 4174 631 4222 anno
648 4159 754 4221 sesto.

612 4418 806 4508 CCXVIII

308 4575 361 4638 Act
380 4573 562 4634 tcnioersos
581 4571 710 4633 Christi
730 4571 845 4644 tideus
863 4573 901 4633 tu
917 4575 1100 4647 Hanania.

601 4701 635 4760 15
645 4701 718 4776 junii
734 4701 813 4759 laia.

458 4825 602 4892 [Reynaldt
616 4824 683 4876 Anu.
695 4825 728 4875 ad
740 4839 782 4875 an.
796 4825 865 4886 lais,
878 4827 890 4886 i
901 4825 953 4891 bb]

307 4945 401 5018 Rogat
421 4949 450 5001 et
470 4941 610 5012 obsecrat,
633 4948 664 4998 ut
682 4941 706 4997 si
726 4940 817 4998 lieuri
838 4955 973 5016 guerram
994 4944 1101 5004 tacebo

342 5031 405 5104 regi
415 5031 582 5104 aragonum
595 5027 723 5099 iecerint,
736 5029 791 5101 ipsi
803 5028 878 5086 dicto
891 5031 953 5103 regi
964 5032 1099 5090 auxilium

341 5115 518 5190 impendant.

1904 249 1963 312 192

1166 407 1273 470 eidem
1298 423 1360 470 nos
1388 407 1514 485 obIIgat
1541 409 1676 472 vinculo
1702 408 1854 485 speciali.
1879 409 1962 470 Cum

1166 505 1254 564 enim
1270 506 1314 566 sit
1332 507 1489 567 Ecclesiae
1512 509 1672 568 Romanae
1691 506 1869 577 vassallus,
1895 521 1962 566 non

1168 599 1275 660 solum
1300 605 1415 663 contra
1439 603 1594 664 inimicos
1619 603 1763 664 nominis
1785 603 1962 663 christiani

1168 697 1232 758 sibi
1252 699 1415 759 auxilium
1440 699 1593 760 tenemur
1616 700 1820 776 impendere,
1845 715 1962 761 verum

1165 795 1266 854 etiam
1295 797 1410 858 contra
1439 797 1658 864 ChrIstianos,
1680 798 1720 868 si,
1749 797 1850 872 quod
1862 796 1959 869 absit,

1166 893 1299 966 urgeret
1317 893 1511 964 necessitas
1529 895 1721 955 teneremur
1734 894 1842 954 eidem
1863 893 1961 954 Iavo-

1164 1003 1235 1074 rem
1262 989 1295 1050 et
1325 989 1509 1050 subsidium
1538 991 1709 1052 exhibere.
1740 990 1822 1061 Quia
1857 990 1961 1064 igitur

1165 1085 1284 1156 Mauri,
1315 1085 1434 1162 quibus
1459 1086 1550 1148 tarra
1576 1087 1682 1162 ipsius
1710 1087 1861 1148 noscitur
1885 1102 1960 1148 esse

1165 1181 1331 1257 contigua,
1355 1199 1454 1259 quam
1472 1183 1554 1244 adeo
1575 1183 1700 1244 crebris
1723 1184 1889 1245 lacessere
1909 1183 1962 1244 di-

1165 1281 1285 1340 cuntur
1305 1279 1449 1356 injuriis,
1467 1281 1503 1342 ut
1522 1281 1678 1341 credatur
1692 1281 1750 1342 vix
1763 1297 1863 1357 posse
1879 1296 1962 1342 con-

1164 1375 1303 1452 tingere,
1325 1377 1405 1453 quin
1420 1377 1552 1440 tandem
1568 1377 1657 1439 inter
1671 1393 1728 1439 eos
1747 1393 1870 1454 guerra
1888 1393 1961 1438 ma-

1164 1471 1316 1534 niieslior
1327 1474 1465 1545 oriatur,
1475 1490 1534 1536 vos
1545 1474 1638 1536 tanto
1649 1475 1832 1537 studiosius
1843 1478 1959 1538 contra

1164 1569 1243 1630 illos
1264 1571 1414 1632 volentes
1438 1571 1596 1634 assistere
1619 1572 1705 1634 dicto
1729 1572 1813 1648 regi,
1837 1573 1960 1649 quanto

1164 1666 1288 1728 certius
1308 1668 1358 1727 est
1372 1683 1430 1728 eos
1445 1683 1512 1729 non
1534 1668 1640 1730 solum
1657 1669 1763 1746 ipsIus
1779 1669 1879 1745 regis
1901 1669 1959 1730 sed

1163 1763 1265 1825 etlam
1282 1763 1541 1826 christianorum
1556 1765 1704 1826 omnium
1723 1766 1869 1827 existere
1889 1765 1958 1826 ini-

1163 1861 1277 1932 micos,
1297 1861 1549 1923 universitatem
1571 1863 1716 1924 vestram
1738 1878 1906 1938 rogamus,
1926 1864 1959 1924 et

1163 1955 1377 2018 obsecramus
1396 1959 1432 2018 in
1445 1959 1584 2020 Domino
1596 1962 1678 2022 Jesu
1695 1959 1836 2032 Christo,
1861 1975 1900 2020 ac
1921 1961 1957 2020 in

1163 2054 1394 2115 remissionem
1405 2055 1499 2116 vobis
1512 2057 1717 2133 injungimus
1732 2057 1954 2133 peccatorum,

1164 2151 1325 2226 quatenus
1342 2151 1372 2212 si
1393 2150 1477 2213 lorte
1499 2153 1564 2228 ipsi
1589 2154 1697 2214 Mauri
1712 2168 1868 2228 guerram
1885 2154 1958 2229 regi

1163 2245 1303 2308 fecerint
1323 2263 1411 2324 saepe
1434 2248 1533 2321 dict0,
1557 2249 1663 2310 eidem
1685 2265 1744 2326 pro
1768 2251 1957 2312 reverentia

1162 2345 1241 2404 Jesu
1257 2344 1390 2416 Christi,
1407 2347 1440 2406 et
1460 2345 1586 2406 honore
1607 2347 1751 2406 nominIs
1767 2347 1954 2419 christiani,

1162 2455 1379 2516 personarum
1402 2443 1435 2503 et
1451 2459 1563 2502 rerum
1585 2443 1749 2517 auxillum
1765 2443 1909 2505 viriliter
1924 2445 1957 2506 ct

1163 2537 1343 2599 efficaciter
1361 2539 1572 2615 impendatis,
1598 2541 1633 2602 ut
1650 2541 1798 2616 ipsorum
1820 2543 1957 2602 Mauro-

1162 2650 1235 2694 rum
1262 2635 1387 2706 Ieritas,
1416 2637 1551 2697 auctore
1576 2637 1727 2708 Domino,
1753 2653 1813 2714 per
1836 2639 1956 2698 vestrae

1162 2732 1293 2792 virtutis
1309 2732 1473 2792 auxilium
1488 2733 1737 2810 comprimatur,
1755 2735 1816 2794 etc.

1197 2826 1442 2898 indulgentiarum
1459 2829 1574 2899 praemia
1590 2828 1635 2897 iis,
1655 2829 1703 2900 qui
1719 2829 1773 2900 ipsi
1788 2829 1817 2884 iu
1831 2843 1866 2884 eo
1881 2827 1956 2885 bello

1162 2915 1265 2970 auxilia
1282 2915 1405 2983 tulerim,
1423 2915 1579 2986 pollicetur.

1202 3005 1319 3065 Datum
1341 3005 1458 3076 Alatri,
1476 3007 1566 3066 XVII
1581 3005 1744 3066 kalendas
1755 3005 1845 3084 julli,
1866 3022 1953 3082 pon-

1161 3101 1306 3164 tillcatue
1321 3103 1427 3164 nostri
1442 3118 1529 3164 anno
1545 3103 1650 3164 sexto.

1483 3411 1636 3498 CCXIX

1211 3562 1263 3620 Ad
1277 3563 1456 3635 Alfousum
1467 3576 1586 3637 regem
1601 3564 1898 3638 Portugolensem.

1453 3692 1661 3764 iujunillaai.

1275 3815 1421 3880 [Raynaldb
1434 3815 1511 3876 Iun,
1525 3817 1558 3866 ad
1571 3831 1612 3868 an.
1626 3817 1695 3876 laia,
1709 3817 1721 3882 5
1736 3817 1834 3882 toea]

1160 3931 1247 4004 RegIs
1266 3931 1504 3990 excommunIceti
1519 3932 1577 3990 iras
1591 3933 1719 3990 emollire
1734 3940 1819 4004 etque
1835 3933 1871 3990 ed
1885 3934 1953 3990 reli·

1195 4019 1312 4092 gionem
1328 4017 1415 4076 oillcii
1434 4020 1592 4092 principem
1612 4019 1797 4078 ferocientem
1817 4036 1953 4080 revocare

1193 4113 1313 4164 conatus
1336 4113 1379 4164 est
1403 4107 1555 4166 Honorius.
1579 4108 1658 4166 bloet
1681 4109 1789 4166 iteretis
1809 4109 1910 4168 litteris
1924 4117 1953 4168 et

1193 4209 1245 4267 per
1266 4195 1361 4267 plures
1381 4196 1532 4268 eptscopos
1554 4199 1695 4254 curaverit
1719 4197 1798 4254 illum
1822 4213 1950 4256 commo·

1193 4284 1255 4340 neri
1272 4291 1303 4340 ut
1324 4292 1519 4355 competenter
1536 4283 1715 4344 satIsIaceret
1737 4285 1952 4358 archiepiscopo

1193 4369 1380 4428 Bracharensl
1392 4371 1428 4429 dc
1438 4372 1523 4430 illatis
1535 4373 1657 4442 damnis,
1673 4371 1747 4429 etde
1759 4373 1891 4444 irrogatis
1906 4375 1949 4429 in·

1189 4457 1281 4532 jnriIs,
1296 4475 1346 4516 rex
1361 4461 1476 4518 monitis
1489 4463 1670 4532 acquiescere
1682 4461 1854 4531 contempsit
1859 4475 1869 4531 3
1884 4460 1951 4518 inde

1191 4549 1341 4606 sententiae
1352 4547 1657 4606 excommunicatienIs
1670 4546 1699 4602 in
1710 4548 1804 4618 ipsum
1818 4557 1847 4604 et
1861 4549 1948 4606 iuter·

1191 4635 1257 4694 dicti
1272 4637 1421 4695 interram
1436 4651 1516 4694 suam
1531 4635 1730 4708 promulgata.

1195 4763 1361 4824 Honorius
1372 4762 1556 4838 episcopus,
1568 4775 1684 4822 servus
1693 4774 1865 4821 servorum
1874 4759 1945 4831 liei,

1155 4858 1277 4921 illustri
1293 4861 1363 4936 regi
1380 4857 1624 4934 Portugalensl‚
1648 4857 1801 4934 spiritum
1816 4857 1948 4918 consilii

1154 4957 1309 5017 sanioris.
1947 4951 1952 4960 '

1193 5053 1262 5114 Etsi
1288 5051 1472 5114 venerabili
1497 5051 1595 5114 Iratri
1622 5054 1774 5114 nostro...
1801 5051 1949 5112 Brache-

1153 5151 1243 5212 rensi
1258 5150 1509 5228 archiepiscopo
1531 5149 1796 5226 persecutionem
1814 5148 1949 5224 propter

347 5243 516 5317 susceptae
547 5243 718 5305 servitutis
740 5241 898 5315 cilicium,
926 5245 1011 5321 quod
1036 5263 1098 5310 nos
1149 5248 1314 5326 justitiam
1328 5248 1479 5324 patienti,
1496 5249 1655 5324 tanquam
1669 5245 1774 5309 nobili
1789 5245 1946 5307 Ecclesiae

307 5338 481 5403 carissimo
499 5339 533 5399 in
549 5339 686 5401 'Christo
701 5339 771 5401 filio
790 5340 904 5402 nostro
919 5341 1043 5405 Jacobo
1055 5344 1099 5404 il-

305 5437 404 5500 lustri
422 5435 494 5512 regi
511 5438 714 5510 aragonum,
736 5436 822 5498 elcut
842 5436 877 5498 et
898 5436 975 5500 aliis
990 5439 1099 5502 chris-

1153 5347 1212 5408 Dei
1222 5344 1380 5417 membro,
1393 5359 1437 5406 ex
1446 5345 1564 5406 intimo
1575 5344 1696 5406 mentis
1707 5343 1948 5419 compatiamur

1152 5442 1285 5514 affectu,
1301 5458 1344 5503 ex
1358 5457 1397 5502 eo
1417 5442 1528 5503 tamen
1543 5441 1776 5518 exspectantes
1793 5437 1948 5502 consola-

217 5601 226 5612 „
305 5535 407 5597 tianIs
452 5516 658 5612 principibus
703 5533 873 5601 constituit
920 5535 1095 5610 debitores,
1150 5539 1253 5602 tionIs
1265 5539 1420 5600 solatium
1434 5538 1676 5609 incunctanter,
1694 5535 1749 5613 qui
1765 5535 1946 5598 clamantes
