4258 6394
293 171 353 230 463

289 326 403 390 clesiae
422 327 487 389 tuae
508 327 622 390 videas
648 327 816 403 expedire.
840 329 958 389 Datum
980 330 1086 390 Late-

290 425 377 496 rani,
399 426 445 485 Xl
467 423 629 486 kalendas
643 423 839 498 decembris,
853 438 942 487 anno
955 428 1086 488 octavo.

623 672 767 759 XLVII

303 825 355 886 Ad
369 823 578 900 numerurm
589 824 775 894 Sdtrtoum,
791 824 1073 884 archidiaconum

543 919 841 980 Zoutnozteusem.

543 1047 579 1105 al
594 1047 726 1106 novemb.
745 1048 824 1105 lm.

378 1171 509 1234 [Thalnam
520 1172 586 1222 llon.
601 1169 724 1230 Paionia,
737 1175 756 1219 t.
774 1171 793 1230 l,
807 1185 833 1235 p.
850 1169 888 1228 rt,
903 1184 929 1220 n.
940 1169 994 1234 so]

289 1283 500 1344 Archidiacono
513 1283 721 1354 zavilroztensi,
732 1285 864 1342 dioecesis
879 1285 1089 1356 Cracoviensis,

327 1388 343 1430 a
359 1373 612 1446 magnatibussuve
627 1373 755 1446 regionis
776 1374 813 1431 ob
833 1374 927 1432 zelum
940 1374 1091 1444 religionis

330 1463 469 1519 insectatu
494 1461 668 1534 indulgetur,
692 1467 724 1517 ut
747 1462 776 1518 in
794 1461 923 1518 ecclesiis
946 1461 1091 1532 inquibus

328 1547 466 1608 beneficia
480 1549 596 1618 obtinet,
612 1564 663 1622 per
678 1550 799 1608 vicanos
814 1552 903 1622 possit
917 1549 1070 1606 deservire.

332 1675 500 1736 Honorius
513 1675 698 1752 eptscopus,
709 1690 825 1736 servus
835 1689 1008 1736 servorum
1017 1675 1087 1744 Dei,

293 1772 414 1834 dilecto
429 1772 498 1833 tilio
516 1773 676 1847 magistro
695 1771 837 1843 sdizlao,
852 1771 1089 1832 archidiacono

293 1869 535 1940 Zaviltoztensi,
560 1869 791 1930 cracoviensis
810 1869 976 1940 dioecesis‚
993 1868 1090 1928 salu-

293 1967 360 2028 tem
379 1967 413 2027 et
426 1965 649 2042 Apostolicam
661 1963 939 2026 benedictionem.

333 2060 1089 2138 certantibusprojustitiaetlaborantibuspro

294 2158 1089 2235 ecclesiasticalibertate,impendimusauxilium

294 2258 329 2318 et
339 2255 498 2327 favorem,
515 2270 615 2331 quum
631 2255 666 2316 in
681 2254 733 2316 bis
747 2255 852 2317 nostri
867 2255 976 2332 potius
989 2255 1090 2316 eoad-

913 171 1091 242 lionornl
1112 171 1157 232 111
1180 172 1346 234 ornat..

1886 173 1949 232 464

1188 329 1949 407 Expartevestranoblsfuitbumilitersuppll·

1148 428 1271 498 catum,
1287 429 1324 489 ut
1336 426 1550 504 quumfelicis
1564 426 1734 488 memorias
1743 426 1947 488 Coelestinus

1148 526 1238 598 Papa
1253 523 1481 600 praedecessor
1501 526 1625 596 noster,
1652 523 1848 586 facultatum
1866 539 1944 584 mo-

1147 622 1288 682 nasterii
1311 622 1415 682 vestri
1438 623 1598 698 qualitate
1619 623 1770 698 pensata,
1796 621 1947 682 tricena-

1146 719 1234 778 rium
1252 719 1445 780 moniaIIum
1473 734 1648 780 numerum
1676 719 1711 779 in
1738 719 1944 780 monasterio

1146 817 1256 876 vestro
1277 818 1426 877 tamum
1454 815 1549 876 vobis
1579 815 1770 885 indulserIt,
1796 815 1834 876 ut
1854 815 1944 878 ultra

1146 911 1254 986 ipsum
1275 911 1402 972 nnllam
1426 913 1629 986 cogeremini
1653 913 1802 988 recipere
1824 913 1860 972 in
1882 927 1942 974 so-

1146 1021 1267 1078 rorem,
1292 1008 1359 1068 nisi
1381 1007 1465 1070 adeo
1490 1009 1685 1071 monasterii
1706 1010 1943 1070 excrescerent

1146 1101 1331 1172 facultates,
1348 1105 1434 1181 quod
1450 1107 1571 1167 merito
1581 1105 1717 1166 deberet
1730 1105 1854 1166 ibidem
1869 1121 1942 1181 per·

1146 1215 1303 1262 sonarum
1327 1215 1485 1263 numerus
1507 1201 1679 1276 adaugeri,
1692 1217 1782 1263 nunc
1796 1200 1941 1263 faculta-

1145 1297 1234 1358 tibus
1248 1313 1309 1374 per
1325 1299 1456 1360 Domini
1469 1299 1611 1374 gratiam
1626 1298 1860 1374 augmentatis,
1876 1314 1940 1360 vo-

1144 1392 1196 1454 bis
1222 1394 1391 1455 licentiam
1415 1394 1559 1470 augendi
1573 1410 1793 1472 personarum
1815 1409 1939 1456 nume·

1145 1506 1218 1552 rum
1246 1492 1415 1568 usquead
1442 1491 1734 1568 quadragesimum
1759 1491 1942 1554 concedere

1145 1587 1370 1663 dignaremur.
1387 1590 1456 1649 Nos
1471 1588 1583 1666 itaque
1593 1589 1714 1650 vestris
1729 1588 1944 1664 supplicatio-

1145 1683 1243 1746 nibus
1265 1684 1432 1755 inclinati,
1461 1685 1556 1747 vobis
1576 1683 1774 1747 auctoritato
1789 1700 1940 1760 praesen-

1144 1781 1227 1842 tium
1266 1783 1437 1844 licentiam
1477 1781 1691 1843 concedimus
1727 1781 1939 1857 postulatam.

1144 1878 1235 1938 Nulli
1250 1893 1341 1954 ergo,
1358 1880 1435 1951 ete,
1451 1879 1538 1940 bane
1557 1878 1712 1954 paginam
1728 1881 1849 1940 nostrae
1864 1893 1942 1940 con·

1144 1975 1318 2046 cessionis,
1348 1977 1411 2036 etc.
1442 1977 1478 2036 Si
1500 1976 1575 2052 quis
1590 1975 1712 2047 autem,
1738 1975 1942 2036 etc.1)atum

1145 2072 1312 2140 Laterani,
1341 2075 1417 2134 Vlll
1446 2071 1607 2134 kalendas
1632 2071 1826 2142 decembris,
1849 2085 1940 2134 anno

1145 2169 1272 2229 octavo.

289 2353 421 2431 jutores
435 2352 581 2414 existere
592 2352 779 2426 videantur,
801 2352 858 2430 qui
872 2351 1089 2414 ecclesiarum
1200 2409 1205 2420 ,

293 2449 441 2512 omnium
459 2463 572 2510 curam
586 2450 738 2512 tenentur
749 2464 867 2525 gerere
886 2449 1087 2525 generalem.

252 2577 256 2588 ·
294 2551 400 2628 Quum
421 2547 523 2624 igitur
534 2548 692 2624 tanquam
709 2546 761 2610 vir
775 2545 882 2608 tidelis
897 2547 931 2610 et
944 2547 1089 2623 prudens

294 2647 409 2708 contra
434 2659 649 2722 oppressores
677 2644 894 2706 ecclesIarum
910 2643 1089 2720 magnani-

293 2741 392 2804 miter
406 2743 438 2804 te
451 2755 634 2819 opponens,
648 2739 774 2819 pluries
784 2740 826 2802 ad
842 2740 959 2804 Sedem
977 2745 1087 2820 Apos-

293 2839 429 2900 tolicam
464 2837 632 2909 laborans,
658 2853 723 2916 qua
746 2853 784 2900 re
810 2839 989 2902 multorum
1015 2853 1088 2900 ma-

291 2937 427 3010 gnatum
466 2935 660 2998 inimicitias
688 2935 881 3007 incurristi,
914 2935 1033 3012 quibus
1055 2939 1088 2998 te

290 3031 437 3094 indebite
452 3031 727 3109 persequentibus
745 3032 782 3092 in
804 3031 897 3103 locis,
917 3031 1087 3108 inquibus

293 3127 455 3190 beneficia
477 3127 617 3200 obtines,
645 3129 764 3204 nequis
789 3126 957 3190 interdum
971 3143 1087 3190 secure

291 3225 428 3296 morari,
444 3226 477 3287 et
501 3225 668 3288 interdum
695 3224 807 3291 etiam,
834 3224 913 3286 dum
936 3239 996 3302 pro
1021 3239 1088 3288 una

292 3319 437 3392 laboras,
452 3320 493 3381 ab
504 3321 646 3381 aliarum
661 3320 829 3398 obsequiis
843 3320 1040 3383 subtrahere
1054 3323 1087 3384 te

292 3418 440 3496 oportet:
460 3433 521 3478 nos
543 3416 704 3489 nolentes,
720 3420 756 3480 ut
767 3418 845 3479 inde
862 3419 1000 3496 patiaris
1014 3419 1086 3480 dis-

291 3515 459 3592 pendium,
477 3514 564 3576 unde
579 3515 750 3591 praequm
766 3515 977 3592 promereris,
992 3515 1088 3578 devo

290 3613 393 3676 tionis
418 3613 485 3674 tuae
507 3612 661 3689 precibus
687 3611 862 3684 inclinati,
890 3613 1087 3676 auctoritate

290 3710 353 3773 tibi
365 3710 579 3787 praesentIum
589 3707 812 3786 indulgemus,
822 3711 859 3772 ut
872 3710 906 3771 in
919 3711 1084 3784 ecclesiis,

291 3824 310 3870 a
324 3807 443 3886 quibus
456 3807 619 3870 beneficia
634 3807 774 3878 obtines,
788 3808 902 3869 valeas
919 3823 980 3884 per
993 3809 1088 3873 vica-

290 3905 360 3967 rios
384 3905 522 3966 idoneos
549 3903 728 3965 deservire.
756 3903 847 3965 Nulli
873 3920 973 3981 ergo,
1000 3907 1084 3979 etc,

199 3997 202 4006 '
290 4003 414 4065 nostrae
436 3999 674 4072 concessionis,
696 4003 757 4062 etc.
783 4001 818 4061 Si
841 4002 926 4078 quis,
943 4003 1006 4064 etc.
1020 4005 1088 4064 Da-

290 4100 360 4158 tum
400 4098 568 4170 Laterani,
594 4097 669 4158 VIII
695 4096 857 4158 kalendas
890 4097 1084 4170 decembris,

291 4195 503 4271 pontillcatus
518 4194 624 4256 nostri
637 4209 724 4255 anno
737 4195 865 4256 octavo.

605 4461 773 4550 XLVllI

310 4616 363 4676 Λα
374 4615 583 4675 abouttssom
597 4615 631 4675 et
645 4615 852 4676 conuentum
864 4615 899 4675 S.
916 4615 1066 4674 Amoudt

563 4712 808 4788 Rottomcqen.

546 4841 582 4900 ii
594 4841 727 4900 novemb.
746 4839 824 4897 ltro.
869 4821 877 4835 ’

306 4957 428 5024 [liegest.,
444 4957 490 5008 lib.
504 4957 572 5015 vlll,
585 4957 659 5021 epist.
672 4955 712 5004 99.
721 4954 777 5004 mss.
790 4953 826 5004 Lu
836 4954 912 5004 Porto
929 4955 963 5004 du
976 4953 1069 5020 rnen]

326 5071 496 5146 Adaugendi
525 5083 711 5144 personarum
735 5081 886 5126 numerum
906 5085 998 5140 usque
1016 5061 1051 5128 nd

407 5159 660 5232 quadragesimum
675 5155 819 5214 licentiam
833 5156 973 5216 concedit.

331 5275 510 5346 Honorius,
538 5276 614 5342 etc..
631 5274 761 5336 dilectis
784 5275 820 5336 in
847 5274 978 5338 Christo
993 5273 1085 5338 tilia-

291 5379 390 5449 bus..,
403 5373 580 5436 abbatissae
591 5374 624 5434 et
632 5373 811 5436 conventui
823 5373 936 5436 sancti
945 5374 1085 5436 rimandi

292 5475 544 5550 notnomagen,
561 5471 714 5543 salutem,
730 5472 792 5533 etc.

1481 2513 1614 2620 XLIX¹

1283 2693 1335 2752 Ad
1360 2695 1573 2756 mercatores
1593 2695 1795 2755 Pemtstnos.

1402 2840 1436 2898 ²⁷
1448 2839 1583 2898 novemb.
1600 2841 1683 2898 ¹223.

1204 2978 1337 3044 [Tireinen
1348 2979 1411 3033 cod.
1422 2981 1559 3046 dipl-dom.
1572 2986 1661 3048 temp,
1670 2981 1690 3042 1,
1700 2981 1741 3040 vlt,
1756 2995 1782 3030 n.
1793 2979 1860 3045 lta]

1142 3121 1259 3180 Mandat
1285 3129 1317 3180 ut
1342 3137 1400 3181 non
1420 3123 1551 3181 obstante
1570 3122 1723 3180 cardinalis
1749 3124 1777 3181 S.
1802 3121 1939 3180 Praxedis

1176 3217 1292 3280 statuto,
1308 3225 1344 3268 ex
1356 3227 1389 3268 se
1399 3219 1525 3269 rectores
1535 3213 1644 3284 eligere
1658 3211 1779 3284 possint,
1792 3211 1841 3282 qni
1854 3209 1939 3270 falsa-

1178 3297 1235 3354 rtos
1250 3313 1391 3356 mensurae
1406 3308 1435 3356 et
1448 3298 1581 3373 ponderis
1596 3299 1725 3372 puniant,
1737 3299 1816 3372 pacis
1831 3297 1937 3356 ioedcra

1177 3386 1286 3454 ineant,
1301 3393 1357 3444 etc.

1183 3531 1350 3592 HonorIus
1379 3533 1564 3609 episcopus,
1594 3533 1670 3603 etc,
1707 3531 1838 3594 dilectis
1859 3530 1939 3592 liliis

1142 3629 1383 3690 mercatoribus
1394 3629 1576 3701 Perusinis,
1589 3629 1742 3694 salutem.

1181 3726 1274 3788 Licet
1292 3726 1476 3799 incivitate
1492 3725 1656 3788 Perusina
1672 3740 1732 3802 per
1743 3724 1867 3788 statuta
1881 3725 1939 3786 di-

1142 3823 1219 3884 lecti
1235 3822 1298 3882 nlii
1312 3823 1419 3884 nostri
1446 3825 1489 3894 I..
1506 3822 1595 3885 tiluli
1623 3823 1753 3884 Sanctae
1773 3821 1938 3884 Praxedis

1142 3919 1326 3996 presbyteri
1348 3919 1541 3990 cardinalis,
1567 3919 1797 3994 colligationes
1821 3933 1938 3982 omnes

1142 4019 1176 4077 et
1186 4017 1362 4079 societates
1376 4017 1541 4080 universae
1556 4016 1725 4078 dissolutae
1740 4015 1936 4087 noscantur,

1142 4111 1340 4174 falsitatibus
1364 4114 1475 4176 tamen
1489 4113 1523 4174 et
1536 4112 1660 4189 iniquis
1686 4112 1938 4175 adinventioni-

1141 4209 1203 4271 bus
1215 4209 1434 4284 plurimorum
1445 4208 1582 4272 obviare
1594 4209 1753 4281 volentes,
1768 4209 1939 4280 universi-

1140 4305 1202 4370 tan
1215 4305 1334 4368 vestrae
1345 4306 1559 4384 praesentium
1571 4305 1769 4368 auctoritate
1785 4305 1939 4367 commit-

1141 4402 1301 4474 timeant
1320 4402 1442 4480 ubique
1462 4402 1597 4479 possitis
1619 4417 1662 4464 ex
1678 4401 1773 4466 vobis
1790 4401 1938 4472 rectores

1141 4499 1275 4576 eligere,
1289 4500 1346 4578 qui
1368 4500 1509 4576 puniant
1522 4499 1700 4562 falsitatem
1723 4499 1760 4560 in
1781 4514 1938 4563 mensure

1140 4598 1174 4658 et
1192 4595 1337 4672 pondere
1361 4597 1615 4670 committentes,
1632 4601 1666 4660 et
1679 4599 1777 4674 prout
1789 4612 1935 4658 consue-

1140 4693 1247 4764 vistis,
1265 4694 1386 4755 stratas
1402 4692 1564 4766 relictant,
1574 4695 1666 4770 pacis
1680 4694 1796 4755 ineant
1808 4693 1936 4756 foedera

1140 4792 1173 4852 et
1198 4791 1238 4852 de
1262 4790 1428 4853 conductu
1453 4791 1581 4867 possint
1605 4791 1780 4868 providere
1803 4806 1933 4862 securo,

1140 4886 1242 4951 salvis
1257 4901 1317 4963 per
1338 4886 1450 4948 omnia
1475 4887 1607 4948 statutis
1622 4885 1759 4958 eisdem,
1776 4887 1813 4948 ut
1838 4901 1939 4948 occa-

1140 4985 1235 5045 sione
1250 4983 1451 5060 hujusmodi,
1462 4999 1523 5044 nec
1539 4983 1714 5045 societates
1724 4984 1779 5044 vel
1794 4982 1938 5059 colliga-

1139 5081 1259 5153 tiones,
1289 5082 1348 5142 aut
1375 5081 1442 5142 alla
1469 5097 1527 5157 per
1548 5079 1701 5142 eumdem
1729 5080 1937 5143 cardinalem

1140 5177 1282 5240 inhibita
1308 5181 1533 5241 resumantur.
1548 5177 1640 5238 Nulli
1656 5178 1838 5253 argeste,
1855 5192 1938 5239 nos-

1139 5276 1200 5336 trae
1228 5277 1471 5348 concessionis,
1499 5278 1562 5338 etc.
1584 5275 1620 5344 Si
1635 5276 1711 5352 quis
1726 5277 1854 5347 autem,
1871 5276 1934 5336 etc.

1141 5375 1259 5436 Datum
1270 5374 1436 5445 Laterani,
1453 5376 1481 5438 V
1496 5373 1564 5434 kal.
1588 5371 1784 5456 decembris,
1801 5371 1937 5450 pontin-

1143 5473 1236 5534 catus
1249 5471 1353 5534 nostri
1368 5485 1456 5532 anno
1472 5471 1600 5532 octavo.
