4274 6388
304 289 362 351 175

302 447 410 508 mensi
435 449 468 510 et
494 449 679 510 senonensi
703 449 960 524 archidiacone,
985 452 1098 514 etma-

303 545 409 620 gistro
436 543 566 624 Ptetro)
601 546 642 607 de
675 546 888 617 Collemedio,
925 550 1097 624 capellano

303 642 428 712 nostro,
444 642 595 704 Parisius
610 645 839 716 commoranti,
864 645 1017 717 salutem,
1033 646 1095 707 etc.

344 739 484 800 Inimico
513 739 656 811 homine,
686 741 742 816 qui
764 742 915 803 incentor
934 743 1097 804 malorum

304 835 365 904 est,
382 837 520 913 etquem
536 837 612 898 odia
626 839 659 898 et
673 838 828 899 scissurae
844 839 1009 901 delectant
1023 839 1097 901 dis-

304 934 508 1004 sensionum,
533 936 819 1010 superseminante
853 937 982 998 zizania
1010 937 1098 1000 inter

304 1030 530 1092 venerabilem
543 1031 680 1092 tratrem
695 1033 843 1095 nostrum
854 1032 1097 1113 episcopum(1)

305 1129 338 1188 et
352 1125 529 1188 officialem
543 1127 660 1204 ipsius
678 1129 711 1190 et
726 1129 963 1191 cancellarium
976 1129 1028 1209 (2),
1039 1134 1100 1192 Pa-

304 1223 491 1295 risiensem,
508 1240 551 1286 ea
576 1226 669 1300 parte
692 1241 768 1297 una,
792 1227 824 1288 et
847 1228 1098 1290 universitatem

304 1321 538 1396 magistrorum
569 1323 771 1384 scholarium
798 1325 1035 1396 parisiensem,
1056 1340 1100 1386 ex

304 1418 422 1491 altera,
439 1419 550 1493 gravis
563 1419 758 1495 jamdudum
773 1419 940 1482 discordia
952 1423 1002 1483 est
1016 1421 1100 1482 suh-

306 1516 378 1576 orta
391 1513 450 1593 (3).
459 1516 528 1576 Nos
538 1531 629 1587 vero,
642 1515 848 1579 detrimentis
859 1533 900 1589 ex
911 1519 1099 1594 hujusmodi

304 1611 492 1672 turbatione
501 1613 625 1688 paratis
638 1629 814 1676 occurrere
826 1615 1008 1692 cupientes,
1024 1631 1100 1676 cau·

305 1723 376 1768 sam
396 1723 497 1784 super.
520 1709 619 1770 certis
648 1711 812 1782 articulis,
841 1711 883 1772 ad
907 1713 1099 1788 petitionem

304 1805 453 1881 ejusdem
476 1806 636 1882 episcopi,
664 1808 911 1870 venerabilibus
941 1808 1100 1870 tratribus

305 1903 429 1963 nostris
457 1903 710 1980 archiepiscopo
738 1906 972 1966 cantuariensi
991 1904 1050 1984 (4),
1069 1905 1102 1966 ct

304 2001 463 2060 Trecensi
479 1998 526 2077 (5)
554 2015 592 2060 ac
623 2001 821 2062 Lexoviensi
847 1999 894 2080 (6)
918 2003 1098 2078 episcopis,

306 2097 368 2156 sub
390 2097 481 2158 certa
496 2097 600 2158 torma
630 2097 785 2158 duximus
813 2099 1096 2169 committendam,

306 2192 395 2254 iuter
409 2194 474 2254 alia
490 2195 702 2270 injungentes
717 2195 841 2255 eisdem
858 2199 894 2256 ut
907 2195 1100 2258 laborarent

307 2289 348 2350 ad
371 2289 615 2352 reformandam
637 2293 726 2352 inter
741 2294 852 2368 partes
873 2294 1098 2365 concordiam,

308 2401 372 2462 qua
388 2388 492 2462 magis
506 2404 603 2464 quam
621 2389 824 2464 judiciorum
844 2390 985 2466 strepitu
999 2406 1103 2465 expe-

305 2483 392 2545 diret
412 2487 579 2560 negotium
594 2486 786 2558 terminari;
813 2487 870 2548 sed
886 2488 928 2548 ad
951 2487 1034 2558 haec,
1052 2487 1103 2548 ia-

310 2584 418 2645 ciente
434 2583 491 2643 illo
506 2583 562 2660 qui
589 2600 661 2660 quae
688 2583 837 2644 caritatis
864 2587 896 2644 et
913 2585 1003 2660 pacis
1026 2585 1103 2646 sunt

309 2681 389 2750 odit,
410 2697 477 2741 non
501 2681 607 2756 potuit
635 2681 819 2757 pervenire.
851 2681 952 2742 iidem
974 2697 1103 2758 quoque

305 2778 447 2856 judices,
476 2779 610 2854 propter
635 2779 796 2855 quasdam
825 2779 1039 2855 exceptiones
1063 2778 1128 2856 ab

305 2876 454 2937 adversa
478 2879 572 2952 parte
590 2876 787 2952 propositas,
805 2876 883 2938 licet
897 2876 1104 2936 inhibuerint

306 2989 367 3045 ne,
384 2975 443 3035 lite
459 2974 632 3050 pendente,
648 2974 772 3050 aliquid
786 2973 940 3034 innovari
955 2972 1100 3044 deberet,

313 3071 348 3131 in
367 3070 458 3131 nullo
483 3086 582 3146 super
596 3070 774 3148 principali
785 3071 917 3145 negotio
930 3086 1102 3146 processe·

310 3169 465 3230 runtzex
489 3182 553 3242 quo
578 3167 701 3228 lactum
730 3169 876 3243 estquod
890 3171 1102 3243 exaggeratas
1125 3169 1128 3176 ⁴

310 3266 387 3327 sunt
404 3265 610 3340 postmodum
628 3265 829 3340 quaestiones
854 3265 886 3326 et
911 3266 987 3326 lites
1003 3267 1103 3326 etiam

307 3363 513 3432 instauratae,
529 3361 737 3438 studiumque
752 3377 961 3432 concussum,
979 3365 1015 3424 ut
1033 3365 1103 3439 jarn

309 3458 461 3520 videatur
471 3458 699 3519 dissolutionis
715 3459 863 3534 periculo
876 3459 1061 3535 subjecere.

351 3559 431 3616 Cum
446 3555 559 3618 autem
572 3555 705 3631 quidam
725 3571 768 3616 ex
789 3555 955 3630 praedictis
976 3556 1102 3630 magis-

310 3653 372 3713 tris
390 3669 463 3713 cum
479 3653 692 3713 multitudine
712 3653 915 3713 scholarium
936 3669 995 3729 pro
1017 3668 1053 3713 se
1066 3669 1105 3713 ac

307 3749 399 3819 aliis,
417 3763 545 3810 necnon
561 3749 593 3810 et
607 3751 805 3825 procurator
823 3747 928 3825 ipsius
941 3748 1102 3826 episcopi,

310 3847 353 3910 ad
382 3849 531 3908 nostram
567 3846 780 3922 praesentiam
807 3846 1040 3918 accessissent,
1071 3847 1104 3908 et

311 3944 399 4004 idem
413 3945 589 4020 episcopus
602 3943 810 4005 revocaverit
828 3943 869 4003 ab
892 3943 1007 4004 eodem
1027 3959 1106 4019 pro·

312 4042 467 4102 curatore
480 4039 683 4111 mandatum,
701 4040 796 4101 nobis
822 4041 999 4102 insinuans
1019 4041 1104 4117 quod

311 4135 469 4216 prosequi
484 4152 620 4197 causam
636 4137 743 4212 ipsam
760 4137 794 4196 in
811 4137 945 4212 propria
964 4153 1104 4214 persona

312 4234 456 4305 volebat,
481 4234 615 4296 tandem
651 4235 862 4309 exspectatus
889 4235 1012 4295 diutius
1039 4252 1105 4296 non

312 4333 475 4393 accessit:
492 4331 546 4392 cui
562 4347 623 4391 nos
647 4331 776 4392 deterre
802 4330 962 4402 volentes
991 4332 1105 4392 nolui-

311 4444 395 4500 mus,
412 4430 485 4505 ipso
509 4426 657 4500 absente,
675 4429 709 4488 in
726 4429 858 4504 negotio
873 4428 999 4490 habere
1022 4445 1104 4506 pro-

363 4607 390 4680 l)
406 4607 587 4664 Guillelmum
603 4606 638 4666 de
654 4607 807 4665 Silliniaco.

348 4607 389 4753 (2)
407 4679 568 4750 Philippum
597 4673 630 4734 tte
651 4681 750 4734 (irenes
762 4678 1014 4760 arbitramur,qui,
1033 4693 1103 4751 prae·

312 4752 493 4812 decessorum
516 4763 643 4818 suorum,
670 4751 828 4821 praesertim
854 4752 974 4808 loannis
988 4749 1023 4806 de
1038 4751 1107 4808 Can·

311 4825 393 4892 dalis,
412 4821 541 4893 vestigiis
554 4821 696 4888 insistens,
707 4835 757 4876 sua
771 4819 920 4877 insoholes
930 4821 1107 4877 parisienses

313 4894 506 4952 ‘urisdictlonc
521 4893 647 4964 graviter
671 4890 848 4960 abutebatur,
867 4905 900 4947 aa
921 4891 1030 4948 scilicet
1046 4907 1105 4948 rno-

309 4911 405 5023 {iendo
420 4979 484 5035 qnae
499 4969 595 5019 vetant
624 4961 735 5017 articuli
758 4959 829 5018 inira
851 4961 974 5033 legendi.
996 4962 1055 5028 Qua
1071 4961 1106 5018 dc

310 5051 342 5094 re
357 5037 423 5092 vide
438 5035 591 5107 Egnssiuur
621 5032 658 5088 du
685 5032 800 5104 Boulay.
822 5034 872 5100 ill,
890 5033 942 5089 lot
964 5040 992 5088 et
1009 5047 1105 5104 seqq.;

228 5113 233 5122 ’
310 5109 336 5166 Ι.
351 5109 383 5164 Β.
401 5105 471 5163 Lud.
488 5104 612 5170 Crevier,
634 5107 656 5160 Ι.
677 5103 809 5160 287-292.

349 5177 387 5250 (3)
405 5173 616 5234 Recurrendum
646 5182 689 5229 est
704 5188 789 5244 supra
810 5173 845 5230 ad
862 5173 979 5230 lionorii
998 5189 1014 5230 e
1037 5174 1104 5231 isto·

310 5249 368 5308 lam
385 5245 510 5303 tillibri
526 5244 611 5314 tertii,
625 5244 788 5312 annoliltl,
806 5246 884 5314 till,
901 5245 955 5301 col.
973 5189 1034 5303 aa&

361 5317 390 5384 Ι)
408 5315 563 5388 Stephano.

363 5390 392 5460 d)
409 5391 530 5446 llervco.

347 5463 386 5534 (tii
404 5457 554 5517 Guillelmo
569 5453 815 5514 dePontcnrchae.
837 5517 840 5524 Δ

349 5535 390 5605 (Ι)
407 5529 554 5589 Mauricio.

346 5607 387 5680 (8)
405 5600 530 5676 Egregie
545 5613 560 5656 a
574 5599 723 5658 Guillelmo
739 5597 774 5656 dc
790 5599 933 5657 silliniaco
953 5597 1105 5658 Parisiensi

915 294 1090 356 HONORII
1113 295 1158 356 ΙΙΙ
1179 295 1327 374 opsita.

1887 293 1945 354 tto

1152 467 1295 521 cessum,
1309 453 1418 528 ipsum
1438 450 1499 514 suh
1521 453 1612 514 certa
1637 452 1744 514 torma
1758 449 1945 514 venerabili

1152 549 1249 610 tratri
1265 551 1378 612 nostro
1391 549 1654 610 cenomannensi
1669 549 1824 626 episcopo
1839 547 1886 626 (7)
1910 550 1947 611 et

1152 646 1462 723 suisconJudicibus
1479 645 1721 708 committentes
1737 644 1796 724 (8).
1809 649 1944 714 Verum,

1153 745 1230 820 quia
1244 745 1279 804 in
1290 745 1540 808 universitatem
1554 743 1787 818 magistrorum
1803 743 1836 804 et
1846 743 1947 804 scho-

1154 840 1275 902 larium
1302 841 1489 917 generales,
1513 840 1547 901 in
1574 841 1733 916 quosdam
1754 854 1834 900 vero
1855 840 1949 916 ipso-

1154 955 1239 1011 rum,
1270 939 1446 999 occasione
1472 938 1572 1014 hujus
1601 937 1743 1008 dissidii,
1784 936 1947 1013 speciales

1155 1035 1508 1098 excommunicationis
1532 1033 1670 1110 prolatae
1685 1033 1859 1095 sententiae
1887 1033 1945 1094 di-

1154 1132 1323 1204 cebantur,
1339 1147 1399 1192 nos
1411 1133 1447 1192 in
1462 1131 1620 1207 praedicto
1634 1131 1765 1206 negotio
1781 1129 1821 1190 de
1834 1130 1948 1207 provi-

1154 1229 1266 1290 dentia
1281 1245 1379 1306 quam
1393 1229 1497 1304 exigit
1512 1227 1741 1305 procedentes,
1760 1242 1818 1288 eas
1833 1243 1948 1289 omnes

1154 1325 1380 1387 relaxavimus
1404 1324 1446 1386 ad
1474 1325 1650 1396 cautelam,
1668 1327 1701 1384 et
1718 1323 1948 1386 revocavimus

1154 1423 1189 1484 in
1201 1423 1334 1485 irritum
1349 1422 1517 1500 quicquid,
1533 1423 1705 1498 postquam
1721 1420 1851 1497 praelati
1875 1437 1949 1481 ma-

1154 1521 1251 1598 gistri
1260 1521 1294 1582 et
1308 1520 1477 1581 scholares
1503 1520 1567 1580 iter
1590 1517 1804 1594 arripuerunt
1824 1517 1865 1578 ad
1884 1521 1948 1580 Se-

1155 1618 1229 1678 dem
1241 1617 1462 1692 Apostolicam
1478 1615 1644 1687 veniendi,
1662 1617 1712 1676 est
1726 1614 1946 1692 abepiscopo,

1155 1713 1356 1776 cancellario
1370 1714 1403 1776 et
1415 1713 1552 1774 officiali
1567 1712 1746 1789 praedictis,
1763 1711 1816 1772 vel
1831 1727 1850 1772 a
1866 1727 1950 1788 quo-

1156 1827 1253 1888 quam
1263 1811 1411 1886 ipsorum
1420 1810 1565 1881 nomine,
1583 1809 1788 1878 innovatum,
1800 1807 1950 1872 volentos

1156 1911 1192 1969 ut
1211 1907 1345 1968 interim
1360 1906 1511 1982 magistri
1526 1907 1560 1968 in
1577 1923 1637 1966 sua
1653 1905 1804 1982 plenaria
1823 1919 1951 1981 posses·

1158 2005 1252 2064 sione
1279 2004 1333 2063 vel
1357 2005 1452 2080 quasi
1476 2005 1661 2074 serventur,
1685 2018 1747 2063 nec
1772 2002 1950 2062 innovetur

1157 2099 1283 2176 aliquid
1298 2100 1340 2160 ab
1356 2100 1492 2160 eisdem.

1198 2199 1226 2256 1.
1244 2197 1317 2256 Non
1340 2195 1516 2271 capiantur
1543 2195 1717 2256 occasione
1742 2195 1943 2271 delinquen-

1157 2293 1238 2353 tium
1265 2293 1479 2366 innocentes;
1508 2292 1577 2362 sed,
1609 2292 1637 2352 si
1666 2293 1782 2352 contra
1806 2291 1950 2367 aliquem

1158 2390 1304 2464 suspicio
1324 2389 1488 2450 habeatur
1512 2388 1704 2464 probabilis,
1731 2385 1868 2449 honeste
1893 2387 1952 2448 de-

1157 2489 1278 2558 tentus,
1305 2487 1459 2548 cautione
1483 2485 1643 2562 praestita,
1660 2485 1857 2546 dimittatur.
1879 2485 1949 2546 Nec

1159 2584 1333 2660 episcopus
1349 2585 1406 2645 aut
1432 2581 1586 2644 olilcialis
1611 2582 1715 2658 ipsius
1737 2581 1845 2642 medio
1866 2581 1953 2642 tem-

1158 2696 1238 2756 pore
1252 2680 1292 2740 ad
1307 2679 1452 2740 defuncti
1468 2679 1632 2740 scholaris
1649 2679 1735 2738 hona
1754 2693 1872 2738 manus
1891 2694 1952 2738 ex-

1159 2777 1281 2848 tendat,
1297 2793 1405 2853 neque
1423 2777 1599 2852 praedictus
1615 2777 1801 2852 episcopus,
1820 2777 1853 2836 et
1876 2773 1951 2834 olli-

1159 2874 1254 2934 cialis
1276 2890 1315 2934 ac
1334 2873 1565 2944 cancellarius,
1590 2889 1608 2932 a
1633 2871 1844 2934 licentiandis
1856 2873 1953 2948 jura-

1160 2972 1306 3034 mentum
1322 2972 1379 3032 ant
1392 2969 1611 3032 obedientiam
1630 2970 1766 3044 exigant
1785 2968 1837 3030 vel
1851 2967 1951 3030 aliam

1160 3071 1359 3140 cautionem,
1376 3069 1480 3128 donec
1495 3083 1555 3142 per
1580 3083 1640 3128 nos
1654 3066 1822 3141 negotium
1838 3064 1953 3127 termi-

1159 3169 1268 3228 netur.

1197 3267 1227 3324 2.
1243 3265 1448 3326 Demoliatur
1464 3265 1602 3340 praecise
1619 3279 1765 3326 carcere
1781 3263 1952 3326 cancella·

1158 3362 1210 3424 rio
1226 3362 1298 3436 ipso
1316 3363 1545 3434 constructus;
1563 3377 1623 3422 nec
1638 3361 1784 3436 aliquem
1801 3361 1953 3420 incarce-

1159 3457 1247 3518 rabit
1261 3456 1482 3518 cancellarius
1496 3459 1698 3518 memoratus
1716 3479 1722 3516 :
1740 3454 1797 3516 ssd
1822 3455 1953 3530 episco-

1159 3571 1232 3630 pus,
1250 3555 1277 3614 si
1294 3552 1560 3614 incarceratione
1576 3569 1657 3628 opus
1675 3553 1736 3623 est,
1753 3550 1952 3626 culpabilem

1160 3652 1297 3713 honeste
1311 3651 1345 3710 in
1361 3667 1495 3711 carcere
1511 3649 1681 3710 detinebit.

1162 3789 1164 3792 -
1199 3751 1229 3810 3.
1247 3749 1381 3810 interim
1398 3764 1527 3824 quoque
1548 3763 1609 3806 nec
1624 3747 1810 3822 episcopus,
1828 3759 1889 3805 nec
1903 3741 1955 3804 oi-

1160 3846 1290 3917 ticialis,
1308 3861 1369 3906 nec
1384 3845 1616 3915 cancellarius,
1629 3843 1856 3920 pecuniariam
1880 3856 1953 3918 poe-

1161 3959 1236 4004 nam
1252 3959 1271 4003 a
1287 3941 1457 4018 magistris
1470 3940 1523 4002 vel
1537 3939 1746 4001 scholaribus
1760 3939 1872 4014 exiget
1893 3953 1953 4014 pro

1161 4039 1512 4102 excommunicationis
1539 4037 1688 4098 emenda.
1720 4039 1789 4098 Nec
1818 4037 1952 4112 episco-

1160 4153 1231 4214 pus,
1251 4139 1285 4198 et
1306 4135 1459 4196 officialis
1475 4151 1514 4195 ac
1528 4133 1750 4195 cancellarius
1775 4131 1952 4192 memorati

1160 4233 1349 4294 licentiatos
1378 4233 1420 4293 ab
1453 4230 1571 4292 abbate
1598 4231 1729 4292 Sanctae
1760 4227 1952 4298 Genovefae,

1160 4330 1253 4407 quin,
1270 4329 1325 4390 ubi
1339 4330 1583 4400 consueverint,
1602 4327 1706 4389 libere
1721 4325 1875 4387 incedere
1889 4338 1952 4384 va-

1163 4428 1264 4499 leant,
1281 4424 1512 4488 molestabunt.

1161 4605 1295 4688 episcopo
1310 4611 1391 4676 gesta
1406 4611 1503 4662 contre
1525 4603 1678 4676 magistros
1692 4607 1721 4658 et
1732 4599 1878 4657 scholares
1893 4603 1952 4681 stu·

1161 4676 1199 4732 dri
1213 4675 1381 4732 Parisiensis
1393 4683 1531 4732 memorat
1542 4682 1570 4730 et
1581 4673 1687 4730 extollit
1700 4685 1859 4744 anonymus
1870 4683 1955 4741 scnp

1161 4754 1204 4802 tor
1229 4747 1359 4802 Historia
1382 4744 1670 4801 Autissiodorensiom
1695 4744 1957 4814 stamparum·
2015 4809 2021 4820 Ι

1163 4816 1286 4888 (llecrtcit
1298 4817 1344 4871 des
1358 4817 1446 4882 litat,
1458 4823 1477 4870 t.
1490 4815 1593 4884 XVlll,
1611 4831 1637 4886 p.
1655 4758 1731 4888 7405

1197 4889 1220 4943 E
1245 4887 1387 4942 contrario
1412 4899 1481 4942 vero
1506 4885 1672 4943 Guilletrnus
1696 4887 1772 4941 Brito
1791 4881 1956 4940 Armoricus

1161 4958 1258 5014 scribit
1269 4965 1290 5013 t.
1303 4957 1392 5024 XVll‚
1403 4971 1429 5028 p.
1448 4957 1508 5024 ΙΙΙ,
1526 4955 1571 5012 bis
1586 4955 1680 5012 verbis
1696 4972 1702 5012 :
1719 4957 1837 5022 «Anno,
1851 4955 1880 5008 iu
1902 4953 1955 5020 uit,

1163 5029 1241 5088 iiio.
1255 5027 1501 5084 altissiodorensis
1516 5028 1667 5099 episeopus
1683 5025 1849 5082 transfertur
1861 4969 1899 5106 ag
1911 5037 1955 5079 ca-

1162 5099 1291 5155 thedram
1314 5098 1482 5155 Parisicnsis
1514 5098 1652 5164 ecclesiae,
1686 5097 1802 5174 odiosus
1826 5093 1956 5164 Plulrppo

1162 5171 1223 5242 regi
1238 5176 1265 5225 et
1280 5170 1456 5226 universitati
1473 5168 1656 5232 scholarium,
1673 5181 1753 5237 cutus
1777 5164 1956 5236 improbitate

1163 5248 1256 5296 aotrnn
1268 5249 1311 5296 ost
1325 5246 1355 5296 ut
1369 5253 1469 5295 ornnes
1484 5239 1614 5310 magistri
1628 5235 1781 5308 theologiae
1794 5244 1822 5290 et
1837 5233 1955 5290 aliarum

1163 5312 1336 5379 facultatum,
1350 5312 1397 5382 qui
1414 5310 1538 5366 Parisios
1552 5307 1702 5372 docebant,
1717 5305 1955 5378 suspenderenta

1162 5381 1295 5454 legendo,
1313 5380 1433 5437 nnredia
1445 5379 1663 5451 quadragesima
1680 5375 1816 5448 usquead
1830 5373 1956 5432 medium

1162 5453 1275 5524 augusti
1299 5449 1408 5522 (ΙΙΙΙ),
1422 5458 1536 5522 propter
1555 5448 1630 5520 quod
1645 5454 1702 5504 tarn
1717 5463 1732 5504 a
1748 5447 1824 5503 clero
1841 5459 1956 5516 quama

1162 5523 1266 5594 populo
1278 5529 1306 5577 et
1318 5521 1453 5577 militibus
1465 5521 1531 5576 odio
1540 5519 1706 5576 habebatur.
1718 5515 1955 5589 (bouquetibid,

1162 5602 1230 5650 torn.
1248 5592 1336 5660 XVII,
1351 5607 1378 5664 p.
1397 5591 1471 5662 tit.)
1879 5601 1883 5610 ’
