4274 6388
294 187 354 246 299
912 128 1087 256 nonnum
1108 189 1154 253 111
1175 189 1323 262 oralia.
1403 219 1407 234 ι
1557 139 1559 144 Ι
1874 185 1937 248 300

334 345 541 426 Quapropter
566 350 764 426 provocatus
786 351 945 414 Dominus
966 350 1086 414 dexte·
1140 345 1333 410 instantiam
1347 344 1546 425 patriarchae
1568 343 1718 424 praedicti
1744 343 1934 408 stallorum

294 442 974 521 raminsinistrametgratiemmutaviiin
988 449 1084 518 iram,
1142 442 1935 518 Orientalium,innostraetfratrumnostrorum

295 539 466 614 cytharam
477 540 572 601 nobis
587 543 686 604 vertit
696 542 874 634 iniustum,
886 543 1085 618 etgaudlum
1141 543 1330 620 prasentia,
1349 546 1384 604 et
1399 539 1619 602 multitudinis
1634 538 1805 600 hominum
1820 538 1877 616 qui
1892 537 1935 600 ad

293 636 465 704 transtulit
491 637 526 698 in
555 654 741 708 moerorem,
762 656 874 716 quum,
905 639 1027 700 nostris
1050 639 1086 703 in
1140 640 1340 716 colloquium
1356 639 1526 710 venerant,
1542 651 1579 700 se
1596 636 1772 700 ducturum
1787 636 1823 696 in
1845 651 1934 698 uxo·

293 747 395 794 manu
412 733 525 794 hostili
540 735 716 806 conclusis,
731 738 763 796 ei
775 736 904 812 perdita
917 735 1084 808 Damiaia,
1140 753 1210 798 rem
1225 737 1406 812 legitimam
1423 735 1524 796 liliam
1538 734 1629 810 regis
1638 733 1787 810 ejusdem
1798 733 1936 810 jnrlsju-

292 828 388 891 brevi
416 831 544 892 dierum
572 820 710 894 numero
739 832 787 892 sic
815 833 981 895 exinaniti
1010 836 1086 894 suni
1141 832 1582 910 randireligionellrmavit.

292 928 451 1004 temporis
476 928 568 1006 longi
591 929 733 1000 labores,
760 931 845 1010 quod
881 945 947 991 non
977 929 1086 992 solum
1182 933 1269 992 Sane
1290 929 1466 1006 probabili
1496 927 1752 1006 praesumptione
1784 927 1935 988 tenemus

293 1022 562 1100 blasphemorum
585 1027 720 1102 injuriis
740 1042 861 1090 nomen
882 1029 934 1089 est
952 1027 1088 1104 exposi-
1142 1028 1227 1104 quod
1242 1043 1262 1088 a
1277 1028 1418 1090 Domino
1433 1025 1555 1087 lactum
1581 1027 1633 1087 est
1657 1023 1759 1096 istud,
1784 1024 1821 1084 ut
1847 1023 1936 1086 votis

295 1122 364 1183 tum
389 1121 619 1192 christianum,
646 1139 761 1185 verum
786 1125 886 1186 etiarn
901 1124 1008 1202 quoad
1023 1123 1088 1184 ali·
1142 1124 1287 1186 fidelium
1297 1125 1416 1202 optatae
1428 1124 1477 1184 rei
1486 1137 1661 1184 successus
1671 1121 1833 1191 exsolvat,
1848 1119 1936 1198 quod

296 1233 378 1294 quos
391 1219 447 1294 qui
462 1219 641 1296 aliquando
657 1220 983 1282 communicaverant
997 1219 1085 1292 iidei,
1142 1223 1378 1298 praconceptae
1391 1221 1462 1296 spei
1479 1218 1641 1296 praeludia
1655 1219 1879 1296 promiserunt
1893 1216 1936 1282 ed

294 1315 496 1392 contemptui
520 1315 615 1379 datus
637 1318 689 1378 est
710 1317 782 1393 ipse
807 1318 968 1379 Christus.
993 1318 1087 1380 Unde
1142 1319 1194 1382 sui
1209 1318 1484 1380 restaurationem
1510 1315 1651 1394 negetii3
1675 1315 1768 1378 tuum
1791 1315 1825 1378 et
1845 1314 1935 1376 alic-

295 1409 382 1475 lacta
395 1415 445 1474 est
459 1413 574 1474 durior
586 1415 660 1490 post
684 1415 937 1491 prosperitatem
962 1414 1086 1475 adver·
1141 1429 1216 1476 rum
1230 1430 1346 1492 regum
1360 1429 1400 1476 ec
1414 1413 1602 1492 principum
1614 1412 1745 1474 animos
1760 1412 1833 1488 ipse
1848 1411 1937 1474 illus

294 1509 397 1582 sitas,
428 1509 460 1571 et
488 1525 527 1571 eo
558 1511 668 1571 minus
700 1510 817 1572 habuit
851 1511 1087 1573 consolationis
1142 1511 1262 1572 summi
1275 1511 1376 1586 Regis
1388 1509 1557 1581 accendet,
1570 1509 1627 1588 qui
1637 1508 1678 1570 de
1688 1510 1817 1572 secreto
1826 1509 1937 1575 Patris

295 1604 445 1676 afflictio,
460 1622 525 1683 quo
540 1607 650 1668 minus
666 1609 861 1684 argumenta
877 1609 1086 1684 prosperita·
1141 1608 1177 1669 in
1192 1608 1361 1686 pubiicum
1375 1624 1542 1684 egressus,
1551 1607 1592 1670 ad
1605 1622 1720 1669 servos
1735 1607 1776 1668 ad
1786 1607 1854 1668 ima
1866 1605 1939 1670 des·

293 1703 336 1765 iis
351 1704 527 1780 praeteritae
542 1704 727 1766 subsecutae
744 1707 885 1781 jacturae
900 1706 969 1782 pati
991 1705 1088 1782 pote·
1142 1707 1262 1779 cendit,
1275 1705 1472 1778 atsubditis,
1485 1705 1526 1766 ad
1538 1719 1665 1766 summa
1675 1705 1939 1782 peraratascen-

293 1800 369 1862 rant
397 1803 632 1876 conjecturum.
670 1801 745 1874 Sed,
780 1802 858 1865 licet
892 1802 1087 1880 iniquitates
1141 1819 1227 1876 sum,
1243 1802 1539 1866 subtestanostrae
1549 1800 1937 1880 mortalitatisllgulusin

294 1899 418 1960 nostrae
436 1913 623 1974 quanquam
647 1895 694 1976 (1)
719 1897 894 1960 diviserint
911 1899 1001 1959 inter
1026 1913 1087 1959 nos
1141 1901 1240 1964 terris
1258 1900 1352 1961 visus
1368 1901 1402 1961 et
1414 1897 1690 1960 cumhominibus
1709 1900 1937 1960 conversatus.

296 1997 330 2056 et
341 1998 444 2058 Deum
461 1997 621 2068 nostrum,
638 2010 705 2056 non
718 1995 769 2058 est
782 1997 894 2056 tamen
905 1997 1087 2072 aggravata
1142 2001 1248 2058 Tuum
1260 1997 1376 2074 procul
1389 1995 1488 2058 dubio
1503 1995 1631 2074 expetit
1641 1997 1675 2058 et
1687 1997 1857 2072 exspectat
1870 2011 1936 2056 au-

294 2093 367 2168 ejus
379 2091 482 2161 auris,
497 2091 608 2152 utnon
622 2091 790 2164 exaudiat,
807 2106 868 2152 nee
882 2089 1085 2162 abbreviata,
1141 2095 1259 2155 xilimn
1285 2109 1388 2155 causa
1411 2093 1545 2164 Christi,
1569 2095 1603 2155 et
1621 2091 1793 2170 probatam
1821 2091 1937 2154 domins

294 2203 414 2249 manus
429 2190 512 2264 eius,
530 2187 792 2250 utsalvarenon
813 2189 929 2265 possit.
953 2188 1087 2250 Miseri·
1141 2193 1207 2252 tuae
1247 2191 1428 2268 polentiam
1464 2189 1631 2253 desiderat
1670 2192 1773 2251 Terra
1804 2190 1936 2252 Sanum.

293 2286 442 2348 cordiam
454 2285 574 2362 quippo
589 2300 655 2346 non
669 2284 852 2348 continebit
864 2287 900 2347 in
921 2286 984 2357 ira,
1006 2286 1087 2363 quin
1142 2288 1307 2366 Numquid
1321 2287 1377 2365 qui
1403 2286 1519 2350 babuit
1533 2287 1573 2348 de
1582 2287 1768 2364 inventutis
1782 2285 1847 2348 tuae
1863 2285 1937 2363 pri-

294 2383 411 2444 saltem
435 2385 569 2460 propter
594 2398 715 2444 nomen
740 2397 848 2455 sunm,
877 2397 919 2444 ne
943 2383 1084 2444 ulterius
1142 2387 1255 2458 mitiis,
1274 2387 1307 2446 et
1325 2385 1365 2446 de
1380 2383 1518 2461 majoris
1533 2383 1641 2446 astatis
1665 2383 1828 2461 reliquiis,
1842 2384 1938 2461 quasi

292 2477 540 2556 blasphemetur
563 2478 775 2554 ingentibus,
799 2479 950 2555 potenter
967 2495 1088 2540 exsur·
1141 2483 1182 2544 de
1203 2483 1281 2545 vitae
1305 2482 1433 2545 decima
1457 2497 1524 2543 non
1555 2480 1707 2542 habebitl
1730 2483 1755 2544 Ο
1780 2483 1939 2560 quantum

293 2592 375 2652 gens
407 2577 535 2653 judicet
568 2591 703 2638 causam
729 2591 835 2647 suam,
866 2577 910 2642 et,
935 2575 1087 2638 exaltarm
1142 2581 1347 2642 accresceret
1369 2577 1518 2656 eJ'usdem
1533 2581 1644 2639 Terrae
1669 2577 1828 2650 subsidio,
1854 2579 1883 2640 si
1897 2578 1939 2642 de

295 2672 454 2736 humilem
467 2674 502 2734 in
515 2673 667 2744 salutem,
682 2673 814 2752 iniquos
827 2672 939 2749 abigat
951 2675 984 2736 et
993 2688 1088 2735 cons·
1142 2677 1323 2758 propagata
1352 2675 1527 2738 devotione
1562 2675 1667 2752 patris
1695 2674 1846 2736 infilius
1879 2691 1939 2753 per

292 2771 403 2835 tornat
417 2771 532 2834 elatos.
1142 2789 1245 2835 unum
1260 2787 1303 2834 ex
1322 2773 1403 2850 ipsis
1428 2771 1622 2834 subvenires
1645 2772 1680 2832 in
1692 2773 1796 2834 tanta
1817 2788 1937 2834 neces-

332 2871 416 2930 E000
431 2867 537 2944 ipsius
551 2868 782 2944 issshilalifflle,
810 2870 846 2952 lit
861 2867 1001 2929 firmiter
1013 2881 1088 2928 cre-
1141 2869 1250 2935 sitatis
1263 2869 1405 2931 articulo
1417 2869 1600 2931 Crucifixol
1618 2871 1750 2948 Oquam
1761 2869 1938 2948 magnilica

293 2963 412 3036 dimus,
428 2965 620 3026 carissimus
647 2966 682 3026 in
706 2965 836 3026 Christo
861 2965 950 3024 lilius
973 2966 1088 3024 noster
1141 2968 1182 3029 ad
1206 2982 1401 3029 succursum
1416 2967 1534 3029 devota
1550 2967 1658 3028 Gallia
1683 2982 1718 3028 se
1741 2968 1885 3043 pararet,
1902 2967 1939 3030 ut

295 3060 503 3132 Fredericus,
520 3060 660 3122 illustris
671 3064 894 3122 Romanorum
905 3060 1088 3140 imperator
1141 3065 1283 3130 mittenti
1309 3064 1456 3141 placeret
1478 3065 1512 3127 et
1538 3063 1655 3126 misso!
1683 3061 1778 3126 Absit
1803 3066 1840 3126 ul
1866 3065 1939 3142 post

295 3171 426 3233 semper
445 3158 605 3232 augustus
643 3161 676 3220 et
701 3173 763 3218 rex
784 3157 926 3225 Sicillae,
953 3157 1087 3220 omissis
1141 3163 1233 3238 terga
1255 3161 1437 3234 remaneat,
1452 3177 1526 3237 quas
1545 3160 1733 3238 praecedere
1748 3161 1936 3224 consuevit!

294 3254 407 3316 multis
422 3254 601 3330 arduisque
611 3255 763 3329 negotiis,
781 3269 1012 3332 quorumonus
1025 3253 1088 3315 bo·
1118 3287 1119 3290 =
1142 3256 1239 3318 Absit
1263 3257 1299 3318 ui
1319 3256 1387 3317 mm
1407 3251 1547 3316 salutari
1562 3254 1687 3321 Christi
1701 3255 1838 3318 servitio
1855 3271 1937 3332 gens

294 3365 409 3411 norem
440 3349 623 3427 imperialis
652 3351 859 3412 celsitudinis
875 3349 1085 3426 sequebatur,
1141 3355 1208 3414 tam
1230 3353 1414 3414 christiana
1428 3351 1664 3415 sesubtrahatl
1690 3351 1785 3415 libsii
1805 3353 1840 3414 ut
1865 3367 1938 3429 quae

293 3448 388 3510 venit
401 3447 442 3508 ad
466 3462 527 3508 nos
547 3448 584 3508 in
601 3447 825 3524 Campaniam,
848 3446 1021 3508 nobiscum
1047 3447 1087 3508 de
1142 3465 1201 3528 pro
1212 3448 1351 3513 Domino
1366 3449 1527 3512 hactenus
1542 3465 1646 3512 onera
1655 3449 1758 3510 multa
1766 3449 1935 3520 sustinuit,

294 3545 461 3626 praedictae
472 3547 582 3606 Terras
593 3543 739 3606 subsidio
750 3545 963 3616 tractaturus,
976 3543 1087 3621 ibique
1141 3547 1176 3608 in
1202 3546 1364 3623 peculiari
1388 3546 1475 3608 bello
1502 3547 1562 3608 Dei
1584 3545 1645 3606 lilii
1672 3547 1780 3608 solvat
1806 3546 1938 3610 militiae

295 3641 513 3720 praesentibus
534 3640 718 3703 venerabili
732 3641 835 3704 fratre
855 3643 967 3704 nostro
982 3641 1088 3718 patri-
1142 3643 1321 3720 cingulum,
1336 3659 1430 3705 arma
1441 3643 1608 3722 relinquat
1622 3642 1778 3720 rubigini,
1791 3642 1937 3706 animum

294 3741 408 3812 archa,
431 3742 463 3801 et
482 3738 656 3800 carissimo
677 3739 858 3800 iuChristo
881 3739 949 3800 lilio
974 3742 1087 3802 nostro
1142 3742 1240 3816 neget
1273 3741 1433 3812 victoriae,
1470 3757 1571 3816 quum
1605 3755 1730 3802 corona
1759 3755 1825 3802 non
1853 3740 1939 3802 desit

292 3837 456 3904 iohanne,
466 3835 591 3896 illustri
599 3850 679 3912 rege
688 3834 976 3914 ierosolymitano,
987 3836 1088 3898 Beth·
1141 3836 1322 3898 victoribus
1338 3852 1398 3913 per
1411 3838 1554 3912 gratiam
1567 3838 1600 3898 et
1619 3838 1773 3898 meritum
1793 3838 1830 3897 in
1848 3852 1938 3914 prae-

293 3933 471 3998 leemitano
502 3932 669 4008 episcopo,
704 3931 863 4007 magistro
892 3933 1084 4010 Hospitalis,
1141 3935 1237 4005 senti,
1250 3949 1310 4010 per
1324 3933 1693 4010 gloriametpraemium
1708 3934 1743 3996 in
1757 3933 1881 3995 interret

293 4032 497 4108 praeceptore
531 4028 669 4104 Templi,
711 4028 744 4088 et
777 4029 937 4104 magistro
970 4029 1086 4090 domus
1181 4029 1938 4106 Hlnoestquodexcellentiamtuamalieciucse

293 4113 584 4196 Theutonicorum,
610 4139 650 4186 ao
669 4125 745 4186 aliis
764 4139 846 4200 quos
871 4125 913 4186 ad
926 4127 1086 4191 tractatus
1141 4109 1309 4203 rogamus,
1322 4126 1535 4188 serenissime
1547 4142 1674 4202 regum,
1689 4128 1721 4189 et
1735 4143 1755 4188 a
1768 4129 1800 4188 te
1810 4127 1940 4190 instan-

293 4223 484 4299 huJ'usmodi
498 4221 641 4284 diversis
656 4220 771 4282 mundi
780 4221 930 4296 partibus
944 4222 1086 4284 vidimus
1141 4226 1191 4285 ter
1206 4223 1428 4301 exposcimus,
1445 4223 1724 4286 christianissime
1737 4224 1937 4301 principum,

293 4318 509 4392 adhibendos
536 4317 677 4394 singulis
707 4333 779 4394 quae
811 4319 930 4380 natura
961 4320 1085 4396 negotii
1141 4321 1350 4382 obsecrantes
1366 4335 1425 4397 per
1440 4321 1571 4382 Patrem
1593 4323 1626 4382 et
1639 4321 1761 4382 ullium
1775 4323 1808 4383 et
1821 4321 1932 4396 Spiri-

292 4414 485 4495 requlrebat
513 4415 663 4490 diligenti
686 4414 898 4477 meditatione
925 4417 1084 4494 pensatis,
1139 4421 1208 4480 tum
1225 4418 1393 4489 Sanctum,
1407 4433 1466 4494 per
1488 4418 1685 4494 sanguinem
1703 4421 1785 4481 Jesu
1800 4417 1936 4491 Christi,

292 4514 379 4576 idem
401 4514 592 4592 imperator,
610 4511 651 4574 ad
676 4515 826 4574 nostrum
841 4510 1086 4590 beneplacitum
1141 4519 1176 4578 ut
1190 4531 1351 4592 exsurgas
1374 4515 1410 4576 in
1425 4515 1627 4592 adjutorium
1652 4515 1775 4577 Christi
1790 4519 1850 4590 tur,
1867 4515 1936 4594 qui,

292 4614 326 4677 et
336 4609 764 4688 consillumpraedictorum,
776 4611 1012 4672 transfretandi
1022 4614 1086 4674 ter·
1141 4613 1283 4691 quodam
1298 4613 1394 4675 modo
1410 4613 1446 4674 in
1459 4628 1495 4674 se
1516 4612 1675 4688 prodigus
1698 4617 1732 4675 et
1754 4629 1874 4692 parcus
1900 4615 1938 4676 in

290 4711 417 4774 minum
430 4709 559 4770 infesto
575 4707 663 4769 beati
677 4708 1002 4786 lobannisBaptislae
1012 4710 1086 4786 post
1140 4713 1256 4783 servis,
1273 4709 1450 4786 temporali
1469 4710 1568 4770 murti
1582 4725 1617 4771 se
1641 4711 1787 4783 tradidit,
1810 4713 1846 4773 at
1868 4713 1937 4774 tea

288 4807 460 4870 biennium
481 4806 632 4884 proximo
643 4807 798 4868 secuturo
807 4807 958 4884 prompta
971 4805 1085 4868 volun·
1139 4807 1290 4871 lancibus
1305 4807 1421 4870 mortis
1430 4806 1574 4885 eriperet
1583 4807 1805 4886 sempiternae.
1815 4811 1936 4870 Exsur-

289 4907 357 4968 tate
372 4904 529 4981 suscepit,
545 4902 718 4980 corporale
731 4917 832 4978 super
844 4902 907 4964 boc
921 4901 1085 4965 exhibens
1139 4921 1198 4982 gas
1213 4909 1246 4968 et
1260 4905 1381 4966 liberes
1396 4907 1531 4966 Terram
1546 4903 1637 4964 illam
1652 4904 1687 4964 in
1712 4921 1776 4983 qua
1793 4905 1935 4968 salutem

289 5005 491 5078 spontaneus
502 5004 741 5077 juramentum.
759 5000 918 5076 Denique,
936 5001 973 5061 ut
990 5000 1031 5062 ad
1051 5001 1084 5062 id
1140 5003 1279 5066 humani
1300 5003 1432 5078 generis
1456 5003 1611 5077 operatus
1637 5003 1688 5062 est
1715 5003 1939 5078 personaliter·

289 5098 421 5175 plenius
440 5114 536 5158 suum
559 5097 789 5158 manifestaret
801 5096 979 5169 affectum,
996 5099 1028 5160 et
1050 5101 1086 5160 ut
1140 5101 1213 5177 ipse
1239 5100 1406 5162 Salvatori
1442 5101 1610 5174 exsurgas
1634 5097 1675 5160 ad
1705 5100 1939 5162 contritionem

287 5195 362 5274 plus
378 5193 603 5256 iideidaretnr
618 5193 762 5282 negotio,
783 5209 822 5255 ac
849 5195 984 5256 omnino
1005 5211 1083 5258 sus·
1139 5198 1285 5260 nationis
1309 5212 1420 5274 pravae
1449 5199 1548 5272 atque
1577 5211 1755 5274 perversae,
1786 5213 1860 5276 quoe
1882 5195 1938 5257 ubi

287 5292 430 5372 pisionis
445 5290 622 5352 contrariae
645 5290 819 5370 scrupulus
835 5291 1022 5365 tolleretur,
1042 5292 1084 5354 ad
1140 5295 1183 5358 sil
1197 5297 1283 5356 Deus
1297 5295 1563 5356 Christianorum
1580 5293 1793 5372 improperat,
1811 5295 1844 5358 et
1857 5295 1942 5356 mul-

323 5504 363 5578 (l)
379 5505 495 5576 Leptim
509 5501 586 5574 opud
600 5501 753 5559 lliemldum
770 5501 951 5576 quandoque·
971 5503 1134 5578 [bouquet]
