<?xml version="1.0" encoding="UTF-8"?>
<!DOCTYPE html PUBLIC "-//W3C//DTD XHTML 1.0 Transitional//EN"
    "http://www.w3.org/TR/xhtml1/DTD/xhtml1-transitional.dtd">
<html xmlns="http://www.w3.org/1999/xhtml" xml:lang="en" lang="en">
 <head>
  <title>
</title>
<meta http-equiv="Content-Type" content="text/html;charset=utf-8" />
  <meta name='ocr-system' content='tesseract 3.04.00' />
  <meta name='ocr-capabilities' content='ocr_page ocr_carea ocr_par ocr_line ocrx_word'/>
</head>
<body>
  <div class='ocr_page' id='page_1' title='image "./mediiaevibiblio00unkngoog_0031.png"; bbox 0 0 4222 6374; ppageno 0'>
   <div class='ocr_carea' id='block_1_1' title="bbox 149 235 1781 360">
    <p class='ocr_par' dir='ltr' id='par_1_1' title="bbox 149 235 1781 360">
     <span class='ocr_line' id='line_1_1' title="bbox 149 235 1781 360; baseline 0.004 -24"><span class='ocrx_word' id='word_1_1' title='bbox 149 277 187 336; x_wconf 78' lang='lat' dir='ltr'><strong>sr</strong></span> <span class='ocrx_word' id='word_1_2' title='bbox 756 274 985 338; x_wconf 74' lang='lat' dir='ltr'><strong>namneum.</strong></span> <span class='ocrx_word' id='word_1_3' title='bbox 1007 276 1086 337; x_wconf 83' lang='lat' dir='ltr'><strong>ura.</strong></span> <span class='ocrx_word' id='word_1_4' title='bbox 1109 278 1164 340; x_wconf 83' lang='lat' dir='ltr'><strong>vr.</strong></span> <span class='ocrx_word' id='word_1_5' title='bbox 1195 349 1198 360; x_wconf 22' lang='lat' dir='ltr'>y</span> <span class='ocrx_word' id='word_1_6' title='bbox 1496 235 1499 243; x_wconf 46' lang='grc'><em>“</em></span> <span class='ocrx_word' id='word_1_7' title='bbox 1651 236 1653 242; x_wconf 64' lang='grc'><strong>’</strong></span> <span class='ocrx_word' id='word_1_8' title='bbox 1741 283 1781 356; x_wconf 84' lang='lat' dir='ltr'><strong>aa</strong></span> 
     </span>
    </p>
   </div>
   <div class='ocr_carea' id='block_1_2' title="bbox 144 431 938 1482">
    <p class='ocr_par' dir='ltr' id='par_1_2' title="bbox 144 431 938 1482">
     <span class='ocr_line' id='line_1_2' title="bbox 148 431 935 510; baseline -0.001 -12"><span class='ocrx_word' id='word_1_9' title='bbox 148 433 298 498; x_wconf 88' lang='lat' dir='ltr'><strong>mammis</strong></span> <span class='ocrx_word' id='word_1_10' title='bbox 312 431 440 496; x_wconf 81' lang='lat' dir='ltr'><strong>catulos</strong></span> <span class='ocrx_word' id='word_1_11' title='bbox 448 441 526 494; x_wconf 87' lang='lat' dir='ltr'><strong>suos</strong></span> <span class='ocrx_word' id='word_1_12' title='bbox 535 431 670 506; x_wconf 84' lang='lat' dir='ltr'><strong>lactent,</strong></span> <span class='ocrx_word' id='word_1_13' title='bbox 682 431 935 510; x_wconf 69' lang='lat' dir='ltr'><strong>dogmatizando</strong></span> 
     </span>
     <span class='ocr_line' id='line_1_3' title="bbox 146 529 936 610; baseline 0.003 -18"><span class='ocrx_word' id='word_1_14' title='bbox 146 531 254 610; x_wconf 90' lang='lat' dir='ltr'><strong>palam</strong></span> <span class='ocrx_word' id='word_1_15' title='bbox 279 541 348 592; x_wconf 89' lang='lat' dir='ltr'><strong>suae</strong></span> <span class='ocrx_word' id='word_1_16' title='bbox 374 529 548 607; x_wconf 85' lang='lat' dir='ltr'><strong>pravitatis</strong></span> <span class='ocrx_word' id='word_1_17' title='bbox 573 545 707 592; x_wconf 88' lang='lat' dir='ltr'><strong>errores</strong></span> <span class='ocrx_word' id='word_1_18' title='bbox 738 531 774 592; x_wconf 91' lang='lat' dir='ltr'><strong>in</strong></span> <span class='ocrx_word' id='word_1_19' title='bbox 797 539 936 594; x_wconf 88' lang='lat' dir='ltr'><strong>&#39;enorme</strong></span> 
     </span>
     <span class='ocr_line' id='line_1_4' title="bbox 147 625 936 703; baseline 0.003 -15"><span class='ocrx_word' id='word_1_20' title='bbox 147 627 256 703; x_wconf 78' lang='lat' dir='ltr'><strong>gregis</strong></span> <span class='ocrx_word' id='word_1_21' title='bbox 270 626 434 688; x_wconf 87' lang='lat' dir='ltr'><strong>Dominiei</strong></span> <span class='ocrx_word' id='word_1_22' title='bbox 448 625 692 700; x_wconf 87' lang='lat' dir='ltr'><strong>detrimentum,</strong></span> <span class='ocrx_word' id='word_1_23' title='bbox 710 641 771 689; x_wconf 91' lang='lat' dir='ltr'><strong>nos</strong></span> <span class='ocrx_word' id='word_1_24' title='bbox 785 628 936 690; x_wconf 79' lang='lat' dir='ltr'><strong>volentes</strong></span> 
     </span>
     <span class='ocr_line' id='line_1_5' title="bbox 148 723 938 802; baseline 0 -16"><span class='ocrx_word' id='word_1_25' title='bbox 148 723 340 802; x_wconf 86' lang='lat' dir='ltr'><strong>pestilentes</strong></span> <span class='ocrx_word' id='word_1_26' title='bbox 361 723 561 800; x_wconf 85' lang='lat' dir='ltr'><strong>hujusmodi,</strong></span> <span class='ocrx_word' id='word_1_27' title='bbox 588 723 617 785; x_wconf 92' lang='lat' dir='ltr'><strong>si</strong></span> <span class='ocrx_word' id='word_1_28' title='bbox 635 724 747 786; x_wconf 88' lang='lat' dir='ltr'><strong>datum</strong></span> <span class='ocrx_word' id='word_1_29' title='bbox 761 725 861 788; x_wconf 82' lang='lat' dir='ltr'><strong>tuerit</strong></span> <span class='ocrx_word' id='word_1_30' title='bbox 877 725 938 786; x_wconf 92' lang='lat' dir='ltr'><strong>de-</strong></span> 
     </span>
     <span class='ocr_line' id='line_1_6' title="bbox 146 821 936 898; baseline 0.004 -16"><span class='ocrx_word' id='word_1_31' title='bbox 146 837 256 898; x_wconf 86' lang='lat' dir='ltr'><strong>super,</strong></span> <span class='ocrx_word' id='word_1_32' title='bbox 278 821 437 896; x_wconf 82' lang='lat' dir='ltr'><strong>effugare,</strong></span> <span class='ocrx_word' id='word_1_33' title='bbox 466 821 641 883; x_wconf 86' lang='lat' dir='ltr'><strong>carissimo</strong></span> <span class='ocrx_word' id='word_1_34' title='bbox 666 822 703 882; x_wconf 90' lang='lat' dir='ltr'><strong>in</strong></span> <span class='ocrx_word' id='word_1_35' title='bbox 718 822 848 884; x_wconf 86' lang='lat' dir='ltr'><strong>Christo</strong></span> <span class='ocrx_word' id='word_1_36' title='bbox 866 823 936 886; x_wconf 86' lang='lat' dir='ltr'><strong>illio</strong></span> 
     </span>
     <span class='ocr_line' id='line_1_7' title="bbox 146 917 936 994; baseline -0.001 -14"><span class='ocrx_word' id='word_1_37' title='bbox 146 919 296 980; x_wconf 87' lang='lat' dir='ltr'><strong>nostro...</strong></span> <span class='ocrx_word' id='word_1_38' title='bbox 326 917 450 979; x_wconf 75' lang='lat' dir='ltr'>illustri</span> <span class='ocrx_word' id='word_1_39' title='bbox 481 917 554 994; x_wconf 85' lang='lat' dir='ltr'><strong>regi</strong></span> <span class='ocrx_word' id='word_1_40' title='bbox 579 919 780 994; x_wconf 80' lang='lat' dir='ltr'><strong>nungariae,</strong></span> <span class='ocrx_word' id='word_1_41' title='bbox 806 933 936 981; x_wconf 85' lang='lat' dir='ltr'>necnon</span> 
     </span>
     <span class='ocr_line' id='line_1_8' title="bbox 146 1013 936 1094; baseline -0.001 -16"><span class='ocrx_word' id='word_1_42' title='bbox 146 1015 311 1078; x_wconf 83' lang='lat' dir='ltr'><strong>universis</strong></span> <span class='ocrx_word' id='word_1_43' title='bbox 333 1013 594 1091; x_wconf 81' lang='lat' dir='ltr'><strong>archiepiscopis</strong></span> <span class='ocrx_word' id='word_1_44' title='bbox 609 1017 641 1078; x_wconf 89' lang='lat' dir='ltr'><strong>et</strong></span> <span class='ocrx_word' id='word_1_45' title='bbox 662 1016 825 1094; x_wconf 89' lang='lat' dir='ltr'><strong>episcopis</strong></span> <span class='ocrx_word' id='word_1_46' title='bbox 844 1017 936 1077; x_wconf 90' lang='lat' dir='ltr'><strong>illius</strong></span> 
     </span>
     <span class='ocr_line' id='line_1_9' title="bbox 145 1111 935 1190; baseline 0 -16"><span class='ocrx_word' id='word_1_47' title='bbox 145 1111 240 1190; x_wconf 77' lang='lat' dir='ltr'><strong>regni</strong></span> <span class='ocrx_word' id='word_1_48' title='bbox 253 1111 436 1174; x_wconf 82' lang='lat' dir='ltr'><strong>direximus</strong></span> <span class='ocrx_word' id='word_1_49' title='bbox 452 1112 576 1189; x_wconf 88' lang='lat' dir='ltr'><strong>scripta</strong></span> <span class='ocrx_word' id='word_1_50' title='bbox 588 1113 713 1184; x_wconf 91' lang='lat' dir='ltr'><strong>nostra,</strong></span> <span class='ocrx_word' id='word_1_51' title='bbox 730 1114 766 1175; x_wconf 89' lang='lat' dir='ltr'><strong>ut</strong></span> <span class='ocrx_word' id='word_1_52' title='bbox 780 1129 888 1174; x_wconf 89' lang='lat' dir='ltr'><strong>cuma</strong></span> <span class='ocrx_word' id='word_1_53' title='bbox 901 1113 935 1174; x_wconf 89' lang='lat' dir='ltr'><strong>te</strong></span> 
     </span>
     <span class='ocr_line' id='line_1_10' title="bbox 145 1209 936 1288; baseline -0.001 -16"><span class='ocrx_word' id='word_1_54' title='bbox 145 1209 269 1272; x_wconf 77' lang='lat' dir='ltr'><strong>tuerint</strong></span> <span class='ocrx_word' id='word_1_55' title='bbox 284 1209 448 1288; x_wconf 78' lang='lat' dir='ltr'><strong>requisiti,</strong></span> <span class='ocrx_word' id='word_1_56' title='bbox 465 1209 506 1271; x_wconf 88' lang='lat' dir='ltr'><strong>ad</strong></span> <span class='ocrx_word' id='word_1_57' title='bbox 521 1209 745 1287; x_wconf 81' lang='lat' dir='ltr'><strong>profligandos</strong></span> <span class='ocrx_word' id='word_1_58' title='bbox 763 1210 839 1272; x_wconf 90' lang='lat' dir='ltr'><strong>illos</strong></span> <span class='ocrx_word' id='word_1_59' title='bbox 854 1225 936 1288; x_wconf 87' lang='lat' dir='ltr'><strong>pro-</strong></span> 
     </span>
     <span class='ocr_line' id='line_1_11' title="bbox 144 1306 938 1384; baseline -0.004 -15"><span class='ocrx_word' id='word_1_60' title='bbox 144 1307 264 1369; x_wconf 89' lang='lat' dir='ltr'><strong>cedant</strong></span> <span class='ocrx_word' id='word_1_61' title='bbox 281 1306 425 1368; x_wconf 88' lang='lat' dir='ltr'><strong>viriliter</strong></span> <span class='ocrx_word' id='word_1_62' title='bbox 444 1307 477 1368; x_wconf 93' lang='lat' dir='ltr'><strong>et</strong></span> <span class='ocrx_word' id='word_1_63' title='bbox 502 1307 662 1384; x_wconf 89' lang='lat' dir='ltr'><strong>potenter.</strong></span> <span class='ocrx_word' id='word_1_64' title='bbox 687 1307 849 1378; x_wconf 79' lang='lat' dir='ltr'><strong>Quocirca</strong></span> <span class='ocrx_word' id='word_1_65' title='bbox 868 1306 938 1367; x_wconf 80' lang='lat' dir='ltr'><strong>dle-</strong></span> 
     </span>
     <span class='ocr_line' id='line_1_12' title="bbox 144 1403 937 1482; baseline -0.003 -16"><span class='ocrx_word' id='word_1_66' title='bbox 144 1404 327 1466; x_wconf 79' lang='lat' dir='ltr'><strong>cretionem</strong></span> <span class='ocrx_word' id='word_1_67' title='bbox 340 1404 442 1475; x_wconf 88' lang='lat' dir='ltr'><strong>tuam‚</strong></span> <span class='ocrx_word' id='word_1_68' title='bbox 458 1403 499 1464; x_wconf 91' lang='lat' dir='ltr'><strong>de</strong></span> <span class='ocrx_word' id='word_1_69' title='bbox 518 1420 583 1482; x_wconf 84' lang='lat' dir='ltr'><strong>qua</strong></span> <span class='ocrx_word' id='word_1_70' title='bbox 598 1403 729 1481; x_wconf 89' lang='lat' dir='ltr'><strong>plenam</strong></span> <span class='ocrx_word' id='word_1_71' title='bbox 742 1404 777 1464; x_wconf 92' lang='lat' dir='ltr'><strong>in</strong></span> <span class='ocrx_word' id='word_1_72' title='bbox 797 1403 937 1464; x_wconf 90' lang='lat' dir='ltr'><strong>Domino</strong></span> 
     </span>
    </p>
   </div>
   <div class='ocr_carea' id='block_1_3' title="bbox 145 1499 999 1575">
    <p class='ocr_par' dir='ltr' id='par_1_3' title="bbox 145 1499 999 1575">
     <span class='ocr_line' id='line_1_13' title="bbox 145 1499 999 1575; baseline 0.005 -13"><span class='ocrx_word' id='word_1_73' title='bbox 145 1500 301 1564; x_wconf 83' lang='lat' dir='ltr'><strong>fiduciam</strong></span> <span class='ocrx_word' id='word_1_74' title='bbox 326 1499 533 1575; x_wconf 81' lang='lat' dir='ltr'><strong>obtinemus,</strong></span> <span class='ocrx_word' id='word_1_75' title='bbox 565 1517 737 1563; x_wconf 84' lang='lat' dir='ltr'><strong>monemus</strong></span> <span class='ocrx_word' id='word_1_76' title='bbox 765 1499 934 1572; x_wconf 87' lang='lat' dir='ltr'><strong>attentius,</strong></span> <span class='ocrx_word' id='word_1_77' title='bbox 992 1551 999 1566; x_wconf 91' lang='lat'><strong>.</strong></span> 
     </span>
    </p>
   </div>
   <div class='ocr_carea' id='block_1_4' title="bbox 139 1598 939 2927">
    <p class='ocr_par' dir='ltr' id='par_1_4' title="bbox 139 1598 939 2927">
     <span class='ocr_line' id='line_1_14' title="bbox 144 1598 937 1676; baseline 0 -16"><span class='ocrx_word' id='word_1_78' title='bbox 144 1613 204 1676; x_wconf 90' lang='lat' dir='ltr'><strong>per</strong></span> <span class='ocrx_word' id='word_1_79' title='bbox 215 1598 405 1676; x_wconf 72' lang='lat' dir='ltr'><strong>apostolica</strong></span> <span class='ocrx_word' id='word_1_80' title='bbox 419 1599 543 1676; x_wconf 89' lang='lat' dir='ltr'><strong>scripta</strong></span> <span class='ocrx_word' id='word_1_81' title='bbox 554 1599 761 1667; x_wconf 87' lang='lat' dir='ltr'><strong>mandantes,</strong></span> <span class='ocrx_word' id='word_1_82' title='bbox 775 1599 937 1675; x_wconf 82' lang='lat' dir='ltr'><strong>quatenus</strong></span> 
     </span>
     <span class='ocr_line' id='line_1_15' title="bbox 144 1694 937 1773; baseline -0.005 -15"><span class='ocrx_word' id='word_1_83' title='bbox 144 1695 261 1758; x_wconf 87' lang='lat' dir='ltr'><strong>contra</strong></span> <span class='ocrx_word' id='word_1_84' title='bbox 276 1695 419 1773; x_wconf 86' lang='lat' dir='ltr'><strong>perfidos</strong></span> <span class='ocrx_word' id='word_1_85' title='bbox 431 1695 507 1757; x_wconf 90' lang='lat' dir='ltr'><strong>illos</strong></span> <span class='ocrx_word' id='word_1_86' title='bbox 523 1697 590 1757; x_wconf 87' lang='lat' dir='ltr'><strong>tam</strong></span> <span class='ocrx_word' id='word_1_87' title='bbox 604 1711 729 1772; x_wconf 81' lang='lat' dir='ltr'><strong>regem,</strong></span> <span class='ocrx_word' id='word_1_88' title='bbox 745 1709 844 1772; x_wconf 85' lang='lat' dir='ltr'><strong>quam</strong></span> <span class='ocrx_word' id='word_1_89' title='bbox 865 1694 937 1755; x_wconf 91' lang='lat' dir='ltr'><strong>cle-</strong></span> 
     </span>
     <span class='ocr_line' id='line_1_16' title="bbox 143 1791 937 1872; baseline -0.001 -19"><span class='ocrx_word' id='word_1_90' title='bbox 143 1808 218 1854; x_wconf 89' lang='lat' dir='ltr'><strong>rum</strong></span> <span class='ocrx_word' id='word_1_91' title='bbox 247 1793 281 1854; x_wconf 93' lang='lat' dir='ltr'><strong>et</strong></span> <span class='ocrx_word' id='word_1_92' title='bbox 307 1793 464 1872; x_wconf 90' lang='lat' dir='ltr'><strong>populum</strong></span> <span class='ocrx_word' id='word_1_93' title='bbox 492 1793 676 1864; x_wconf 84' lang='lat' dir='ltr'><strong>advocans,</strong></span> <span class='ocrx_word' id='word_1_94' title='bbox 702 1791 778 1854; x_wconf 90' lang='lat' dir='ltr'><strong>illos</strong></span> <span class='ocrx_word' id='word_1_95' title='bbox 804 1791 937 1854; x_wconf 85' lang='lat' dir='ltr'><strong>studeas</strong></span> 
     </span>
     <span class='ocr_line' id='line_1_17' title="bbox 144 1887 937 1968; baseline -0.004 -17"><span class='ocrx_word' id='word_1_96' title='bbox 144 1890 336 1968; x_wconf 84' lang='lat' dir='ltr'><strong>profligare,</strong></span> <span class='ocrx_word' id='word_1_97' title='bbox 360 1890 520 1950; x_wconf 85' lang='lat' dir='ltr'><strong>adversus</strong></span> <span class='ocrx_word' id='word_1_98' title='bbox 534 1888 758 1966; x_wconf 83' lang='lat' dir='ltr'><strong>receptatores</strong></span> <span class='ocrx_word' id='word_1_99' title='bbox 773 1889 806 1950; x_wconf 86' lang='lat' dir='ltr'><strong>et</strong></span> <span class='ocrx_word' id='word_1_100' title='bbox 823 1887 937 1949; x_wconf 84' lang='lat' dir='ltr'><strong>fauto-</strong></span> 
     </span>
     <span class='ocr_line' id='line_1_18' title="bbox 142 1984 939 2060; baseline -0.004 -12"><span class='ocrx_word' id='word_1_101' title='bbox 142 2001 200 2048; x_wconf 87' lang='lat' dir='ltr'><strong>res</strong></span> <span class='ocrx_word' id='word_1_102' title='bbox 214 2001 331 2048; x_wconf 92' lang='lat' dir='ltr'><strong>eorum</strong></span> <span class='ocrx_word' id='word_1_103' title='bbox 346 1986 544 2048; x_wconf 88' lang='lat' dir='ltr'><strong>auctoritate</strong></span> <span class='ocrx_word' id='word_1_104' title='bbox 558 1986 670 2046; x_wconf 89' lang='lat' dir='ltr'><strong>nostra</strong></span> <span class='ocrx_word' id='word_1_105' title='bbox 683 1984 939 2060; x_wconf 81' lang='lat' dir='ltr'><strong>magnanimiter</strong></span> 
     </span>
     <span class='ocr_line' id='line_1_19' title="bbox 140 2080 938 2161; baseline -0.001 -18"><span class='ocrx_word' id='word_1_106' title='bbox 140 2098 371 2161; x_wconf 88' lang='lat' dir='ltr'><strong>processurus,</strong></span> <span class='ocrx_word' id='word_1_107' title='bbox 395 2083 492 2159; x_wconf 90' lang='lat' dir='ltr'><strong>prout</strong></span> <span class='ocrx_word' id='word_1_108' title='bbox 509 2080 570 2143; x_wconf 89' lang='lat' dir='ltr'><strong>tibi</strong></span> <span class='ocrx_word' id='word_1_109' title='bbox 590 2080 692 2142; x_wconf 84' lang='lat' dir='ltr'><strong>fuerit</strong></span> <span class='ocrx_word' id='word_1_110' title='bbox 706 2081 849 2158; x_wconf 91' lang='lat' dir='ltr'><strong>desuper</strong></span> <span class='ocrx_word' id='word_1_111' title='bbox 863 2080 938 2142; x_wconf 91' lang='lat' dir='ltr'><strong>ins-</strong></span> 
     </span>
     <span class='ocr_line' id='line_1_20' title="bbox 142 2177 937 2256; baseline -0.001 -16"><span class='ocrx_word' id='word_1_112' title='bbox 142 2179 301 2256; x_wconf 91' lang='lat' dir='ltr'><strong>piratum.</strong></span> <span class='ocrx_word' id='word_1_113' title='bbox 327 2178 420 2240; x_wconf 83' lang='lat' dir='ltr'><strong>Alias</strong></span> <span class='ocrx_word' id='word_1_114' title='bbox 446 2177 546 2239; x_wconf 91' lang='lat' dir='ltr'><strong>etiam</strong></span> <span class='ocrx_word' id='word_1_115' title='bbox 574 2177 652 2250; x_wconf 90' lang='lat' dir='ltr'><strong>alia,</strong></span> <span class='ocrx_word' id='word_1_116' title='bbox 678 2193 751 2256; x_wconf 86' lang='lat' dir='ltr'><strong>quae</strong></span> <span class='ocrx_word' id='word_1_117' title='bbox 774 2178 810 2238; x_wconf 94' lang='lat' dir='ltr'><strong>in</strong></span> <span class='ocrx_word' id='word_1_118' title='bbox 833 2193 937 2254; x_wconf 85' lang='lat' dir='ltr'><strong>regno</strong></span> 
     </span>
     <span class='ocr_line' id='line_1_21' title="bbox 143 2274 939 2352; baseline -0.001 -15"><span class='ocrx_word' id='word_1_119' title='bbox 143 2275 325 2352; x_wconf 80' lang='lat' dir='ltr'><strong>Hungariae</strong></span> <span class='ocrx_word' id='word_1_120' title='bbox 353 2275 443 2336; x_wconf 87' lang='lat' dir='ltr'><strong>circa</strong></span> <span class='ocrx_word' id='word_1_121' title='bbox 464 2274 589 2336; x_wconf 90' lang='lat' dir='ltr'><strong>cultum</strong></span> <span class='ocrx_word' id='word_1_122' title='bbox 613 2274 848 2336; x_wconf 74' lang='lat' dir='ltr'><strong>ecclesiastica</strong></span> <span class='ocrx_word' id='word_1_123' title='bbox 876 2274 939 2336; x_wconf 89' lang='lat' dir='ltr'><strong>bo-</strong></span> 
     </span>
     <span class='ocr_line' id='line_1_22' title="bbox 143 2371 939 2441; baseline 0 -8"><span class='ocrx_word' id='word_1_124' title='bbox 143 2373 285 2434; x_wconf 90' lang='lat' dir='ltr'><strong>nestatis</strong></span> <span class='ocrx_word' id='word_1_125' title='bbox 304 2371 473 2434; x_wconf 81' lang='lat' dir='ltr'><strong>inveneris</strong></span> <span class='ocrx_word' id='word_1_126' title='bbox 488 2371 710 2441; x_wconf 81' lang='lat' dir='ltr'><strong>reformanda,</strong></span> <span class='ocrx_word' id='word_1_127' title='bbox 728 2371 863 2434; x_wconf 86' lang='lat' dir='ltr'><strong>studeas</strong></span> <span class='ocrx_word' id='word_1_128' title='bbox 881 2387 939 2433; x_wconf 88' lang='lat' dir='ltr'><strong>re-</strong></span> 
     </span>
     <span class='ocr_line' id='line_1_23' title="bbox 143 2459 938 2540; baseline 0 -10"><span class='ocrx_word' id='word_1_129' title='bbox 143 2459 299 2540; x_wconf 74' lang='lat' dir='ltr'><strong>formare,</strong></span> <span class='ocrx_word' id='word_1_130' title='bbox 314 2471 524 2531; x_wconf 88' lang='lat' dir='ltr'><strong>contumaces</strong></span> <span class='ocrx_word' id='word_1_131' title='bbox 535 2468 938 2532; x_wconf 83' lang='lat' dir='ltr'><strong>severitatedebitacasti-</strong></span> 
     </span>
     <span class='ocr_line' id='line_1_24' title="bbox 142 2565 937 2644; baseline 0 -18"><span class='ocrx_word' id='word_1_132' title='bbox 142 2565 264 2644; x_wconf 82' lang='lat' dir='ltr'><strong>gando.</strong></span> <span class='ocrx_word' id='word_1_133' title='bbox 284 2567 352 2626; x_wconf 88' lang='lat' dir='ltr'><strong>Nos</strong></span> <span class='ocrx_word' id='word_1_134' title='bbox 373 2565 461 2627; x_wconf 88' lang='lat' dir='ltr'><strong>enirn</strong></span> <span class='ocrx_word' id='word_1_135' title='bbox 476 2566 686 2638; x_wconf 88' lang='lat' dir='ltr'><strong>sententiam,</strong></span> <span class='ocrx_word' id='word_1_136' title='bbox 704 2581 803 2644; x_wconf 82' lang='lat' dir='ltr'><strong>quam</strong></span> <span class='ocrx_word' id='word_1_137' title='bbox 819 2565 937 2628; x_wconf 89' lang='lat' dir='ltr'><strong>tuleris</strong></span> 
     </span>
     <span class='ocr_line' id='line_1_25' title="bbox 143 2661 935 2736; baseline 0.001 -13"><span class='ocrx_word' id='word_1_138' title='bbox 143 2663 178 2723; x_wconf 92' lang='lat' dir='ltr'><strong>in</strong></span> <span class='ocrx_word' id='word_1_139' title='bbox 196 2661 351 2735; x_wconf 89' lang='lat' dir='ltr'><strong>rebelles,</strong></span> <span class='ocrx_word' id='word_1_140' title='bbox 373 2664 480 2723; x_wconf 90' lang='lat' dir='ltr'><strong>ratam</strong></span> <span class='ocrx_word' id='word_1_141' title='bbox 495 2661 701 2734; x_wconf 88' lang='lat' dir='ltr'><strong>habebimus,</strong></span> <span class='ocrx_word' id='word_1_142' title='bbox 716 2665 749 2725; x_wconf 92' lang='lat' dir='ltr'><strong>et</strong></span> <span class='ocrx_word' id='word_1_143' title='bbox 762 2661 935 2736; x_wconf 80' lang='lat' dir='ltr'><strong>faciemus,</strong></span> 
     </span>
     <span class='ocr_line' id='line_1_26' title="bbox 140 2753 937 2832; baseline 0 -12"><span class='ocrx_word' id='word_1_144' title='bbox 140 2760 280 2822; x_wconf 86' lang='lat' dir='ltr'><strong>auctore</strong></span> <span class='ocrx_word' id='word_1_145' title='bbox 293 2760 443 2832; x_wconf 91' lang='lat' dir='ltr'><strong>Domino,</strong></span> <span class='ocrx_word' id='word_1_146' title='bbox 459 2759 599 2821; x_wconf 83' lang='lat' dir='ltr'><strong>firmiter</strong></span> <span class='ocrx_word' id='word_1_147' title='bbox 614 2753 797 2824; x_wconf 82' lang='lat' dir='ltr'><strong>observari.</strong></span> <span class='ocrx_word' id='word_1_148' title='bbox 818 2760 937 2822; x_wconf 88' lang='lat' dir='ltr'><strong>Datum</strong></span> 
     </span>
     <span class='ocr_line' id='line_1_27' title="bbox 139 2853 935 2927; baseline -0.001 -11"><span class='ocrx_word' id='word_1_149' title='bbox 139 2854 313 2927; x_wconf 86' lang='lat' dir='ltr'><strong>Laterani,</strong></span> <span class='ocrx_word' id='word_1_150' title='bbox 330 2857 376 2916; x_wconf 88' lang='lat'><strong>111</strong></span> <span class='ocrx_word' id='word_1_151' title='bbox 391 2869 497 2916; x_wconf 90' lang='lat' dir='ltr'><strong>nonas</strong></span> <span class='ocrx_word' id='word_1_152' title='bbox 515 2853 710 2927; x_wconf 89' lang='lat' dir='ltr'><strong>decembris,</strong></span> <span class='ocrx_word' id='word_1_153' title='bbox 727 2870 815 2915; x_wconf 91' lang='lat' dir='ltr'><strong>anno</strong></span> <span class='ocrx_word' id='word_1_154' title='bbox 829 2855 935 2918; x_wconf 88' lang='lat' dir='ltr'><strong>sexto.</strong></span> 
     </span>
    </p>
   </div>
   <div class='ocr_carea' id='block_1_5' title="bbox 498 3149 585 3236">
    <p class='ocr_par' dir='ltr' id='par_1_5' title="bbox 498 3149 585 3236">
     <span class='ocr_line' id='line_1_28' title="bbox 498 3149 585 3236; baseline 0.023 -2"><span class='ocrx_word' id='word_1_155' title='bbox 498 3149 585 3236; x_wconf 87' lang='lat' dir='ltr'><strong>XLI</strong></span> 
     </span>
    </p>
   </div>
   <div class='ocr_carea' id='block_1_6' title="bbox 143 3288 934 3733">
    <p class='ocr_par' dir='ltr' id='par_1_6' title="bbox 143 3288 934 3733">
     <span class='ocr_line' id='line_1_29' title="bbox 152 3288 921 3366; baseline -0.008 -12"><span class='ocrx_word' id='word_1_156' title='bbox 152 3293 203 3354; x_wconf 78' lang='lat' dir='ltr'><strong>Ad</strong></span> <span class='ocrx_word' id='word_1_157' title='bbox 217 3293 423 3354; x_wconf 77' lang='lat' dir='ltr'><strong>Gurrzcuum</strong></span> <span class='ocrx_word' id='word_1_158' title='bbox 435 3293 730 3366; x_wconf 74' lang='lat' dir='ltr'><strong>archiepiscopum</strong></span> <span class='ocrx_word' id='word_1_159' title='bbox 747 3288 921 3365; x_wconf 70' lang='lat' dir='ltr'><strong>spectac.</strong></span> 
     </span>
     <span class='ocr_line' id='line_1_30' title="bbox 392 3415 687 3478; baseline 0 0"><span class='ocrx_word' id='word_1_160' title='bbox 392 3417 588 3478; x_wconf 79' lang='lat' dir='ltr'><strong>idecembris</strong></span> <span class='ocrx_word' id='word_1_161' title='bbox 608 3415 687 3478; x_wconf 83' lang='grc'><strong>1111.</strong></span> 
     </span>
     <span class='ocr_line' id='line_1_31' title="bbox 201 3542 874 3610; baseline -0.001 -15"><span class='ocrx_word' id='word_1_162' title='bbox 201 3544 299 3610; x_wconf 63' lang='lat' dir='ltr'><strong>[Fciam</strong></span> <span class='ocrx_word' id='word_1_163' title='bbox 309 3543 393 3595; x_wconf 79' lang='lat' dir='ltr'><strong>Codex</strong></span> <span class='ocrx_word' id='word_1_164' title='bbox 402 3542 583 3608; x_wconf 81' lang='lat' dir='ltr'><strong>diplomaticus</strong></span> <span class='ocrx_word' id='word_1_165' title='bbox 595 3543 737 3608; x_wconf 74' lang='lat' dir='ltr'><strong>baugariae,</strong></span> <span class='ocrx_word' id='word_1_166' title='bbox 750 3544 794 3602; x_wconf 89' lang='lat'><strong>111,</strong></span> <span class='ocrx_word' id='word_1_167' title='bbox 806 3542 874 3610; x_wconf 72' lang='grc'><strong>311]</strong></span> 
     </span>
     <span class='ocr_line' id='line_1_32' title="bbox 143 3659 934 3733; baseline -0.001 -15"><span class='ocrx_word' id='word_1_168' title='bbox 143 3661 288 3718; x_wconf 86' lang='lat' dir='ltr'><strong>Honorius</strong></span> <span class='ocrx_word' id='word_1_169' title='bbox 311 3659 445 3718; x_wconf 75' lang='lat' dir='ltr'><strong>(tenzelio</strong></span> <span class='ocrx_word' id='word_1_170' title='bbox 465 3659 680 3733; x_wconf 84' lang='lat' dir='ltr'><strong>archiepiscopo</strong></span> <span class='ocrx_word' id='word_1_171' title='bbox 699 3659 859 3732; x_wconf 86' lang='lat' dir='ltr'><strong>Spalatensi</strong></span> <span class='ocrx_word' id='word_1_172' title='bbox 874 3660 934 3732; x_wconf 88' lang='lat' dir='ltr'><strong>pel·</strong></span> 
     </span>
    </p>
   </div>
   <div class='ocr_carea' id='block_1_7' title="bbox 38 3741 935 3820">
    <p class='ocr_par' dir='ltr' id='par_1_7' title="bbox 38 3741 935 3820">
     <span class='ocr_line' id='line_1_33' title="bbox 38 3741 935 3820; baseline 0 -14"><span class='ocrx_word' id='word_1_173' title='bbox 38 3741 51 3762; x_wconf 83' lang='grc'><strong>“</strong></span> <span class='ocrx_word' id='word_1_174' title='bbox 175 3750 259 3816; x_wconf 91' lang='lat' dir='ltr'><strong>lium,</strong></span> <span class='ocrx_word' id='word_1_175' title='bbox 274 3763 324 3820; x_wconf 84' lang='lat' dir='ltr'><strong>per</strong></span> <span class='ocrx_word' id='word_1_176' title='bbox 340 3747 505 3818; x_wconf 78' lang='lat' dir='ltr'><strong>liebertum,</strong></span> <span class='ocrx_word' id='word_1_177' title='bbox 520 3748 687 3820; x_wconf 86' lang='lat' dir='ltr'><strong>episcopum</strong></span> <span class='ocrx_word' id='word_1_178' title='bbox 704 3748 935 3820; x_wconf 78' lang='lat' dir='ltr'><strong>vesprimensem</strong></span> 
     </span>
    </p>
   </div>
   <div class='ocr_carea' id='block_1_8' title="bbox 176 3834 505 3909">
    <p class='ocr_par' dir='ltr' id='par_1_8' title="bbox 176 3834 505 3909">
     <span class='ocr_line' id='line_1_34' title="bbox 176 3834 505 3909; baseline -0.006 -17"><span class='ocrx_word' id='word_1_179' title='bbox 176 3834 395 3909; x_wconf 88' lang='lat' dir='ltr'><strong>inponendum,</strong></span> <span class='ocrx_word' id='word_1_180' title='bbox 410 3835 505 3894; x_wconf 85' lang='lat' dir='ltr'><strong>mittit.</strong></span> 
     </span>
    </p>
   </div>
   <div class='ocr_carea' id='block_1_9' title="bbox 81 3959 937 4328">
    <p class='ocr_par' dir='ltr' id='par_1_9' title="bbox 81 3959 937 4328">
     <span class='ocr_line' id='line_1_35' title="bbox 184 3959 931 4034; baseline 0.004 -13"><span class='ocrx_word' id='word_1_181' title='bbox 184 3961 291 4032; x_wconf 90' lang='lat' dir='ltr'><strong>Quum</strong></span> <span class='ocrx_word' id='word_1_182' title='bbox 316 3959 456 4022; x_wconf 84' lang='lat' dir='ltr'><strong>dilectus</strong></span> <span class='ocrx_word' id='word_1_183' title='bbox 476 3959 564 4021; x_wconf 81' lang='lat' dir='ltr'><strong>lilius</strong></span> <span class='ocrx_word' id='word_1_184' title='bbox 579 3960 768 4034; x_wconf 83' lang='lat' dir='ltr'><strong>Vulcanius,</strong></span> <span class='ocrx_word' id='word_1_185' title='bbox 794 3961 931 4024; x_wconf 91' lang='lat' dir='ltr'><strong>canoni·</strong></span> 
     </span>
     <span class='ocr_line' id='line_1_36' title="bbox 144 4057 934 4136; baseline 0.004 -18"><span class='ocrx_word' id='word_1_186' title='bbox 144 4071 203 4118; x_wconf 91' lang='lat' dir='ltr'><strong>cus</strong></span> <span class='ocrx_word' id='word_1_187' title='bbox 220 4057 438 4135; x_wconf 87' lang='lat' dir='ltr'><strong>Spalatensis,</strong></span> <span class='ocrx_word' id='word_1_188' title='bbox 457 4058 593 4119; x_wconf 89' lang='lat' dir='ltr'><strong>nuntius</strong></span> <span class='ocrx_word' id='word_1_189' title='bbox 606 4058 694 4130; x_wconf 91' lang='lat' dir='ltr'><strong>tuus,</strong></span> <span class='ocrx_word' id='word_1_190' title='bbox 710 4057 752 4119; x_wconf 91' lang='lat' dir='ltr'><strong>ad</strong></span> <span class='ocrx_word' id='word_1_191' title='bbox 763 4059 934 4136; x_wconf 82' lang='lat' dir='ltr'><strong>Apostoli-</strong></span> 
     </span>
     <span class='ocr_line' id='line_1_37' title="bbox 144 4153 937 4233; baseline 0.004 -17"><span class='ocrx_word' id='word_1_192' title='bbox 144 4167 219 4216; x_wconf 86' lang='lat' dir='ltr'><strong>eam</strong></span> <span class='ocrx_word' id='word_1_193' title='bbox 245 4153 363 4216; x_wconf 81' lang='lat' dir='ltr'><strong>sedem</strong></span> <span class='ocrx_word' id='word_1_194' title='bbox 388 4153 566 4227; x_wconf 88' lang='lat' dir='ltr'><strong>accedens,</strong></span> <span class='ocrx_word' id='word_1_195' title='bbox 598 4153 694 4216; x_wconf 92' lang='lat' dir='ltr'><strong>nobis</strong></span> <span class='ocrx_word' id='word_1_196' title='bbox 717 4155 937 4233; x_wconf 86' lang='lat' dir='ltr'><strong>supplicasset</strong></span> 
     </span>
     <span class='ocr_line' id='line_1_38' title="bbox 81 4250 937 4328; baseline 0.005 -17"><span class='ocrx_word' id='word_1_197' title='bbox 81 4311 86 4323; x_wconf 81' lang='grc'>,</span> <span class='ocrx_word' id='word_1_198' title='bbox 145 4250 320 4322; x_wconf 84' lang='lat' dir='ltr'><strong>instanter,</strong></span> <span class='ocrx_word' id='word_1_199' title='bbox 333 4252 370 4313; x_wconf 91' lang='lat' dir='ltr'><strong>ut</strong></span> <span class='ocrx_word' id='word_1_200' title='bbox 386 4250 536 4328; x_wconf 86' lang='lat' dir='ltr'><strong>pallium,</strong></span> <span class='ocrx_word' id='word_1_201' title='bbox 551 4250 769 4328; x_wconf 89' lang='lat' dir='ltr'><strong>plenitudinis</strong></span> <span class='ocrx_word' id='word_1_202' title='bbox 781 4252 937 4316; x_wconf 82' lang='lat' dir='ltr'><strong>videlicet</strong></span> 
     </span>
    </p>
   </div>
   <div class='ocr_carea' id='block_1_10' title="bbox 36 4339 935 4522">
    <p class='ocr_par' dir='ltr' id='par_1_10' title="bbox 10 4339 935 4522">
     <span class='ocr_line' id='line_1_39' title="bbox 48 4339 935 4426; baseline 0.003 -16.877"><span class='ocrx_word' id='word_1_203' title='bbox 48 4339 70 4378; x_wconf 49' lang='grc' dir='ltr'><strong>’ὖ</strong></span> <span class='ocrx_word' id='word_1_204' title='bbox 144 4345 249 4410; x_wconf 80' lang='lat' dir='ltr'><strong>cincii</strong></span> <span class='ocrx_word' id='word_1_205' title='bbox 276 4348 476 4426; x_wconf 80' lang='lat' dir='ltr'><strong>pontificalis</strong></span> <span class='ocrx_word' id='word_1_206' title='bbox 501 4348 643 4424; x_wconf 79' lang='lat' dir='ltr'><strong>insigne,</strong></span> <span class='ocrx_word' id='word_1_207' title='bbox 668 4349 730 4411; x_wconf 89' lang='lat' dir='ltr'><strong>tibi</strong></span> <span class='ocrx_word' id='word_1_208' title='bbox 753 4349 935 4414; x_wconf 87' lang='lat' dir='ltr'><strong>concedere</strong></span> 
     </span>
     <span class='ocr_line' id='line_1_40' title="bbox 36 4443 935 4522; baseline 0.009 -20"><span class='ocrx_word' id='word_1_209' title='bbox 36 4493 41 4502; x_wconf 94' lang='lat'><em>.</em></span> <span class='ocrx_word' id='word_1_210' title='bbox 143 4443 375 4521; x_wconf 81' lang='lat' dir='ltr'><strong>dignaremur3</strong></span> <span class='ocrx_word' id='word_1_211' title='bbox 400 4460 461 4506; x_wconf 92' lang='lat' dir='ltr'><strong>nos</strong></span> <span class='ocrx_word' id='word_1_212' title='bbox 489 4447 575 4522; x_wconf 85' lang='lat' dir='ltr'><strong>ejus,</strong></span> <span class='ocrx_word' id='word_1_213' title='bbox 597 4445 664 4507; x_wconf 91' lang='lat' dir='ltr'><strong>imo</strong></span> <span class='ocrx_word' id='word_1_214' title='bbox 685 4445 752 4508; x_wconf 84' lang='lat' dir='ltr'><strong>tuae</strong></span> <span class='ocrx_word' id='word_1_215' title='bbox 766 4446 935 4510; x_wconf 82' lang='lat' dir='ltr'><strong>instantiae</strong></span> 
     </span>
    </p>
   </div>
   <div class='ocr_carea' id='block_1_11' title="bbox 143 4539 936 4813">
    <p class='ocr_par' dir='ltr' id='par_1_11' title="bbox 143 4539 936 4813">
     <span class='ocr_line' id='line_1_41' title="bbox 143 4539 935 4621; baseline 0.005 -20"><span class='ocrx_word' id='word_1_216' title='bbox 143 4539 324 4618; x_wconf 83' lang='lat' dir='ltr'><strong>benignum</strong></span> <span class='ocrx_word' id='word_1_217' title='bbox 348 4541 575 4618; x_wconf 87' lang='lat' dir='ltr'><strong>impertientes</strong></span> <span class='ocrx_word' id='word_1_218' title='bbox 597 4557 780 4614; x_wconf 89' lang='lat' dir='ltr'><strong>assensum,</strong></span> <span class='ocrx_word' id='word_1_219' title='bbox 797 4543 935 4621; x_wconf 90' lang='lat' dir='ltr'><strong>pallium</strong></span> 
     </span>
     <span class='ocr_line' id='line_1_42' title="bbox 143 4635 936 4714; baseline 0.006 -17"><span class='ocrx_word' id='word_1_220' title='bbox 143 4635 253 4714; x_wconf 89' lang='lat' dir='ltr'><strong>ipsum</strong></span> <span class='ocrx_word' id='word_1_221' title='bbox 277 4638 384 4704; x_wconf 88' lang='lat' dir='ltr'><strong>eidem</strong></span> <span class='ocrx_word' id='word_1_222' title='bbox 407 4637 642 4711; x_wconf 85' lang='lat' dir='ltr'><strong>commisimus,</strong></span> <span class='ocrx_word' id='word_1_223' title='bbox 663 4639 849 4701; x_wconf 88' lang='lat' dir='ltr'><strong>venerabili</strong></span> <span class='ocrx_word' id='word_1_224' title='bbox 865 4639 936 4702; x_wconf 86' lang='lat' dir='ltr'><strong>lra-</strong></span> 
     </span>
     <span class='ocr_line' id='line_1_43' title="bbox 143 4733 936 4813; baseline 0.004 -17"><span class='ocrx_word' id='word_1_225' title='bbox 143 4733 188 4796; x_wconf 87' lang='lat' dir='ltr'><strong>tri</strong></span> <span class='ocrx_word' id='word_1_226' title='bbox 202 4737 328 4807; x_wconf 88' lang='lat' dir='ltr'><strong>nostro,</strong></span> <span class='ocrx_word' id='word_1_227' title='bbox 344 4735 571 4812; x_wconf 85' lang='lat' dir='ltr'><strong>vesprimensi</strong></span> <span class='ocrx_word' id='word_1_228' title='bbox 586 4735 740 4813; x_wconf 87' lang='lat' dir='ltr'><strong>episcopo</strong></span> <span class='ocrx_word' id='word_1_229' title='bbox 759 4737 936 4813; x_wconf 78' lang='lat' dir='ltr'><strong>assignan-</strong></span> 
     </span>
    </p>
   </div>
   <div class='ocr_carea' id='block_1_12' title="bbox 10 4829 935 4910">
    <p class='ocr_par' dir='ltr' id='par_1_12' title="bbox 10 4829 935 4910">
     <span class='ocr_line' id='line_1_44' title="bbox 10 4829 935 4910; baseline 0.009 -22"><span class='ocrx_word' id='word_1_230' title='bbox 10 4875 12 4888; x_wconf 92' lang='lat'>.</span> <span class='ocrx_word' id='word_1_231' title='bbox 47 4859 55 4878; x_wconf 90' lang='lat'><strong>·</strong></span> <span class='ocrx_word' id='word_1_232' title='bbox 142 4829 234 4906; x_wconf 90' lang='lat' dir='ltr'><strong>dum,</strong></span> <span class='ocrx_word' id='word_1_233' title='bbox 260 4831 316 4909; x_wconf 86' lang='lat' dir='ltr'><strong>qui</strong></span> <span class='ocrx_word' id='word_1_234' title='bbox 340 4831 520 4894; x_wconf 90' lang='lat' dir='ltr'><strong>secundum</strong></span> <span class='ocrx_word' id='word_1_235' title='bbox 541 4832 676 4906; x_wconf 80' lang='lat' dir='ltr'><strong>formas,</strong></span> <span class='ocrx_word' id='word_1_236' title='bbox 694 4847 776 4910; x_wconf 82' lang='lat' dir='ltr'><strong>quas</strong></span> <span class='ocrx_word' id='word_1_237' title='bbox 795 4833 857 4896; x_wconf 91' lang='lat' dir='ltr'><strong>tibi</strong></span> <span class='ocrx_word' id='word_1_238' title='bbox 873 4833 935 4896; x_wconf 88' lang='lat' dir='ltr'><strong>snb</strong></span> 
     </span>
    </p>
   </div>
   <div class='ocr_carea' id='block_1_13' title="bbox 142 4926 936 5378">
    <p class='ocr_par' dir='ltr' id='par_1_13' title="bbox 142 4926 936 5378">
     <span class='ocr_line' id='line_1_45' title="bbox 142 4926 935 5003; baseline 0.004 -15"><span class='ocrx_word' id='word_1_239' title='bbox 142 4926 237 4988; x_wconf 90' lang='lat' dir='ltr'><strong>bulla</strong></span> <span class='ocrx_word' id='word_1_240' title='bbox 251 4929 367 4990; x_wconf 89' lang='lat' dir='ltr'><strong>nostra</strong></span> <span class='ocrx_word' id='word_1_241' title='bbox 385 4926 589 4990; x_wconf 87' lang='lat' dir='ltr'><strong>destinamus</strong></span> <span class='ocrx_word' id='word_1_242' title='bbox 617 4929 776 5003; x_wconf 75' lang='lat' dir='ltr'><strong>inclusae,</strong></span> <span class='ocrx_word' id='word_1_243' title='bbox 790 4945 810 4991; x_wconf 89' lang='lat' dir='ltr'><strong>a</strong></span> <span class='ocrx_word' id='word_1_244' title='bbox 824 4931 856 4992; x_wconf 88' lang='lat' dir='ltr'><strong>te</strong></span> <span class='ocrx_word' id='word_1_245' title='bbox 870 4946 935 4991; x_wconf 89' lang='lat' dir='ltr'><strong>no·</strong></span> 
     </span>
     <span class='ocr_line' id='line_1_46' title="bbox 142 5023 933 5104; baseline 0.003 -18"><span class='ocrx_word' id='word_1_246' title='bbox 142 5025 234 5086; x_wconf 91' lang='lat' dir='ltr'><strong>mine</strong></span> <span class='ocrx_word' id='word_1_247' title='bbox 242 5026 355 5087; x_wconf 89' lang='lat' dir='ltr'><strong>nostro</strong></span> <span class='ocrx_word' id='word_1_248' title='bbox 363 5023 531 5090; x_wconf 77' lang='lat' dir='ltr'><strong>coenatis</strong></span> <span class='ocrx_word' id='word_1_249' title='bbox 539 5025 680 5103; x_wconf 85' lang='lat' dir='ltr'><strong>recipiat</strong></span> <span class='ocrx_word' id='word_1_250' title='bbox 693 5027 933 5104; x_wconf 87' lang='lat' dir='ltr'><strong>juramentum,</strong></span> 
     </span>
     <span class='ocr_line' id='line_1_47' title="bbox 142 5121 936 5200; baseline 0.006 -18"><span class='ocrx_word' id='word_1_251' title='bbox 142 5121 177 5182; x_wconf 89' lang='lat' dir='ltr'><strong>et</strong></span> <span class='ocrx_word' id='word_1_252' title='bbox 195 5121 305 5198; x_wconf 90' lang='lat' dir='ltr'><strong>ipsum</strong></span> <span class='ocrx_word' id='word_1_253' title='bbox 323 5121 461 5200; x_wconf 90' lang='lat' dir='ltr'><strong>pallium</strong></span> <span class='ocrx_word' id='word_1_254' title='bbox 483 5121 544 5184; x_wconf 92' lang='lat' dir='ltr'><strong>tibi</strong></span> <span class='ocrx_word' id='word_1_255' title='bbox 558 5123 679 5185; x_wconf 89' lang='lat' dir='ltr'><strong>tradat.</strong></span> <span class='ocrx_word' id='word_1_256' title='bbox 696 5124 816 5186; x_wconf 85' lang='lat' dir='ltr'><strong>Datum</strong></span> <span class='ocrx_word' id='word_1_257' title='bbox 836 5125 936 5187; x_wconf 88' lang='lat' dir='ltr'><strong>Late-</strong></span> 
     </span>
     <span class='ocr_line' id='line_1_48' title="bbox 143 5218 934 5298; baseline 0.005 -20"><span class='ocrx_word' id='word_1_258' title='bbox 143 5218 233 5290; x_wconf 89' lang='lat' dir='ltr'><strong>rani,</strong></span> <span class='ocrx_word' id='word_1_259' title='bbox 243 5219 384 5279; x_wconf 84' lang='lat' dir='ltr'><strong>linones</strong></span> <span class='ocrx_word' id='word_1_260' title='bbox 396 5218 592 5294; x_wconf 89' lang='lat' dir='ltr'><strong>decembris,</strong></span> <span class='ocrx_word' id='word_1_261' title='bbox 608 5220 819 5298; x_wconf 81' lang='lat' dir='ltr'><strong>pontificatus</strong></span> <span class='ocrx_word' id='word_1_262' title='bbox 829 5221 934 5284; x_wconf 90' lang='lat' dir='ltr'><strong>nostri</strong></span> 
     </span>
     <span class='ocr_line' id='line_1_49' title="bbox 143 5315 350 5378; baseline 0.005 -3"><span class='ocrx_word' id='word_1_263' title='bbox 143 5329 233 5376; x_wconf 87' lang='lat' dir='ltr'><strong>anno</strong></span> <span class='ocrx_word' id='word_1_264' title='bbox 245 5315 350 5378; x_wconf 87' lang='lat' dir='ltr'><strong>sexto.</strong></span> 
     </span>
    </p>
   </div>
   <div class='ocr_carea' id='block_1_14' title="bbox 1330 445 1439 534">
    <p class='ocr_par' dir='ltr' id='par_1_14' title="bbox 1330 445 1439 534">
     <span class='ocr_line' id='line_1_50' title="bbox 1330 445 1439 534; baseline -0.009 0"><span class='ocrx_word' id='word_1_265' title='bbox 1330 445 1439 534; x_wconf 84' lang='lat' dir='ltr'>XLII</span> 
     </span>
    </p>
   </div>
   <div class='ocr_carea' id='block_1_15' title="bbox 988 595 1779 676">
    <p class='ocr_par' dir='ltr' id='par_1_15' title="bbox 988 595 1779 676">
     <span class='ocr_line' id='line_1_51' title="bbox 988 595 1779 676; baseline 0.005 -20"><span class='ocrx_word' id='word_1_266' title='bbox 988 595 1041 656; x_wconf 85' lang='lat' dir='ltr'><strong>Ad</strong></span> <span class='ocrx_word' id='word_1_267' title='bbox 1057 595 1244 656; x_wconf 76' lang='lat' dir='ltr'><strong>Reiectum</strong></span> <span class='ocrx_word' id='word_1_268' title='bbox 1269 597 1544 672; x_wconf 72' lang='lat' dir='ltr'><strong>Vespmmensem</strong></span> <span class='ocrx_word' id='word_1_269' title='bbox 1572 600 1779 676; x_wconf 74' lang='lat' dir='ltr'><strong>episcopum.</strong></span> 
     </span>
    </p>
   </div>
   <div class='ocr_carea' id='block_1_16' title="bbox 1227 723 1535 916">
    <p class='ocr_par' dir='ltr' id='par_1_16' title="bbox 1227 723 1535 916">
     <span class='ocr_line' id='line_1_52' title="bbox 1235 723 1534 788; baseline 0.01 -4"><span class='ocrx_word' id='word_1_270' title='bbox 1235 723 1431 786; x_wconf 72' lang='lat' dir='ltr'><strong>Idecembiit</strong></span> <span class='ocrx_word' id='word_1_271' title='bbox 1455 729 1534 788; x_wconf 76' lang='lat' dir='ltr'><strong>liti.</strong></span> 
     </span>
     <span class='ocr_line' id='line_1_53' title="bbox 1227 837 1535 916; baseline 0.01 -17"><span class='ocrx_word' id='word_1_272' title='bbox 1227 837 1319 914; x_wconf 64' lang='lat' dir='ltr'><strong>[Iejec</strong></span> <span class='ocrx_word' id='word_1_273' title='bbox 1339 849 1414 910; x_wconf 78' lang='lat' dir='ltr'><strong>ibid,</strong></span> <span class='ocrx_word' id='word_1_274' title='bbox 1427 865 1453 916; x_wconf 91' lang='lat' dir='ltr'><strong>p.</strong></span> <span class='ocrx_word' id='word_1_275' title='bbox 1465 851 1535 916; x_wconf 69' lang='lat' dir='ltr'><strong>ste]</strong></span> 
     </span>
    </p>
   </div>
   <div class='ocr_carea' id='block_1_17' title="bbox 1029 961 1742 1126">
    <p class='ocr_par' dir='ltr' id='par_1_17' title="bbox 1029 961 1742 1126">
     <span class='ocr_line' id='line_1_54' title="bbox 1029 961 1742 1042; baseline 0.008 -20"><span class='ocrx_word' id='word_1_276' title='bbox 1029 961 1145 1022; x_wconf 84' lang='lat' dir='ltr'><strong>llandat</strong></span> <span class='ocrx_word' id='word_1_277' title='bbox 1158 970 1189 1022; x_wconf 84' lang='lat' dir='ltr'><strong>ut</strong></span> <span class='ocrx_word' id='word_1_278' title='bbox 1204 963 1339 1022; x_wconf 84' lang='lat' dir='ltr'><strong>Gunzello</strong></span> <span class='ocrx_word' id='word_1_279' title='bbox 1352 965 1512 1039; x_wconf 85' lang='lat' dir='ltr'><strong>spalatensi</strong></span> <span class='ocrx_word' id='word_1_280' title='bbox 1527 965 1742 1042; x_wconf 79' lang='lat' dir='ltr'><strong>archiepiscopo</strong></span> 
     </span>
     <span class='ocr_line' id='line_1_55' title="bbox 1268 1054 1505 1126; baseline 0.017 -17"><span class='ocrx_word' id='word_1_281' title='bbox 1268 1054 1384 1126; x_wconf 89' lang='lat' dir='ltr'><strong>pellium</strong></span> <span class='ocrx_word' id='word_1_282' title='bbox 1403 1054 1505 1114; x_wconf 86' lang='lat' dir='ltr'><strong>tradat.</strong></span> 
     </span>
    </p>
   </div>
   <div class='ocr_carea' id='block_1_18' title="bbox 982 1158 1868 4041">
    <p class='ocr_par' dir='ltr' id='par_1_18' title="bbox 982 1158 1868 4041">
     <span class='ocr_line' id='line_1_56' title="bbox 1030 1158 1783 1246; baseline 0.008 -18"><span class='ocrx_word' id='word_1_283' title='bbox 1030 1159 1117 1228; x_wconf 88' lang='lat' dir='ltr'><strong>Olim</strong></span> <span class='ocrx_word' id='word_1_284' title='bbox 1126 1158 1187 1228; x_wconf 87' lang='lat' dir='ltr'><strong>tibi</strong></span> <span class='ocrx_word' id='word_1_285' title='bbox 1198 1165 1328 1232; x_wconf 91' lang='lat' dir='ltr'><strong>dedisse</strong></span> <span class='ocrx_word' id='word_1_286' title='bbox 1338 1171 1548 1234; x_wconf 90' lang='lat' dir='ltr'><strong>meminimus</strong></span> <span class='ocrx_word' id='word_1_287' title='bbox 1559 1173 1594 1233; x_wconf 94' lang='lat' dir='ltr'><strong>in</strong></span> <span class='ocrx_word' id='word_1_288' title='bbox 1605 1173 1783 1246; x_wconf 89' lang='lat' dir='ltr'><strong>mandatis,</strong></span> 
     </span>
     <span class='ocr_line' id='line_1_57' title="bbox 990 1258 1785 1347; baseline 0.013 -24"><span class='ocrx_word' id='word_1_289' title='bbox 990 1261 1027 1324; x_wconf 91' lang='lat' dir='ltr'><strong>nt</strong></span> <span class='ocrx_word' id='word_1_290' title='bbox 1038 1258 1234 1326; x_wconf 89' lang='lat' dir='ltr'><strong>electionem</strong></span> <span class='ocrx_word' id='word_1_291' title='bbox 1249 1260 1291 1328; x_wconf 87' lang='lat' dir='ltr'><strong>de</strong></span> <span class='ocrx_word' id='word_1_292' title='bbox 1305 1269 1342 1328; x_wconf 83' lang='lat' dir='ltr'><strong>G.</strong></span> <span class='ocrx_word' id='word_1_293' title='bbox 1359 1265 1472 1330; x_wconf 83' lang='lat' dir='ltr'><strong>fratris</strong></span> <span class='ocrx_word' id='word_1_294' title='bbox 1482 1269 1657 1347; x_wconf 86' lang='lat' dir='ltr'><strong>hospitalis</strong></span> <span class='ocrx_word' id='word_1_295' title='bbox 1671 1270 1785 1333; x_wconf 87' lang='lat' dir='ltr'><strong>Sancti</strong></span> 
     </span>
     <span class='ocr_line' id='line_1_58' title="bbox 992 1359 1786 1444; baseline 0.011 -24"><span class='ocrx_word' id='word_1_296' title='bbox 992 1359 1152 1437; x_wconf 88' lang='lat' dir='ltr'><strong>Stephani</strong></span> <span class='ocrx_word' id='word_1_297' title='bbox 1168 1362 1269 1439; x_wconf 79' lang='lat' dir='ltr'><strong>regis,</strong></span> <span class='ocrx_word' id='word_1_298' title='bbox 1291 1379 1312 1424; x_wconf 92' lang='lat' dir='ltr'><strong>a</strong></span> <span class='ocrx_word' id='word_1_299' title='bbox 1336 1365 1522 1442; x_wconf 79' lang='lat' dir='ltr'><strong>spalatensi</strong></span> <span class='ocrx_word' id='word_1_300' title='bbox 1538 1365 1682 1444; x_wconf 88' lang='lat' dir='ltr'><strong>capitulo</strong></span> <span class='ocrx_word' id='word_1_301' title='bbox 1696 1368 1786 1430; x_wconf 90' lang='lat' dir='ltr'><strong>cele-</strong></span> 
     </span>
     <span class='ocr_line' id='line_1_59' title="bbox 982 1454 1785 1542; baseline 0.009 -21"><span class='ocrx_word' id='word_1_302' title='bbox 982 1454 1119 1521; x_wconf 86' lang='lat' dir='ltr'><strong>bratam</strong></span> <span class='ocrx_word' id='word_1_303' title='bbox 1131 1459 1342 1522; x_wconf 87' lang='lat' dir='ltr'><strong>examinares</strong></span> <span class='ocrx_word' id='word_1_304' title='bbox 1355 1460 1549 1540; x_wconf 70' lang='lat' dir='ltr'><strong>diligenter,</strong></span> <span class='ocrx_word' id='word_1_305' title='bbox 1565 1463 1595 1524; x_wconf 92' lang='lat' dir='ltr'><strong>si</strong></span> <span class='ocrx_word' id='word_1_306' title='bbox 1608 1479 1785 1542; x_wconf 89' lang='lat' dir='ltr'><strong>personam</strong></span> 
     </span>
     <span class='ocr_line' id='line_1_60' title="bbox 990 1553 1783 1630; baseline 0.015 -18"><span class='ocrx_word' id='word_1_307' title='bbox 990 1553 1160 1615; x_wconf 84' lang='lat' dir='ltr'><strong>invenires</strong></span> <span class='ocrx_word' id='word_1_308' title='bbox 1181 1555 1347 1630; x_wconf 89' lang='lat' dir='ltr'><strong>idoneam,</strong></span> <span class='ocrx_word' id='word_1_309' title='bbox 1373 1559 1407 1620; x_wconf 90' lang='lat' dir='ltr'><strong>et</strong></span> <span class='ocrx_word' id='word_1_310' title='bbox 1425 1558 1620 1622; x_wconf 90' lang='lat' dir='ltr'><strong>electionem</strong></span> <span class='ocrx_word' id='word_1_311' title='bbox 1640 1561 1783 1624; x_wconf 91' lang='lat' dir='ltr'><strong>eanoni-</strong></span> 
     </span>
     <span class='ocr_line' id='line_1_61' title="bbox 990 1649 1784 1732; baseline 0.01 -23"><span class='ocrx_word' id='word_1_312' title='bbox 990 1664 1062 1712; x_wconf 87' lang='lat' dir='ltr'><strong>cam</strong></span> <span class='ocrx_word' id='word_1_313' title='bbox 1090 1649 1193 1722; x_wconf 89' lang='lat' dir='ltr'><strong>illam,</strong></span> <span class='ocrx_word' id='word_1_314' title='bbox 1222 1653 1421 1716; x_wconf 88' lang='lat' dir='ltr'><strong>auctoritate</strong></span> <span class='ocrx_word' id='word_1_315' title='bbox 1447 1656 1639 1732; x_wconf 81' lang='lat' dir='ltr'><strong>Apostolioa</strong></span> <span class='ocrx_word' id='word_1_316' title='bbox 1656 1657 1784 1719; x_wconf 85' lang='lat' dir='ltr'><strong>conflr-</strong></span> 
     </span>
     <span class='ocr_line' id='line_1_62' title="bbox 991 1748 1785 1825; baseline 0.014 -19"><span class='ocrx_word' id='word_1_317' title='bbox 991 1762 1111 1819; x_wconf 75' lang='lat' dir='ltr'><strong>mareS,</strong></span> <span class='ocrx_word' id='word_1_318' title='bbox 1134 1748 1167 1810; x_wconf 90' lang='lat' dir='ltr'><strong>et</strong></span> <span class='ocrx_word' id='word_1_319' title='bbox 1186 1748 1394 1825; x_wconf 86' lang='lat' dir='ltr'><strong>impenderes</strong></span> <span class='ocrx_word' id='word_1_320' title='bbox 1416 1768 1537 1813; x_wconf 91' lang='lat' dir='ltr'><strong>munus</strong></span> <span class='ocrx_word' id='word_1_321' title='bbox 1557 1755 1785 1818; x_wconf 88' lang='lat' dir='ltr'><strong>consecratio-</strong></span> 
     </span>
     <span class='ocr_line' id='line_1_63' title="bbox 991 1843 1785 1926; baseline 0.015 -24"><span class='ocrx_word' id='word_1_322' title='bbox 991 1843 1044 1903; x_wconf 91' lang='lat' dir='ltr'><strong>nis</strong></span> <span class='ocrx_word' id='word_1_323' title='bbox 1070 1843 1187 1907; x_wconf 89' lang='lat' dir='ltr'><strong>eleeto.</strong></span> <span class='ocrx_word' id='word_1_324' title='bbox 1210 1847 1326 1925; x_wconf 89' lang='lat' dir='ltr'><strong>Nuper</strong></span> <span class='ocrx_word' id='word_1_325' title='bbox 1347 1849 1457 1910; x_wconf 89' lang='lat' dir='ltr'><strong>autem</strong></span> <span class='ocrx_word' id='word_1_326' title='bbox 1478 1864 1537 1926; x_wconf 92' lang='lat' dir='ltr'><strong>per</strong></span> <span class='ocrx_word' id='word_1_327' title='bbox 1562 1850 1636 1912; x_wconf 89' lang='lat' dir='ltr'><strong>tuas</strong></span> <span class='ocrx_word' id='word_1_328' title='bbox 1655 1851 1785 1916; x_wconf 85' lang='lat' dir='ltr'><strong>litteras</strong></span> 
     </span>
     <span class='ocr_line' id='line_1_64' title="bbox 990 1939 1785 2021; baseline 0.016 -22"><span class='ocrx_word' id='word_1_329' title='bbox 990 1939 1164 2012; x_wconf 86' lang='lat' dir='ltr'><strong>intimasti,</strong></span> <span class='ocrx_word' id='word_1_330' title='bbox 1177 1941 1264 2019; x_wconf 85' lang='lat' dir='ltr'><strong>quod</strong></span> <span class='ocrx_word' id='word_1_331' title='bbox 1277 1960 1377 2021; x_wconf 84' lang='lat' dir='ltr'><strong>quum</strong></span> <span class='ocrx_word' id='word_1_332' title='bbox 1388 1945 1584 2008; x_wconf 91' lang='lat' dir='ltr'><strong>eiectionem</strong></span> <span class='ocrx_word' id='word_1_333' title='bbox 1598 1948 1785 2012; x_wconf 78' lang='lat' dir='ltr'><strong>invenisses</strong></span> 
     </span>
     <span class='ocr_line' id='line_1_65' title="bbox 991 2037 1786 2114; baseline 0.015 -16"><span class='ocrx_word' id='word_1_334' title='bbox 991 2037 1196 2112; x_wconf 87' lang='lat' dir='ltr'><strong>canonicam,</strong></span> <span class='ocrx_word' id='word_1_335' title='bbox 1217 2039 1251 2100; x_wconf 91' lang='lat' dir='ltr'><strong>et</strong></span> <span class='ocrx_word' id='word_1_336' title='bbox 1265 2041 1477 2114; x_wconf 89' lang='lat' dir='ltr'><strong>concordem,</strong></span> <span class='ocrx_word' id='word_1_337' title='bbox 1491 2045 1525 2106; x_wconf 88' lang='lat' dir='ltr'><strong>et</strong></span> <span class='ocrx_word' id='word_1_338' title='bbox 1543 2043 1584 2107; x_wconf 92' lang='lat' dir='ltr'><strong>de</strong></span> <span class='ocrx_word' id='word_1_339' title='bbox 1605 2045 1786 2110; x_wconf 86' lang='lat' dir='ltr'><strong>idoneitate</strong></span> 
     </span>
     <span class='ocr_line' id='line_1_66' title="bbox 991 2135 1868 2217; baseline 0.015 -22"><span class='ocrx_word' id='word_1_340' title='bbox 991 2148 1142 2210; x_wconf 87' lang='lat' dir='ltr'><strong>personae</strong></span> <span class='ocrx_word' id='word_1_341' title='bbox 1168 2135 1201 2197; x_wconf 89' lang='lat' dir='ltr'><strong>te</strong></span> <span class='ocrx_word' id='word_1_342' title='bbox 1226 2137 1352 2199; x_wconf 89' lang='lat' dir='ltr'><strong>certum</strong></span> <span class='ocrx_word' id='word_1_343' title='bbox 1377 2140 1513 2217; x_wconf 85' lang='lat' dir='ltr'><strong>antiqua</strong></span> <span class='ocrx_word' id='word_1_344' title='bbox 1536 2143 1655 2205; x_wconf 86' lang='lat' dir='ltr'><strong>notitia</strong></span> <span class='ocrx_word' id='word_1_345' title='bbox 1672 2144 1787 2206; x_wconf 91' lang='lat' dir='ltr'><strong>reddi·</strong></span> <span class='ocrx_word' id='word_1_346' title='bbox 1865 2172 1868 2182; x_wconf 59' lang='lat'>¹</span> 
     </span>
     <span class='ocr_line' id='line_1_67' title="bbox 991 2229 1784 2316; baseline 0.019 -27"><span class='ocrx_word' id='word_1_347' title='bbox 991 2229 1103 2304; x_wconf 87' lang='lat' dir='ltr'><strong>disset,</strong></span> <span class='ocrx_word' id='word_1_348' title='bbox 1133 2232 1328 2296; x_wconf 89' lang='lat' dir='ltr'><strong>electionem</strong></span> <span class='ocrx_word' id='word_1_349' title='bbox 1352 2237 1557 2300; x_wconf 81' lang='lat' dir='ltr'><strong>confirmasti</strong></span> <span class='ocrx_word' id='word_1_350' title='bbox 1579 2241 1784 2316; x_wconf 87' lang='lat' dir='ltr'><strong>praedictam,</strong></span> 
     </span>
     <span class='ocr_line' id='line_1_68' title="bbox 991 2325 1786 2412; baseline 0.016 -24"><span class='ocrx_word' id='word_1_351' title='bbox 991 2327 1025 2390; x_wconf 88' lang='lat' dir='ltr'><strong>et</strong></span> <span class='ocrx_word' id='word_1_352' title='bbox 1043 2325 1185 2390; x_wconf 89' lang='lat' dir='ltr'><strong>electum</strong></span> <span class='ocrx_word' id='word_1_353' title='bbox 1209 2331 1245 2392; x_wconf 91' lang='lat' dir='ltr'><strong>in</strong></span> <span class='ocrx_word' id='word_1_354' title='bbox 1259 2332 1488 2410; x_wconf 84' lang='lat' dir='ltr'><strong>presbyterum</strong></span> <span class='ocrx_word' id='word_1_355' title='bbox 1511 2337 1682 2412; x_wconf 91' lang='lat' dir='ltr'><strong>ordinans,</strong></span> <span class='ocrx_word' id='word_1_356' title='bbox 1704 2339 1737 2400; x_wconf 94' lang='lat' dir='ltr'><strong>et</strong></span> <span class='ocrx_word' id='word_1_357' title='bbox 1752 2339 1786 2401; x_wconf 89' lang='lat' dir='ltr'><strong>ei</strong></span> 
     </span>
     <span class='ocr_line' id='line_1_69' title="bbox 991 2426 1784 2510; baseline 0.016 -25"><span class='ocrx_word' id='word_1_358' title='bbox 991 2426 1251 2488; x_wconf 89' lang='lat' dir='ltr'><strong>consecrationis</strong></span> <span class='ocrx_word' id='word_1_359' title='bbox 1290 2446 1410 2492; x_wconf 90' lang='lat' dir='ltr'><strong>munus</strong></span> <span class='ocrx_word' id='word_1_360' title='bbox 1448 2434 1547 2510; x_wconf 79' lang='lat' dir='ltr'><strong>iuxta</strong></span> <span class='ocrx_word' id='word_1_361' title='bbox 1589 2435 1784 2498; x_wconf 89' lang='lat' dir='ltr'><strong>mandatum</strong></span> 
     </span>
     <span class='ocr_line' id='line_1_70' title="bbox 990 2521 1784 2608; baseline 0.019 -26"><span class='ocrx_word' id='word_1_362' title='bbox 990 2521 1215 2600; x_wconf 76' lang='lat' dir='ltr'><strong>Apostolicum</strong></span> <span class='ocrx_word' id='word_1_363' title='bbox 1238 2525 1439 2604; x_wconf 91' lang='lat' dir='ltr'><strong>impendisti.</strong></span> <span class='ocrx_word' id='word_1_364' title='bbox 1468 2533 1543 2608; x_wconf 91' lang='lat' dir='ltr'><strong>Ipso</strong></span> <span class='ocrx_word' id='word_1_365' title='bbox 1560 2531 1664 2608; x_wconf 82' lang='lat' dir='ltr'><strong>igitur</strong></span> <span class='ocrx_word' id='word_1_366' title='bbox 1678 2534 1784 2596; x_wconf 88' lang='lat' dir='ltr'><strong>electo</strong></span> 
     </span>
     <span class='ocr_line' id='line_1_71' title="bbox 991 2617 1784 2708; baseline 0.014 -28"><span class='ocrx_word' id='word_1_367' title='bbox 991 2617 1121 2682; x_wconf 91' lang='lat' dir='ltr'><strong>anobis</strong></span> <span class='ocrx_word' id='word_1_368' title='bbox 1137 2619 1289 2700; x_wconf 91' lang='lat' dir='ltr'><strong>pallium,</strong></span> <span class='ocrx_word' id='word_1_369' title='bbox 1309 2623 1443 2701; x_wconf 79' lang='lat' dir='ltr'><strong>insigne</strong></span> <span class='ocrx_word' id='word_1_370' title='bbox 1462 2626 1617 2691; x_wconf 82' lang='lat' dir='ltr'><strong>uidelicet</strong></span> <span class='ocrx_word' id='word_1_371' title='bbox 1635 2629 1784 2708; x_wconf 90' lang='lat' dir='ltr'><strong>plenitu-</strong></span> 
     </span>
     <span class='ocr_line' id='line_1_72' title="bbox 991 2713 1786 2804; baseline 0.015 -28"><span class='ocrx_word' id='word_1_372' title='bbox 991 2713 1078 2778; x_wconf 92' lang='lat' dir='ltr'><strong>dinis</strong></span> <span class='ocrx_word' id='word_1_373' title='bbox 1091 2719 1292 2794; x_wconf 80' lang='lat' dir='ltr'><strong>pontitlcalis</strong></span> <span class='ocrx_word' id='word_1_374' title='bbox 1301 2719 1404 2784; x_wconf 84' lang='grc'><strong>0111011</strong></span> <span class='ocrx_word' id='word_1_375' title='bbox 1415 2739 1489 2784; x_wconf 90' lang='lat' dir='ltr'><strong>cum</strong></span> <span class='ocrx_word' id='word_1_376' title='bbox 1500 2724 1658 2788; x_wconf 87' lang='lat' dir='ltr'><strong>instantia</strong></span> <span class='ocrx_word' id='word_1_377' title='bbox 1670 2729 1786 2804; x_wconf 91' lang='lat' dir='ltr'><strong>postu·</strong></span> 
     </span>
     <span class='ocr_line' id='line_1_73' title="bbox 991 2813 1783 2896; baseline 0.018 -24"><span class='ocrx_word' id='word_1_378' title='bbox 991 2813 1091 2886; x_wconf 88' lang='lat' dir='ltr'><strong>laute,</strong></span> <span class='ocrx_word' id='word_1_379' title='bbox 1108 2815 1189 2876; x_wconf 91' lang='lat' dir='ltr'><strong>illud</strong></span> <span class='ocrx_word' id='word_1_380' title='bbox 1209 2833 1270 2893; x_wconf 91' lang='lat' dir='ltr'><strong>per</strong></span> <span class='ocrx_word' id='word_1_381' title='bbox 1287 2817 1443 2880; x_wconf 92' lang='lat' dir='ltr'><strong>dilectum</strong></span> <span class='ocrx_word' id='word_1_382' title='bbox 1458 2821 1563 2884; x_wconf 84' lang='lat' dir='ltr'><strong>tilium</strong></span> <span class='ocrx_word' id='word_1_383' title='bbox 1578 2821 1783 2896; x_wconf 83' lang='lat' dir='ltr'><strong>vulcarium,</strong></span> 
     </span>
     <span class='ocr_line' id='line_1_74' title="bbox 991 2910 1786 2996; baseline 0.013 -24"><span class='ocrx_word' id='word_1_384' title='bbox 991 2910 1187 2996; x_wconf 81' lang='lat' dir='ltr'><strong>canonicum</strong></span> <span class='ocrx_word' id='word_1_385' title='bbox 1204 2913 1446 2990; x_wconf 88' lang='lat' dir='ltr'><strong>Spalatensem,</strong></span> <span class='ocrx_word' id='word_1_386' title='bbox 1462 2913 1535 2986; x_wconf 85' lang='lat' dir='ltr'><strong>tihi,</strong></span> <span class='ocrx_word' id='word_1_387' title='bbox 1552 2918 1593 2979; x_wconf 90' lang='lat' dir='ltr'><strong>de</strong></span> <span class='ocrx_word' id='word_1_388' title='bbox 1610 2934 1674 2996; x_wconf 86' lang='lat' dir='ltr'><strong>quo</strong></span> <span class='ocrx_word' id='word_1_389' title='bbox 1693 2921 1786 2996; x_wconf 82' lang='lat' dir='ltr'><strong>geri·</strong></span> 
     </span>
     <span class='ocr_line' id='line_1_75' title="bbox 991 3007 1793 3086; baseline 0.012 -19"><span class='ocrx_word' id='word_1_390' title='bbox 991 3023 1064 3068; x_wconf 91' lang='lat' dir='ltr'><strong>mus</strong></span> <span class='ocrx_word' id='word_1_391' title='bbox 1091 3007 1248 3070; x_wconf 83' lang='lat' dir='ltr'><strong>fiduciam</strong></span> <span class='ocrx_word' id='word_1_392' title='bbox 1274 3011 1467 3086; x_wconf 87' lang='lat' dir='ltr'><strong>specialem,</strong></span> <span class='ocrx_word' id='word_1_393' title='bbox 1488 3012 1645 3076; x_wconf 88' lang='lat' dir='ltr'><strong>duximus</strong></span> <span class='ocrx_word' id='word_1_394' title='bbox 1670 3018 1793 3080; x_wconf 63' lang='lat' dir='ltr'><strong>trane,</strong></span> 
     </span>
     <span class='ocr_line' id='line_1_76' title="bbox 991 3103 1784 3190; baseline 0.016 -26"><span class='ocrx_word' id='word_1_395' title='bbox 991 3103 1198 3166; x_wconf 91' lang='lat' dir='ltr'><strong>mittendum.</strong></span> <span class='ocrx_word' id='word_1_396' title='bbox 1213 3107 1428 3170; x_wconf 85' lang='lat' dir='ltr'><strong>Fraternitati</strong></span> <span class='ocrx_word' id='word_1_397' title='bbox 1444 3110 1510 3172; x_wconf 84' lang='lat' dir='ltr'><strong>tuae</strong></span> <span class='ocrx_word' id='word_1_398' title='bbox 1524 3127 1585 3188; x_wconf 90' lang='lat' dir='ltr'><strong>per</strong></span> <span class='ocrx_word' id='word_1_399' title='bbox 1593 3113 1784 3190; x_wconf 86' lang='lat' dir='ltr'><strong>Apostolioa</strong></span> 
     </span>
     <span class='ocr_line' id='line_1_77' title="bbox 991 3201 1784 3283; baseline 0.015 -23"><span class='ocrx_word' id='word_1_400' title='bbox 991 3201 1114 3279; x_wconf 89' lang='lat' dir='ltr'><strong>scripta</strong></span> <span class='ocrx_word' id='word_1_401' title='bbox 1147 3203 1365 3278; x_wconf 90' lang='lat' dir='ltr'><strong>mandamus,</strong></span> <span class='ocrx_word' id='word_1_402' title='bbox 1405 3207 1568 3283; x_wconf 85' lang='lat' dir='ltr'><strong>quatenus</strong></span> <span class='ocrx_word' id='word_1_403' title='bbox 1603 3210 1784 3272; x_wconf 88' lang='lat' dir='ltr'><strong>secundum</strong></span> 
     </span>
     <span class='ocr_line' id='line_1_78' title="bbox 990 3296 1783 3376; baseline 0.016 -18"><span class='ocrx_word' id='word_1_404' title='bbox 990 3296 1124 3372; x_wconf 81' lang='lat' dir='ltr'><strong>formas,</strong></span> <span class='ocrx_word' id='word_1_405' title='bbox 1141 3315 1222 3376; x_wconf 86' lang='lat' dir='ltr'><strong>quas</strong></span> <span class='ocrx_word' id='word_1_406' title='bbox 1241 3301 1299 3362; x_wconf 89' lang='lat' dir='ltr'><strong>tibi</strong></span> <span class='ocrx_word' id='word_1_407' title='bbox 1315 3301 1375 3363; x_wconf 91' lang='lat' dir='ltr'><strong>sub</strong></span> <span class='ocrx_word' id='word_1_408' title='bbox 1390 3301 1482 3364; x_wconf 92' lang='lat' dir='ltr'><strong>bulla</strong></span> <span class='ocrx_word' id='word_1_409' title='bbox 1501 3306 1616 3367; x_wconf 89' lang='lat' dir='ltr'><strong>nostra</strong></span> <span class='ocrx_word' id='word_1_410' title='bbox 1632 3307 1783 3370; x_wconf 86' lang='lat' dir='ltr'><strong>destina-</strong></span> 
     </span>
     <span class='ocr_line' id='line_1_79' title="bbox 990 3395 1783 3475; baseline 0.014 -19"><span class='ocrx_word' id='word_1_411' title='bbox 990 3411 1063 3457; x_wconf 89' lang='lat' dir='ltr'><strong>mus</strong></span> <span class='ocrx_word' id='word_1_412' title='bbox 1081 3395 1239 3470; x_wconf 89' lang='lat' dir='ltr'><strong>inclusas,</strong></span> <span class='ocrx_word' id='word_1_413' title='bbox 1261 3396 1302 3458; x_wconf 96' lang='lat' dir='ltr'><strong>ab</strong></span> <span class='ocrx_word' id='word_1_414' title='bbox 1317 3399 1390 3475; x_wconf 88' lang='lat' dir='ltr'><strong>ipso</strong></span> <span class='ocrx_word' id='word_1_415' title='bbox 1405 3400 1510 3463; x_wconf 87' lang='lat' dir='ltr'><strong>electo</strong></span> <span class='ocrx_word' id='word_1_416' title='bbox 1523 3402 1657 3465; x_wconf 89' lang='lat' dir='ltr'><strong>nomine</strong></span> <span class='ocrx_word' id='word_1_417' title='bbox 1669 3407 1783 3467; x_wconf 90' lang='lat' dir='ltr'><strong>nostro</strong></span> 
     </span>
     <span class='ocr_line' id='line_1_80' title="bbox 990 3491 1784 3579; baseline 0.014 -27"><span class='ocrx_word' id='word_1_418' title='bbox 990 3491 1159 3554; x_wconf 85' lang='lat' dir='ltr'><strong>fidelitatis</strong></span> <span class='ocrx_word' id='word_1_419' title='bbox 1175 3494 1357 3572; x_wconf 91' lang='lat' dir='ltr'><strong>recipiatur</strong></span> <span class='ocrx_word' id='word_1_420' title='bbox 1372 3499 1608 3574; x_wconf 84' lang='lat' dir='ltr'><strong>juramentum,</strong></span> <span class='ocrx_word' id='word_1_421' title='bbox 1627 3504 1660 3562; x_wconf 92' lang='lat' dir='ltr'><strong>et</strong></span> <span class='ocrx_word' id='word_1_422' title='bbox 1673 3501 1784 3579; x_wconf 91' lang='lat' dir='ltr'><strong>ipsum</strong></span> 
     </span>
     <span class='ocr_line' id='line_1_81' title="bbox 989 3589 1783 3667; baseline 0.015 -17"><span class='ocrx_word' id='word_1_423' title='bbox 989 3589 1127 3667; x_wconf 89' lang='lat' dir='ltr'><strong>pallium</strong></span> <span class='ocrx_word' id='word_1_424' title='bbox 1142 3589 1205 3651; x_wconf 90' lang='lat' dir='ltr'><strong>sibi</strong></span> <span class='ocrx_word' id='word_1_425' title='bbox 1219 3592 1343 3666; x_wconf 88' lang='lat' dir='ltr'><strong>tradas,</strong></span> <span class='ocrx_word' id='word_1_426' title='bbox 1360 3593 1397 3654; x_wconf 90' lang='lat' dir='ltr'><strong>ut</strong></span> <span class='ocrx_word' id='word_1_427' title='bbox 1409 3594 1468 3655; x_wconf 91' lang='grc'><strong>1110</strong></span> <span class='ocrx_word' id='word_1_428' title='bbox 1482 3595 1573 3658; x_wconf 89' lang='lat' dir='ltr'><strong>intra</strong></span> <span class='ocrx_word' id='word_1_429' title='bbox 1587 3612 1682 3659; x_wconf 90' lang='lat' dir='ltr'><strong>suam</strong></span> <span class='ocrx_word' id='word_1_430' title='bbox 1703 3600 1783 3662; x_wconf 89' lang='lat' dir='ltr'><strong>uta-</strong></span> 
     </span>
     <span class='ocr_line' id='line_1_82' title="bbox 989 3687 1785 3768; baseline 0.011 -20"><span class='ocrx_word' id='word_1_431' title='bbox 989 3687 1043 3748; x_wconf 93' lang='lat' dir='ltr'><strong>tur</strong></span> <span class='ocrx_word' id='word_1_432' title='bbox 1057 3687 1232 3750; x_wconf 89' lang='lat' dir='ltr'><strong>ecclesiam</strong></span> <span class='ocrx_word' id='word_1_433' title='bbox 1245 3688 1371 3762; x_wconf 91' lang='lat' dir='ltr'><strong>diebus,</strong></span> <span class='ocrx_word' id='word_1_434' title='bbox 1384 3691 1440 3768; x_wconf 83' lang='lat' dir='ltr'><strong>qui</strong></span> <span class='ocrx_word' id='word_1_435' title='bbox 1456 3691 1490 3752; x_wconf 93' lang='lat' dir='ltr'><strong>in</strong></span> <span class='ocrx_word' id='word_1_436' title='bbox 1505 3695 1534 3768; x_wconf 91' lang='lat' dir='ltr'><strong>ej</strong></span> <span class='ocrx_word' id='word_1_437' title='bbox 1540 3693 1657 3754; x_wconf 91' lang='lat' dir='ltr'><strong>usdem</strong></span> <span class='ocrx_word' id='word_1_438' title='bbox 1676 3695 1785 3757; x_wconf 89' lang='lat' dir='ltr'><strong>ecele-</strong></span> 
     </span>
     <span class='ocr_line' id='line_1_83' title="bbox 989 3784 1783 3862; baseline 0.013 -18"><span class='ocrx_word' id='word_1_439' title='bbox 989 3784 1048 3844; x_wconf 84' lang='lat' dir='ltr'><strong>siae</strong></span> <span class='ocrx_word' id='word_1_440' title='bbox 1072 3784 1246 3861; x_wconf 81' lang='lat' dir='ltr'><strong>privilegio</strong></span> <span class='ocrx_word' id='word_1_441' title='bbox 1271 3787 1512 3862; x_wconf 82' lang='lat' dir='ltr'><strong>exprimentur.</strong></span> <span class='ocrx_word' id='word_1_442' title='bbox 1538 3791 1657 3851; x_wconf 89' lang='lat' dir='ltr'><strong>Datum</strong></span> <span class='ocrx_word' id='word_1_443' title='bbox 1681 3793 1783 3854; x_wconf 88' lang='lat' dir='ltr'><strong>Late·-</strong></span> 
     </span>
     <span class='ocr_line' id='line_1_84' title="bbox 988 3880 1783 3962; baseline 0.014 -21"><span class='ocrx_word' id='word_1_444' title='bbox 988 3880 1074 3953; x_wconf 88' lang='lat' dir='ltr'><strong>rani,</strong></span> <span class='ocrx_word' id='word_1_445' title='bbox 1087 3883 1117 3942; x_wconf 91' lang='lat'><strong>11</strong></span> <span class='ocrx_word' id='word_1_446' title='bbox 1129 3896 1235 3943; x_wconf 89' lang='lat' dir='ltr'><strong>nonas</strong></span> <span class='ocrx_word' id='word_1_447' title='bbox 1244 3881 1439 3956; x_wconf 86' lang='lat' dir='ltr'><strong>decembris,</strong></span> <span class='ocrx_word' id='word_1_448' title='bbox 1451 3884 1663 3962; x_wconf 82' lang='lat' dir='ltr'><strong>pontificatus</strong></span> <span class='ocrx_word' id='word_1_449' title='bbox 1675 3889 1783 3952; x_wconf 89' lang='lat' dir='ltr'><strong>nostri</strong></span> 
     </span>
     <span class='ocr_line' id='line_1_85' title="bbox 989 3977 1199 4041; baseline 0 -2"><span class='ocrx_word' id='word_1_450' title='bbox 989 3991 1077 4040; x_wconf 89' lang='lat' dir='ltr'><strong>anne</strong></span> <span class='ocrx_word' id='word_1_451' title='bbox 1092 3977 1199 4041; x_wconf 87' lang='lat' dir='ltr'><strong>sexto.</strong></span> 
     </span>
    </p>
   </div>
   <div class='ocr_carea' id='block_1_19' title="bbox 1316 4257 1449 4347">
    <p class='ocr_par' dir='ltr' id='par_1_19' title="bbox 1316 4257 1449 4347">
     <span class='ocr_line' id='line_1_86' title="bbox 1316 4257 1449 4347; baseline 0.015 -2"><span class='ocrx_word' id='word_1_452' title='bbox 1316 4257 1449 4347; x_wconf 88' lang='lat' dir='ltr'>XLIII</span> 
     </span>
    </p>
   </div>
   <div class='ocr_carea' id='block_1_20' title="bbox 1039 4409 1739 4584">
    <p class='ocr_par' dir='ltr' id='par_1_20' title="bbox 1039 4409 1739 4584">
     <span class='ocr_line' id='line_1_87' title="bbox 1039 4409 1739 4484; baseline 0.011 -13"><span class='ocrx_word' id='word_1_453' title='bbox 1039 4411 1091 4471; x_wconf 79' lang='lat' dir='ltr'><strong>Ad</strong></span> <span class='ocrx_word' id='word_1_454' title='bbox 1103 4409 1299 4484; x_wconf 72' lang='lat' dir='ltr'><strong>episcopum</strong></span> <span class='ocrx_word' id='word_1_455' title='bbox 1312 4412 1523 4474; x_wconf 74' lang='lat' dir='ltr'><strong>brenensem</strong></span> <span class='ocrx_word' id='word_1_456' title='bbox 1537 4413 1571 4475; x_wconf 87' lang='lat' dir='ltr'><strong>ct</strong></span> <span class='ocrx_word' id='word_1_457' title='bbox 1585 4415 1739 4479; x_wconf 82' lang='lat' dir='ltr'><strong>abbatem</strong></span> 
     </span>
     <span class='ocr_line' id='line_1_88' title="bbox 1164 4507 1600 4584; baseline 0.007 -16"><span class='ocrx_word' id='word_1_458' title='bbox 1164 4507 1200 4568; x_wconf 76' lang='lat' dir='ltr'><strong>S·</strong></span> <span class='ocrx_word' id='word_1_459' title='bbox 1222 4509 1311 4582; x_wconf 76' lang='lat' dir='ltr'><strong>Lupi</strong></span> <span class='ocrx_word' id='word_1_460' title='bbox 1326 4509 1600 4584; x_wconf 68' lang='lat' dir='ltr'><strong>comsanensis.</strong></span> 
     </span>
    </p>
   </div>
   <div class='ocr_carea' id='block_1_21' title="bbox 1019 4633 1745 4832">
    <p class='ocr_par' dir='ltr' id='par_1_21' title="bbox 1019 4633 1745 4832">
     <span class='ocr_line' id='line_1_89' title="bbox 1234 4633 1532 4696; baseline 0.01 -3"><span class='ocrx_word' id='word_1_461' title='bbox 1234 4633 1429 4696; x_wconf 77' lang='lat' dir='ltr'><strong>ideeembris</strong></span> <span class='ocrx_word' id='word_1_462' title='bbox 1452 4637 1532 4696; x_wconf 89' lang='grc'><strong>1111.</strong></span> 
     </span>
     <span class='ocr_line' id='line_1_90' title="bbox 1019 4755 1745 4832; baseline 0.01 -24"><span class='ocrx_word' id='word_1_463' title='bbox 1019 4757 1170 4824; x_wconf 69' lang='lat' dir='ltr'><strong>[Maurique</strong></span> <span class='ocrx_word' id='word_1_464' title='bbox 1185 4755 1252 4810; x_wconf 78' lang='lat' dir='ltr'><strong>Anu.</strong></span> <span class='ocrx_word' id='word_1_465' title='bbox 1263 4757 1376 4820; x_wconf 79' lang='lat' dir='ltr'><strong>cisterc,</strong></span> <span class='ocrx_word' id='word_1_466' title='bbox 1393 4761 1436 4821; x_wconf 82' lang='lat' dir='ltr'><strong>IV,</strong></span> <span class='ocrx_word' id='word_1_467' title='bbox 1451 4777 1476 4827; x_wconf 90' lang='lat' dir='ltr'><strong>p.</strong></span> <span class='ocrx_word' id='word_1_468' title='bbox 1489 4761 1546 4827; x_wconf 81' lang='grc'><strong>111,</strong></span> <span class='ocrx_word' id='word_1_469' title='bbox 1558 4777 1610 4815; x_wconf 77' lang='lat' dir='ltr'><strong>nos</strong></span> <span class='ocrx_word' id='word_1_470' title='bbox 1623 4765 1745 4832; x_wconf 67' lang='lat' dir='ltr'><strong>interra]</strong></span> 
     </span>
    </p>
   </div>
   <div class='ocr_carea' id='block_1_22' title="bbox 988 4873 1778 5212">
    <p class='ocr_par' dir='ltr' id='par_1_22' title="bbox 988 4873 1778 5212">
     <span class='ocr_line' id='line_1_91' title="bbox 988 4873 1778 4952; baseline 0.008 -18"><span class='ocrx_word' id='word_1_471' title='bbox 988 4873 1103 4934; x_wconf 81' lang='lat' dir='ltr'><strong>Mandat</strong></span> <span class='ocrx_word' id='word_1_472' title='bbox 1116 4883 1147 4932; x_wconf 85' lang='lat' dir='ltr'><strong>ut</strong></span> <span class='ocrx_word' id='word_1_473' title='bbox 1161 4873 1196 4932; x_wconf 90' lang='lat' dir='ltr'><strong>de</strong></span> <span class='ocrx_word' id='word_1_474' title='bbox 1215 4875 1273 4933; x_wconf 81' lang='lat' dir='ltr'><strong>vita</strong></span> <span class='ocrx_word' id='word_1_475' title='bbox 1292 4883 1321 4933; x_wconf 87' lang='lat' dir='ltr'><strong>et</strong></span> <span class='ocrx_word' id='word_1_476' title='bbox 1338 4876 1482 4934; x_wconf 86' lang='lat' dir='ltr'><strong>miraculis</strong></span> <span class='ocrx_word' id='word_1_477' title='bbox 1501 4879 1624 4938; x_wconf 79' lang='lat' dir='ltr'><strong>Mauritii</strong></span> <span class='ocrx_word' id='word_1_478' title='bbox 1635 4880 1778 4952; x_wconf 82' lang='lat' dir='ltr'><strong>quondam</strong></span> 
     </span>
     <span class='ocr_line' id='line_1_92' title="bbox 1023 4962 1776 5030; baseline 0.013 -10"><span class='ocrx_word' id='word_1_479' title='bbox 1023 4962 1314 5022; x_wconf 70' lang='lat' dir='ltr'><strong>abbatissuarum</strong></span> <span class='ocrx_word' id='word_1_480' title='bbox 1331 4965 1526 5024; x_wconf 84' lang='lat' dir='ltr'><strong>cisterciensis</strong></span> <span class='ocrx_word' id='word_1_481' title='bbox 1547 4967 1654 5026; x_wconf 88' lang='lat' dir='ltr'><strong>ordinis</strong></span> <span class='ocrx_word' id='word_1_482' title='bbox 1672 4971 1776 5030; x_wconf 86' lang='lat' dir='ltr'><strong>verita-</strong></span> 
     </span>
     <span class='ocr_line' id='line_1_93' title="bbox 1022 5048 1777 5132; baseline 0.015 -25"><span class='ocrx_word' id='word_1_483' title='bbox 1022 5057 1081 5108; x_wconf 90' lang='lat' dir='ltr'><strong>tem</strong></span> <span class='ocrx_word' id='word_1_484' title='bbox 1095 5048 1247 5124; x_wconf 83' lang='lat' dir='ltr'><strong>diligenter</strong></span> <span class='ocrx_word' id='word_1_485' title='bbox 1264 5051 1419 5125; x_wconf 82' lang='lat' dir='ltr'><strong>inquirant,</strong></span> <span class='ocrx_word' id='word_1_486' title='bbox 1434 5068 1555 5126; x_wconf 86' lang='lat' dir='ltr'><strong>eamque</strong></span> <span class='ocrx_word' id='word_1_487' title='bbox 1573 5055 1777 5132; x_wconf 76' lang='grc'><strong>8011100010-</strong></span> 
     </span>
     <span class='ocr_line' id='line_1_94' title="bbox 1023 5137 1635 5212; baseline 0.011 -17"><span class='ocrx_word' id='word_1_488' title='bbox 1023 5137 1085 5196; x_wconf 73' lang='grc'><strong>1100</strong></span> <span class='ocrx_word' id='word_1_489' title='bbox 1100 5153 1150 5212; x_wconf 87' lang='lat' dir='ltr'><strong>per</strong></span> <span class='ocrx_word' id='word_1_490' title='bbox 1163 5140 1271 5198; x_wconf 85' lang='lat' dir='ltr'><strong>litteras</strong></span> <span class='ocrx_word' id='word_1_491' title='bbox 1280 5155 1348 5198; x_wconf 86' lang='lat' dir='ltr'><strong>suas</strong></span> <span class='ocrx_word' id='word_1_492' title='bbox 1362 5139 1482 5198; x_wconf 83' lang='lat' dir='ltr'><strong>fideliter</strong></span> <span class='ocrx_word' id='word_1_493' title='bbox 1495 5141 1635 5202; x_wconf 85' lang='lat' dir='ltr'><strong>intiment.</strong></span> 
     </span>
    </p>
   </div>
   <div class='ocr_carea' id='block_1_23' title="bbox 988 5263 1779 5642">
    <p class='ocr_par' dir='ltr' id='par_1_23' title="bbox 988 5263 1779 5642">
     <span class='ocr_line' id='line_1_95' title="bbox 1029 5263 1779 5335; baseline 0.016 -12"><span class='ocrx_word' id='word_1_494' title='bbox 1029 5263 1098 5324; x_wconf 79' lang='lat' dir='ltr'><strong>Piae</strong></span> <span class='ocrx_word' id='word_1_495' title='bbox 1112 5265 1281 5326; x_wconf 86' lang='lat' dir='ltr'><strong>memoriae</strong></span> <span class='ocrx_word' id='word_1_496' title='bbox 1290 5265 1573 5332; x_wconf 89' lang='lat' dir='ltr'><strong>Mauritioabbate</strong></span> <span class='ocrx_word' id='word_1_497' title='bbox 1585 5273 1779 5335; x_wconf 91' lang='lat' dir='ltr'><strong>monasterii</strong></span> 
     </span>
     <span class='ocr_line' id='line_1_96' title="bbox 990 5360 1776 5444; baseline 0.013 -23"><span class='ocrx_word' id='word_1_498' title='bbox 990 5361 1102 5421; x_wconf 84' lang='lat' dir='ltr'><strong>Sancti</strong></span> <span class='ocrx_word' id='word_1_499' title='bbox 1112 5360 1260 5423; x_wconf 86' lang='lat' dir='ltr'><strong>Mauritii</strong></span> <span class='ocrx_word' id='word_1_500' title='bbox 1271 5361 1499 5424; x_wconf 80' lang='lat' dir='ltr'><strong>cisterciensis</strong></span> <span class='ocrx_word' id='word_1_501' title='bbox 1516 5366 1654 5441; x_wconf 91' lang='lat' dir='ltr'><strong>ordinis,</strong></span> <span class='ocrx_word' id='word_1_502' title='bbox 1665 5369 1776 5444; x_wconf 89' lang='lat' dir='ltr'><strong>claris,</strong></span> 
     </span>
     <span class='ocr_line' id='line_1_97' title="bbox 990 5456 1777 5534; baseline 0.015 -18"><span class='ocrx_word' id='word_1_503' title='bbox 990 5458 1024 5519; x_wconf 91' lang='lat' dir='ltr'><strong>nt</strong></span> <span class='ocrx_word' id='word_1_504' title='bbox 1038 5456 1170 5530; x_wconf 84' lang='lat' dir='ltr'><strong>dicitur,</strong></span> <span class='ocrx_word' id='word_1_505' title='bbox 1186 5456 1300 5519; x_wconf 84' lang='lat' dir='ltr'><strong>divino</strong></span> <span class='ocrx_word' id='word_1_506' title='bbox 1323 5474 1472 5534; x_wconf 90' lang='lat' dir='ltr'><strong>munere,</strong></span> <span class='ocrx_word' id='word_1_507' title='bbox 1497 5466 1692 5527; x_wconf 88' lang='lat' dir='ltr'><strong>coruscante</strong></span> <span class='ocrx_word' id='word_1_508' title='bbox 1709 5469 1777 5528; x_wconf 93' lang='lat' dir='ltr'><strong>mi-</strong></span> 
     </span>
     <span class='ocr_line' id='line_1_98' title="bbox 988 5553 1779 5642; baseline 0.015 -28"><span class='ocrx_word' id='word_1_509' title='bbox 988 5553 1123 5627; x_wconf 89' lang='lat' dir='ltr'><strong>raculis,</strong></span> <span class='ocrx_word' id='word_1_510' title='bbox 1151 5553 1245 5628; x_wconf 89' lang='lat' dir='ltr'><strong>adeo,</strong></span> <span class='ocrx_word' id='word_1_511' title='bbox 1260 5557 1297 5618; x_wconf 89' lang='lat' dir='ltr'><strong>ut</strong></span> <span class='ocrx_word' id='word_1_512' title='bbox 1315 5558 1553 5622; x_wconf 87' lang='lat' dir='ltr'><strong>monasterium</strong></span> <span class='ocrx_word' id='word_1_513' title='bbox 1567 5561 1675 5640; x_wconf 90' lang='lat' dir='ltr'><strong>ipsum</strong></span> <span class='ocrx_word' id='word_1_514' title='bbox 1694 5577 1779 5642; x_wconf 85' lang='lat' dir='ltr'><strong>qna-</strong></span> 
     </span>
    </p>
   </div>
   <div class='ocr_carea' id='block_1_24' title="bbox 0 0 2116 6374">
    <p class='ocr_par' dir='ltr' id='par_1_24' title="bbox 0 0 2116 6374">
     <span class='ocr_line' id='line_1_99' title="bbox 0 0 2116 6374; baseline 0 0"><span class='ocrx_word' id='word_1_515' title='bbox 0 0 2116 6374; x_wconf 95' lang='lat' dir='ltr'><strong> </strong></span> 
     </span>
    </p>
   </div>
  </div>
 </body>
</html>
