4262 6382
369 267 430 328 839

989 277 1164 340 HONORII
1186 279 1231 342 111
1252 281 1400 344 OPERA.
1947 294 1996 355 sle

371 418 538 488 datis'tuis
552 443 670 505 parare
683 433 950 510 contempserint,
979 436 1163 500 sententias
1217 439 1314 512 tensi,
1355 441 1495 504 salutem
1528 443 1561 505 et
1591 445 1821 521 Apostolieam
1853 446 1995 512 benedic-

369 525 438 583 tam
450 524 536 592 tuas,
552 542 650 601 quam
666 527 812 604 episcopi
829 533 1001 594 memorati
1017 533 1163 608 prolatas
1218 537 1352 598 tionem.

371 621 406 680 in
421 620 510 696 ipsos
522 637 583 696 per
592 624 713 696 vicina,
729 627 762 686 et
773 626 839 686 alia
853 627 937 694 loca,
952 645 1024 704 quae
1040 631 1082 689 ad
1101 631 1164 691 boc
1258 635 1303 694 Ea
1319 651 1392 710 qnae
1410 651 1469 710 pro
1486 637 1701 698 ecclesiarum
1717 639 1865 702 utilitate
1880 657 1916 702 ao
1929 659 1996 718 pace

370 718 504 778 noveris
519 721 703 796 opportuna
720 722 924 786 solemmiter
936 725 1040 786 facias
1052 727 1165 802 publi·-
1218 730 1355 806 provide
1370 731 1567 793 ordinantur
1587 735 1781 809 Apostolico
1805 738 1881 798 sunt
1899 741 1995 800 muni-

371 814 452 884 cari,
468 829 541 876 eam
557 817 591 876 in
610 815 672 877 hoo
697 819 828 893 negotio
843 819 1051 896 diligentiam
1065 823 1163 884 babi-
1218 826 1307 888 mine
1330 827 1530 898 roboranda,
1556 831 1591 892 ut
1620 829 1820 906 impensiori
1843 833 1996 908 diligentia

369 909 476 976 turus,
494 911 580 986 quod
594 911 724 972 indeab
745 914 897 975 omuibus
919 916 1062 987 laudem,
1091 919 1123 978 et
1144 933 1164 978 a
1219 923 1446 986 observentur.
1477 928 1526 986 Ex
1552 927 1645 1001 parte
1672 928 1840 1004 siquidem
1864 931 1919 992 tua
1942 931 1994 994 luit

370 1007 437 1067 Deo
463 1007 633 1080 praemium
659 1011 817 1086 consequi
845 1013 1018 1072 merearis.
1043 1015 1163 1075 Datum
1219 1023 1424 1098 propositum
1437 1037 1549 1082 eoram
1562 1023 1669 1095 nobis,
1687 1025 1777 1100 quod
1793 1043 1867 1086 cum
1882 1028 1996 1091 intorte

372 1103 538 1175 Laterani,
550 1106 625 1166 XVI
638 1105 798 1168 kalendas
811 1109 903 1180 maii,
918 1125 1006 1170 anno
1021 1125 1122 1170 nono.

700 1355 837 1442 CXLII

648 1506 700 1564 aa
716 1507 885 1566 eumaem.

652 1634 686 1691 lo
698 1635 796 1706 aprilis
812 1637 891 1694 1225.

401 1753 521 1818 [liegesl.,
534 1755 579 1805 lib.
593 1755 636 1814 lX,
657 1771 696 1822 ep.
707 1757 761 1808 26³.
783 1760 840 1808 ldss.
858 1759 894 1810 Ls
909 1761 1027 1811 Portedn
1039 1760 1133 1826 Theti]

370 1879 474 1936 Votum
491 1880 618 1952 episcopi
634 1881 820 1940 Massiliensis
834 1881 870 1940 de
886 1886 1118 1956 peregrinatione
1135 1887 1164 1942 in

405 1968 520 2024 'lerram
533 1969 666 2024 Sanctam
674 1969 823 2043 suspendit
837 1979 865 2028 et
878 1973 971 2044 ipsum
983 1973 1078 2045 legato
1090 1989 1165 2030 com·

406 2055 531 2112 mendal.

410 2181 588 2252 Honorius,
616 2183 691 2254 ete,
722 2183 843 2246 dilecto
869 2185 938 2246 lilio
964 2188 1112 2248 Romano
1130 2189 1162 2247 S.

369 2277 488 2351 Angeli
502 2277 643 2339 diacono
658 2280 832 2354 cardinali,
852 2283 1052 2358 apostolica
1070 2284 1164 2346 Sedis

370 2372 490 2456 legato,
508 2375 661 2447 salutem,
677 2379 739 2438 eto.

407 2471 600 2532 Venerabili
637 2473 738 2534 fratre
766 2477 918 2537 nostre...
957 2477 1164 2539 Massiliensi

371 2568 526 2644 episcopo
557 2573 680 2638 volum,
705 2571 790 2648 quod
821 2572 861 2634 de
892 2575 1097 2636 transeundo
1130 2575 1164 2635 in

287 2659 291 2664 '
371 2665 1166 2748 subsidiumTerraeSanotaesusceptosignocru-

370 2762 418 2822 cis
430 2763 550 2836 emisit,
566 2765 697 2826 volente
706 2769 962 2842 praesentialiter
970 2770 1162 2846 adimplere,

369 2875 430 2920 nos
457 2860 675 2934 attendentes,
714 2863 799 2939 quod
827 2867 899 2941 ejus
922 2866 984 2927 boc
1017 2868 1165 2944 tempore

369 2958 410 3018 ad
424 2959 535 3034 partes
551 2959 627 3019 illas
642 2975 799 3020 accessus
813 2962 937 3023 nullam
953 2964 1010 3025 aut
1029 2979 1164 3040 parvam

369 3057 499 3132 poterat
514 3057 691 3118 utilitatem
710 3057 842 3130 afferre,
854 3061 1031 3128 voluimus,
1046 3063 1082 3123 ut
1097 3063 1164 3122 bu-

366 3153 512 3229 jusmodi
525 3155 592 3215 voti
600 3156 830 3217 executionem
844 3158 1071 3233 suspenderet,
1084 3175 1167 3235 quo-

370 3267 475 3326 usque
488 3251 683 3312 duceremus
697 3253 795 3314 aliter
806 3254 1057 3329 providendum,
1068 3259 1166 3332 atque

371 3346 504 3405 interim
529 3346 570 3406 ad
595 3347 835 3409 defendendum
862 3350 1011 3411 ecclesiae
1034 3367 1102 3412 suae
1124 3352 1167 3411 li-

372 3442 528 3513 bertates,
545 3459 584 3503 ac
605 3445 682 3519 jura
707 3445 894 3508 intenderet
909 3447 1095 3523 diligenter.
1112 3450 1167 3525 Ip-

373 3555 446 3598 sum
462 3539 566 3614 igitur
584 3540 777 3602 discretioni
806 3545 870 3604 tnae
892 3545 1050 3606 attentius
1076 3562 1167 3606 com-

372 3636 578 3709 mendantes,
594 3637 852 3700 sollicitudinem
878 3641 970 3702 tuam
984 3643 1165 3718 rogandam

372 3734 538 3806 duximus,
562 3737 595 3796 et
612 3735 819 3804 hortandam,
843 3754 882 3799 ac
898 3755 958 3816 per
977 3741 1166 3817 Apostolica

372 3832 433 3894 tibi
448 3833 571 3909 scripta
587 3834 783 3895 mandamus
793 3837 956 3912 quatenus
969 3841 1083 3898 contra
1094 3853 1168 3899 ma-

372 3930 478 3990 litiam
514 3931 735 4006 quorumlibet
774 3931 979 3995 subvertenti
1015 3935 1166 3996 ecclesiae

373 4043 442 4088 suae
457 4027 626 4090 libertates
647 4030 680 4090 et
698 4031 776 4105 jura
794 4030 840 4091 ita
862 4033 955 4092 tuum
971 4033 1078 4093 eidem
1102 4035 1167 4095 im-

373 4125 497 4200 pendas
517 4125 692 4196 auxilium,
716 4128 748 4188 et
773 4125 930 4200 lavorem,
948 4129 1034 4204 quod
1050 4129 1167 4192 exhoc

372 4222 562 4297 specialiter
579 4221 699 4282 debeas
714 4225 791 4294 Dec,
809 4225 842 4286 et
868 4224 1057 4286 hominibus
1076 4243 1167 4288 oom-

373 4318 517 4394 plaoere.
554 4321 673 4379 Datum
700 4321 866 4393 Laterani,
901 4323 975 4383 XVI
1006 4323 1167 4386 kalendas

373 4415 465 4487 maii,
483 4431 570 4478 anno
586 4431 684 4476 nouo.

693 4631 852 4718 CXLIII

394 4785 444 4842 Ad
462 4784 690 4851 conrardum,
707 4783 862 4845 abbatem
881 4785 1145 4848 Proemoaslra-

699 4879 840 4941 tensam.

648 5007 681 5065 19
699 5008 795 5080 aprilis
812 5010 891 5068 1225.

494 5122 538 5186 [Le
549 5122 635 5186 Paige,
649 5121 804 5173 bibliotheca
814 5125 972 5184 Pramonsl.,
984 5125 1051 5192 aas]

321 5226 325 5234 ’
372 5237 558 5298 Concordiam
576 5238 649 5294 iuter
663 5239 837 5298 conrardum
858 5239 990 5298 abbatem
1005 5245 1164 5304 Pramons·

419 5335 573 5386 batensem
588 5333 617 5382 et
628 5326 766 5400 quosdam
779 5329 948 5401 praepositos
962 5331 1121 5392 conarmat.

413 5453 1085 5530 llonoriusepiscopus,servusservorum
1094 5463 1164 5534 Dei,

374 5551 493 5614 dilecto
508 5549 577 5612 filio
600 5550 769 5614 conrardo
789 5551 901 5615 abbati
920 5557 1165 5620 praemonstra-

1219 1134 1261 1178 ex
1275 1120 1369 1194 parte
1384 1135 1461 1190 una,
1483 1121 1516 1180 et
1536 1121 1665 1181 Sanctae
1680 1123 1800 1183 Mariae
1816 1124 1995 1198 Magdebur-

1219 1215 1341 1289 gensis,
1357 1214 1398 1276 de
1413 1216 1527 1276 Gratia
1542 1217 1612 1288 Dei,
1626 1216 1666 1278 de
1679 1218 1837 1289 Lieaeka,
1853 1219 1893 1280 de
1907 1223 1997 1280 Bran·

1220 1310 1356 1386 deburg,
1387 1311 1428 1372 de
1452 1312 1650 1390 Havelberg,
1678 1315 1719 1376 de
1748 1316 1943 1392 Rasceburg,
1963 1319 1995 1377 de

1220 1408 1370 1480 lericow,
1386 1408 1426 1469 de
1439 1409 1613 1482 colebelse,
1629 1411 1670 1472 de
1685 1412 1815 1484 Robde,
1830 1412 1869 1472 de
1884 1415 1994 1484 Quere-

1219 1504 1405 1580 lingeburg,
1420 1505 1460 1566 de
1474 1507 1592 1578 Uvida,
1608 1508 1650 1569 de
1664 1508 1803 1579 Poleke,
1820 1509 1861 1570 de
1875 1513 1994 1570 cramo-

1219 1617 1322 1674 zowe,
1339 1605 1374 1664 et
1387 1603 1427 1663 de
1439 1603 1617 1664 Themenis
1630 1606 1830 1682 praepositos
1842 1622 1884 1666 ex
1895 1607 1992 1676 altera,

1219 1699 1358 1774 qnaestio
1370 1701 1558 1761 verteretur
1570 1717 1670 1777 super
1681 1718 1723 1762 eo
1739 1703 1826 1779 quod
1843 1703 1993 1764 asserebas

1219 1795 1375 1871 praeratos
1395 1798 1590 1872 praepositos
1611 1798 1735 1860 debere
1757 1800 1856 1860 annis
1874 1799 1994 1874 singulis

1220 1895 1511 1955 Praemonstratum
1527 1895 1707 1956 convenire
1722 1895 1764 1956 ad
1786 1899 1935 1972 generale
1948 1911 1994 1956 ca·

1219 1989 1369 2065 pitnlum,
1391 1991 1424 2050 et
1446 1991 1599 2052 omnibus
1623 1992 1856 2054 communibus
1876 1993 1992 2052 institu-

1218 2085 1363 2147 tionibus
1385 2087 1512 2148 ordinis
1536 2088 1686 2164 obedire;
1712 2090 1890 2166 pluresque
1910 2103 1993 2164 super

1220 2183 1282 2244 boc
1303 2182 1422 2244 litterae
1442 2201 1462 2244 a
1481 2186 1564 2246 Sede
1578 2187 1772 2262 Apostolica
1792 2185 1991 2254 emanassent,

1218 2280 1351 2342 tandem
1400 2281 1621 2343 mediantibus
1671 2286 1811 2346 cantore
1860 2280 1990 2350 Metensi,

1220 2380 1357 2455 ejusque
1370 2379 1507 2454 collegis
1517 2395 1617 2456 super
1630 2380 1693 2441 boc
1709 2382 1843 2457 negotio
1854 2377 1991 2452 delegatis

1219 2474 1360 2546 anobis,
1383 2477 1431 2546 tu,
1456 2476 1504 2536 lili
1525 2476 1638 2547 abbas,
1660 2477 1693 2538 et
1715 2493 1795 2552 pars
1818 2477 1946 2538 adversa
1963 2474 1990 2532 in

1220 2574 1343 2632 certam
1363 2573 1549 2634 concordiae
1571 2573 1711 2634 sormam
1734 2589 1846 2636 coram
1866 2586 1990 2632 venera-

1219 2668 1279 2728 bili
1302 2668 1405 2730 fratre
1430 2670 1543 2731 nostro
1571 2672 1618 2744 c.,
1646 2672 1825 2733 Portuensi
1846 2670 1988 2746 episcopo.

1220 2766 1417 2842 Apostolieae
1438 2767 1534 2827 Sedis
1556 2767 1676 2842 legate,
1694 2774 1813 2846 sponte
1832 2769 1864 2828 et
1882 2765 1989 2826 amica-

1220 2862 1331 2924 biliter
1345 2864 1560 2934 convenistis,
1576 2881 1674 2940 quam
1689 2866 1878 2942 Apostolico
1892 2861 1989 2938 postu-

1220 2959 1297 3020 lasti
1326 2960 1509 3022 munimine
1536 2961 1700 3022 roborari.
1729 2964 1798 3022 Nos
1822 2961 1917 3036 igitur
1936 2955 1989 3017 tuis

1219 3056 1373 3132 precibus
1387 3055 1567 3131 benignum
1582 3057 1812 3133 impertientes
1826 3066 1987 3118 assensum,

1220 3153 1431 3214 concordiam
1447 3153 1552 3230 ipsam
1567 3155 1654 3216 sicut
1666 3156 1741 3218 sine
1757 3153 1913 3232 pravitate
1927 3163 1989 3224 pro·
2064 3229 2065 3240 2

1220 3250 1295 3310 vide
1311 3249 1397 3311 sacta
1411 3252 1472 3322 est,
1488 3252 1520 3311 et
1535 3266 1554 3312 a
1570 3251 1722 3327 partibus
1738 3253 1853 3329 sponte
1867 3247 1987 3320 recepta,

1221 3346 1252 3406 et
1280 3346 1440 3407 hactenus
1489 3349 1605 3409 acilloe
1641 3347 1829 3420 observata,
1857 3349 1943 3422 atque
1961 3339 1987 3398 in

1220 3443 1325 3518 ipsius
1341 3444 1536 3520 episcop1et
1551 3445 1715 3507 dictorum
1730 3447 1875 3523 judicum
1890 3435 1988 3500 litteris

1220 3540 1297 3600 inde
1319 3541 1479 3602 conlectis
1494 3541 1625 3617 plenius
1645 3545 1846 3612 continetur,
1865 3532 1987 3600 auctori-

1220 3636 1287 3698 tate
1310 3639 1500 3714 Apostolica
1527 3639 1761 3701 confirmamus
1785 3642 1818 3700 et
1840 3627 1987 3714 praesentis

1221 3735 1334 3810 scripti
1350 3735 1536 3812 patrocinio
1552 3739 1805 3798 communimus.
1823 3731 1908 3794 Nulli
1924 3737 1987 3798 ergo

1221 3831 1355 3892 omnino
1371 3833 1540 3892 hominum
1556 3833 1654 3894 liceat
1666 3833 1754 3896 bano
1766 3833 1913 3911 paginam
1925 3835 1987 3927 ηοξ·

1221 3931 1280 3989 trae
1302 3928 1563 3991 oonllrmationls
1581 3931 1776 4007 intringere,
1799 3932 1857 3991 etc.
1879 3924 1910 3984 Si
1928 3929 1987 3995 quis

1222 4026 1342 4097 autem,
1357 4027 1419 4086 etc.
1438 4028 1556 4087 Datum
1572 4029 1740 4100 Laterani,
1757 4029 1832 4088 Xlll
1851 4014 1986 4083 kalendas

1221 4121 1312 4195 maii,
1330 4121 1538 4200 pontificatus
1553 4125 1656 4187 nostri
1672 4141 1762 4187 anno
1776 4137 1871 4185 nono.

1541 4391 1694 4478 CXLIV

1221 4537 1273 4598 Aa
1289 4539 1490 4601 abbatemet
1505 4543 1712 4604 carrucatam
1731 4545 1772 4604 de
1791 4536 1983 4601 cambarum.

1495 4671 1529 4728 le
1545 4673 1643 4743 aprilis
1660 4673 1739 4732 1225.

1237 4781 1407 4846 [Monumenls
1423 4797 1488 4848 pour
1499 4785 1576 4836 servir
1595 4788 1609 4836 t
1626 4786 1749 4838 l'bistoire
1763 4787 1806 4838 des
1818 4778 1936 4848 provinces
1949 4767 1973 4816 dv

1445 4865 1549 4924 itamar,
1563 4865 1594 4924 ll,
1611 4879 1629 4924 l,
1642 4867 1683 4926 29,
1697 4881 1723 4916 n.
1735 4865 1787 4929 ss]

1221 4979 1461 5052 compositionem
1484 4981 1558 5038 iuter
1579 4980 1712 5040 abbatem
1733 4979 1945 5040 conveulrmrque
1961 4962 1983 5018 Β.

1256 5069 1353 5126 Maria
1367 5069 1403 5125 de
1418 5067 1594 5126 camberone
1613 5085 1648 5128 ex
1663 5079 1742 5143 parte
1759 5081 1813 5125 una
1832 5071 1859 5121 et
1876 5055 1984 5146 abbeleu]

1256 5163 1484 5228 conventumque
1499 5157 1528 5214 S.
1544 5158 1665 5216 cornelii
1681 5158 1819 5222 ludensis,
1834 5144 1984 5210 Coloniensu

1256 5243 1397 5314 diaecesis,
1414 5259 1449 5302 en
1471 5245 1569 5315 altore,
1593 5261 1679 5320 super
1699 5247 1808 5304 decima
1827 5239 1860 5296 ds
1878 5223 1984 5292 walaia

1256 5331 1370 5403 iactam,
1383 5332 1543 5391 confirmat.

1260 5467 1427 5527 Honorius
1437 5467 1623 5544 episcopus,
1636 5485 1752 5530 servus
1761 5442 1982 5527 servorumDei

1221 5561 1333 5625 dilecti
1348 5563 1427 5624 liliis
1446 5563 1558 5665 abbati
1570 5565 1604 5626 et
1621 5561 1796 5628 conventui
1812 5558 1850 5618 de
1868 5541 1985 5612 cambe·
