4222 6374
143 214 183 280 ec
537 237 542 246 ι
764 191 1171 278 parapetasmata
1655 208 1661 222 ·
1739 211 1780 290 ea
1888 165 1889 168 Ὺ

143 369 297 450 praedIcto
310 385 389 434 uero
406 371 562 446 episcopo
577 368 857 446 turifproposuum
871 383 930 431 co-
983 367 1142 430 Welerici
1157 367 1239 430 et...
1255 366 1297 430 de
1311 369 1405 442 Ange
1425 362 1611 440 abbatibus,
1628 365 1662 430 et
1674 366 1780 443 priori

142 485 212 530 ram
226 467 332 540 nobis,
344 466 430 544 quod
442 468 510 529 tam
521 467 689 537 electores,
698 481 797 542 quam
807 464 929 560 electos
985 466 1096 527 Sancti
1107 464 1277 536 Walerici,
1288 463 1526 526 ambianensi
1537 463 1777 546 Rothomagen.

143 565 270 643 quando
283 564 324 624 ad
339 563 533 626 electionem
548 562 737 640 hujusmodi
751 577 929 640 processe·
984 563 1177 623 dioecesum.

141 662 227 732 runt,
246 661 341 722 erant
355 676 414 737 pro
434 675 488 732 eo,
510 661 543 722 et
561 659 669 721 adbuc
689 661 765 720 sunt
779 674 839 736 per
840 700 928 718 .......
1025 659 1074 720 Ad
1094 659 1241 720 nostram
1257 657 1473 740 audi-entiam,
1488 659 1607 720 dilecto
1623 659 1690 719 illio
1707 655 1780 738 [ab-

141 757 301 820 decanum
314 757 478 818 Parisien.
492 757 525 817 et
538 771 616 818 suos
626 756 828 832 conjudices,
845 755 931 816 dele·
984 754 1072 835 bate]
1092 759 1125 817 S.
1135 755 1459 817 LucianiBelvacen.
1472 757 1689 831 significante,
1708 771 1780 833 per-

140 855 233 931 gatos
253 870 272 914 a
289 853 384 915 nobis
401 855 439 922 in
455 867 556 914 causa
576 869 648 930 quae
670 853 758 914 inter
780 852 930 913 eumdem
987 852 1186 930 uenitquod
1202 852 1377 914 cumidem
1389 853 1629 914 monachorum
1645 869 1780 916 suorum

140 952 330 1029 episcopum
358 966 401 1012 ex
424 950 517 1026 parte
543 966 609 1010 una
637 951 670 1012 et
693 947 931 1011 monasterium
985 965 1153 1022 excessus,
1165 951 1344 1012 secundum
1356 953 1460 1011 Deum
1473 950 1506 1011 et
1515 950 1602 1012 beati
1610 951 1779 1038 Benedicti

139 1049 248 1126 ipsum
269 1064 311 1109 ex
325 1047 441 1118 altera,
457 1063 556 1125 super
575 1046 771 1124 quibusdam
792 1046 930 1108 decimis
985 1048 1146 1124 regulam,
1160 1047 1297 1108 caritate
1308 1049 1438 1122 satagat
1447 1047 1622 1124 castigare,
1633 1048 1733 1109 iidem
1744 1050 1780 1108 in

139 1144 298 1217 vertetur,
308 1143 658 1207 excommunicationis
678 1144 813 1204 vinculo
833 1144 932 1204 inno·
985 1144 1168 1205 elusionem
1186 1144 1378 1205 monasticae
1391 1143 1596 1230 disciplinae,
1612 1146 1722 1207 statim
1742 1145 1779 1207 in

140 1242 229 1318 dati3
252 1257 355 1320 quare
378 1241 550 1318 petebatur
573 1239 722 1301 eamdem
737 1240 930 1302 electionem
985 1256 1099 1302 vocem
1121 1241 1352 1317 appellationis
1383 1244 1621 1318 prorumpunt,
1644 1242 1781 1318 propter

137 1339 270 1402 irritam
297 1338 456 1400 nuntiari.
482 1338 637 1399 volentes
661 1337 764 1412 igitur
781 1337 849 1398 tam
872 1337 930 1396 in·
986 1337 1072 1414 quod
1080 1336 1194 1399 eorum
1203 1352 1360 1400 excessus
1369 1341 1543 1400 remanent
1551 1337 1781 1408 incorrecti,et

138 1436 313 1498 domnitati
335 1433 541 1507 monasterii,
565 1450 663 1512 quam
691 1433 761 1510 juri
784 1433 931 1510 ejusdem
985 1435 1107 1496 ibidem
1124 1436 1264 1512 tepescit
1277 1435 1488 1497 obseruantia
1508 1436 1683 1512 regularis.
1700 1439 1780 1498 (ium

137 1533 286 1611 episcopi
327 1547 471 1608 congrue
513 1531 702 1608 providere,
738 1530 931 1593 discretioni
986 1532 1087 1609 igitur
1101 1533 1334 1610 appellationis
1348 1533 1532 1594 remedium
1545 1533 1581 1594 in
1596 1533 1779 1596 subsidium

136 1631 259 1693 vestrae
278 1645 338 1707 per
359 1629 549 1708 apostolica
576 1629 700 1706 scripta
723 1626 929 1698 mandamus,
986 1643 1229 1705 oppressorum,
1242 1644 1309 1689 non
1323 1629 1359 1688 in
1374 1629 1595 1704 malignorum
1612 1629 1781 1691 subteriu-

137 1729 302 1806 quatenus
321 1728 422 1790 latam
436 1725 479 1788 ab
494 1727 648 1804 episcopo
662 1724 853 1802 hujusmodi
872 1739 933 1784 ex·
986 1726 1077 1801 gium
1099 1725 1143 1787 sit
1164 1726 1347 1796 inventum,
1370 1725 1562 1786 discretioni
1578 1725 1698 1788 vestrae
1721 1742 1781 1804 per

136 1825 448 1888 communicationis
469 1823 681 1885 *sententiam
716 1820 932 1882 decernentes
986 1822 1174 1899 apostolica
1211 1822 1335 1898 scripta
1372 1821 1583 1894 mandamus,
1618 1825 1780 1899 quatenus

135 1921 271 1983 irritam
297 1921 330 1982 et
353 1921 499 1992 inanem,
530 1935 550 1980 a
576 1919 745 1996 praedictis
773 1917 877 1979 electo
900 1917 933 1978 et
986 1918 1369 1990 monachosantedictos,
1379 1918 1425 1990 nt,
1434 1919 1656 1995 appellatione
1666 1919 1781 1998 hujus·

134 2016 351 2090 electoribus,
363 2016 492 2088 idonea,
505 2016 546 2077 de
560 2031 707 2091 congrua
717 2015 870 2092 episcopo
883 2029 935 2074 sa·
986 2014 1076 2076 modi
1092 2029 1159 2076 non
1176 2015 1327 2077 obstante
1341 2016 1377 2076 in
1394 2015 1578 2076 elusionem
1596 2015 1781 2093 disciplina

133 2113 328 2177 tissactione
350 2112 547 2189 praestanda,
564 2111 594 2172 si
609 2111 700 2189 justa
721 2110 822 2172 fuerit
841 2111 939 2171 dele-.
987 2112 1179 2174 monasticae
1192 2111 1376 2188 interjecta,
1387 2111 1493 2173 eidem
1501 2111 1612 2174 abbati
1623 2112 1784 2175 obedien-

134 2212 292 2287 gatorum
315 2210 466 2288 judicum
489 2209 621 2286 reperta
646 2207 821 2281 sententia,
848 2223 933 2270 oau-
986 2209 1079 2282 tIam,
1094 2209 1127 2271 et
1144 2208 1366 2271 reverentiam
1381 2208 1525 2272 debitam
1539 2209 1729 2280 exhibeant,
1745 2212 1783 2274 ut

134 2308 229 2370 tione
243 2307 388 2384 recepta,
403 2306 490 2368 intra
504 2305 692 2384 quindecim
713 2305 784 2368 dies
798 2305 932 2382 impen-
988 2303 1152 2375 tenentur,
1165 2303 1270 2381 ipsius
1285 2302 1434 2365 salubria
1448 2305 1572 2365 monita
1582 2305 1616 2366 et
1626 2307 1783 2368 mandata

135 2402 224 2464 datis
254 2401 381 2464 eisdem
414 2402 632 2464 absolutionis
666 2400 863 2485 beneficium
892 2400 933 2462 ad
987 2401 1186 2478 recipientes
1198 2401 1411 2482 humiliteret
1421 2400 1784 2465 inviolabiliterobser-

135 2501 318 2572 cautela-m,
339 2500 372 2561 et
390 2515 524 2560 causam
552 2497 594 2559 ad
618 2498 766 2575 priorum
783 2497 935 2576 judicum
987 2500 1116 2571 rantes,
1129 2498 1313 2560 monitione
1333 2498 1516 2576 praemissa,
1531 2513 1592 2576 per
1609 2515 1784 2562 censuram

134 2596 316 2659 remittatIs
331 2612 483 2658 examen.
498 2587 628 2667 sedne,
643 2596 777 2672 propter
794 2595 868 2667 boc,
880 2595 936 2656 in·
989 2593 1248 2656 ecclesiasticam
1264 2595 1486 2671 appellatione
1501 2599 1628 2658 remota
1643 2599 1781 2673 cogatis.
1866 2599 1869 2606 '

134 2693 236 2755 terim
253 2692 614 2772 provisio'monasterii
632 2692 820 2754 retardetur
840 2695 873 2754 et
893 2693 935 2754 de
990 2693 1081 2764 Quod
1105 2693 1135 2752 si
1159 2709 1225 2752 non
1245 2707 1371 2764 omnes,
1390 2693 1451 2753 etc.
1472 2693 1591 2754 Datum
1612 2694 1780 2765 Laterani,

135 2789 231 2851 sacili
252 2806 388 2867 gramm
408 2790 558 2852 incurrat
580 2789 804 2852 retardatione
823 2792 936 2867 jactu·
989 2792 1035 2850 lll
1051 2789 1212 2850 kalendas
1235 2788 1428 2861 decembris,
1444 2789 1655 2865 pontificatus
1677 2793 1783 2853 nostri

135 2902 226 2960 ram,
254 2887 438 2964 praesertim
462 2902 562 2964 quum
586 2901 653 2947 non
680 2887 830 2962 oporteat
853 2886 934 2948 illud
990 2901 1077 2947 anno
1092 2885 1197 2948 sexto.
1226 2893 1229 2900 ’

132 2986 236 3046 novis
252 2985 386 3046 onerari
403 2983 532 3055 debitis,
550 2983 635 3060 quod
651 2983 796 3045 nondum
812 2983 937 3044 avete-

131 3082 235 3142 ribus
245 3081 433 3158 respiravit,
448 3081 611 3152 volumus,
623 3082 660 3141 ut
669 3096 846 3157 personam
860 3096 937 3141 exa·

131 3180 306 3240 minantes
319 3179 427 3250 electi,
440 3178 468 3237 si
482 3193 556 3238 eum
571 3178 726 3238 idoneum
739 3177 935 3238 inveneritis

132 3277 175 3338 ad
194 3277 352 3353 regimen
374 3274 526 3347 abbatiae,
545 3291 612 3336 non
635 3274 785 3337 obstante
805 3275 935 3337 delectu

132 3375 303 3436 natalium
322 3387 387 3449 quo
404 3371 616 3449 patidicitur,
631 3387 674 3434 ex
689 3373 826 3449 eoquod
841 3373 936 3448 pater
1246 3416 1259 3472 1
1275 3414 1435 3474 decembris
1451 3417 1518 3475 ml

132 3487 215 3532 suus
245 3471 280 3530 in
302 3469 407 3530 sacrIs
435 3468 618 3540 ordinibus,
642 3470 719 3530 ante
746 3470 935 3544 ingressum
1167 3538 1171 3547 ¹
1302 3539 1308 3549 .
1523 3462 1529 3474 '

132 3566 346 3637 monasterii,
362 3582 435 3628 eum
448 3566 563 3642 genuit
577 3565 617 3627 de
632 3566 750 3638 soluta,
767 3567 808 3627 de
823 3566 936 3645 provi·
1021 3536 1139 3602 [3⁰⁸⁰⁵‘·’
1155 3537 1199 3588 hb·
1211 3539 1253 3596 vl,
1269 3545 1343 3604 ⁶9¹⁵*
1353 3541 1394 3590 ⁶³·
1408 3540 1464 3590 Μ·
1479 3541 1602 3592 L²P⁰¹t⁰
1612 3541 1646 3592 ‘¹¹¹
1659 3542 1752 3604 ΜΗ

134 3662 933 3740 sionenostra,sublatoappellationisobstaculo,
977 3654 1082 3722 ‘Quum
1112 3653 1140 3710 ¹¹1
1166 3654 1305 3711 electione
1335 3655 1471 3728 Ρθθῑῡῐὶθ,
1497 3656 1527 3712 in
1554 3656 1666 3715 diversa
1700 3657 1784 3715 diusr

133 3760 342 3822 monasterio
357 3760 547 3837 ptaeflcjafis
559 3759 889 3832 eumdem‚sacient03
904 3761 935 3821 ei
1025 3740 1145 3798 abierint
1155 3743 1297 3810 canonici,
1313 3742 1388 3814 quod
1401 3741 1507 3800 iactum
1520 3752 1563 3801 est
1580 3745 1784 3816 praelectione

92 3861 93 3864 ’
133 3873 154 3920 a
172 3859 287 3935 priore
304 3859 337 3919 et
351 3860 513 3920 conventu
528 3857 695 3934 praedictis
714 3856 935 3920 obedientiam
1024 3835 1119 3887 ⁰³⁸&st
1135 3836 1163 3886 ³¹
1177 3829 1294 3887 'nanda‘
1309 3838 1339 3888 ιη
1352 3829 1387 3887 ‘¹⁶
1402 3832 1505 3888 ¹d⁰¹¹³³
1521 3847 1643 3904 90¹⁸⁰¹¹³
1659 3833 1717 3891 Μ·

134 3957 170 4017 et
188 3956 413 4018 reuerentiam
428 3954 572 4016 debitam
589 3954 752 4027 exhiberi,
771 3958 804 4016 et
822 3956 936 4032 injuu-
1029 3955 1207 4027 Honorius,
1218 3956 1293 4028 etc,
1306 3955 1437 4018 dilectis
1451 3955 1530 4017 dliis
1541 3957 1781 4035 Rothomagen.

1283 3133 1490 3224 XXXVIII

1106 3287 1158 3346 Ad
1178 3286 1367 3361 capsacem
1386 3288 1668 3364 Rotbomapcose.

134 4055 257 4128 gentes
272 4053 326 4114 cui
340 4052 520 4113 maluerint
538 4067 582 4114 ex
598 4052 761 4128 episcopis
784 4053 933 4114 convici-

134 4151 205 4221 nis,
222 4150 259 4209 ut
278 4149 395 4222 eidem,
411 4149 485 4210 vioe
499 4149 623 4220 nostra,
640 4165 760 4210 munus
774 4148 933 4211 benedic-

134 4245 255 4317 tionis,
273 4245 448 4322 impendat.
470 4245 561 4316 Quod
582 4245 611 4305 si
632 4261 698 4306 non
717 4261 843 4318 omnes,
857 4247 931 4319 etc„

133 4343 205 4403 duo
221 4343 379 4414 vestrum,
396 4343 457 4404 etc.
480 4344 598 4404 Datum
618 4343 785 4413 Laterani,
803 4345 849 4404 ΙΙΙ
863 4344 931 4405 kal.

131 4438 335 4512 decembris,
356 4439 566 4516 pontificatus
586 4439 691 4500 nostri
712 4455 800 4502 anno
822 4441 932 4502 tertio.

445 4609 627 4696 XXXVII

131 4734 235 4794 Acts.
245 4734 401 4794 Wutertct
412 4733 482 4794 et...
492 4734 637 4804 abbam,
653 4736 850 4807 priorams.
861 4737 934 4796 Wo-

175 4822 279 4883 lertct
290 4821 530 4882 ambianensis
544 4821 579 4882 ct
589 4821 831 4898 Rotbomcaen.
843 4825 932 4886 dioe-

175 4921 307 4968 cesum
398 4965 433 5023 29
447 4965 579 5024 novemb.
598 4967 676 5024 liar.

180 5063 306 5124 suessa,
319 5060 418 5121 unu,
433 5053 887 5127 apsa.uss.uar0nsuurua1.]

131 5159 347 5233 appellationis
369 5159 527 5219 remedium
550 5161 579 5218 in
601 5160 756 5219 subsidium
780 5177 930 5236 oppresso·

169 5253 250 5306 rum,
269 5253 326 5296 nou
341 5241 371 5298 iu
390 5240 579 5313 malignorum
599 5241 805 5314 subterfugium
822 5249 866 5300 est
887 5243 930 5298 in·

167 5325 303 5376 ventum.
323 5319 366 5376 Ao
386 5320 505 5392 proinde
519 5321 635 5380 mundat
649 5328 690 5392 ut,
705 5321 838 5380 monachi
850 5321 931 5380 exbi-

167 5397 262 5455 beant
275 5397 465 5455 obedientiam
481 5398 586 5479 abbati.

126 5557 141 5562 ..
173 5506 358 5578 Honorius,
380 5506 455 5580 etc,
480 5506 609 5572 dilectis
638 5509 715 5570 tiliis
718 5553 791 5571 ......
821 5511 933 5574 Sancti

285 5659 397 5704 urraca.
417 5661 491 5706 rous
511 5649 560 5708 lV.

989 4052 1144 4130 capitulo.

1030 4151 1176 4212 Ecclesia
1193 4151 1305 4213 vestra
1323 4151 1478 4214 destituta
1491 4153 1634 4230 pastore,
1652 4154 1685 4217 et
1696 4155 1782 4218 votis
1849 4192 1854 4200 ι

988 4248 1118 4320 vestris,
1138 4263 1239 4325 quum
1263 4249 1303 4308 de
1327 4248 1429 4310 iuturi
1458 4251 1588 4326 praelati
1615 4251 1783 4316 haberetis

989 4345 1195 4406 successioni
1222 4345 1409 4418 tractatum,
1432 4347 1468 4406 in
1495 4347 1627 4410 diversa
1653 4349 1781 4420 divisis,

989 4441 1121 4518 quidam
1141 4441 1176 4502 in
1195 4441 1365 4514 Thomam,
1387 4442 1520 4518 quidam
1536 4443 1573 4504 in
1594 4445 1782 4521 singulares

988 4553 1146 4614 personas
1184 4539 1331 4615 ejusdem
1369 4538 1519 4600 ecclesiae
1552 4543 1794 4605 consensistis.=

988 4636 1110 4695 Verum
1125 4649 1200 4694 curn
1220 4649 1320 4711 super
1339 4634 1393 4706 iis,
1411 4636 1574 4698 innostra
1590 4640 1623 4699 et
1640 4638 1781 4702 fratrum

987 4733 1176 4793 nostrorum
1199 4732 1391 4807 praesentia,
1408 4733 1512 4794 multa
1536 4733 1677 4797 fuissent
1703 4736 1781 4799 binc

987 4828 1065 4889 inde
1089 4829 1269 4905 proposita,
1298 4828 1497 4901 invenimus,
1525 4830 1610 4906 quod
1637 4830 1699 4903 illi,
1724 4835 1780 4909 qui

987 4941 1047 4986 sua
1065 4926 1102 4985 in
1115 4925 1275 4986 ‘rhomam
1298 4924 1465 4986 desideria
1485 4926 1681 5000 dirigebant,
1702 4929 1781 4994 licet

987 5024 1114 5100 partem
1125 5025 1284 5100 majorem
1295 5022 1452 5094 iacerent,
1461 5023 1605 5098 partium
1618 5021 1676 5104 [in]
1689 5042 1781 5090 com-

987 5120 1194 5197 parationem
1211 5119 1387 5190 minorum,
1406 5120 1595 5181 nontamen
1609 5121 1649 5182 ad
1668 5129 1778 5202 majo-

987 5231 1057 5278 rem
1070 5217 1196 5293 partem
1211 5216 1348 5293 capituli
1368 5217 1601 5292 pervenerunt.
1621 5221 1780 5286 conside-

987 5314 1133 5376 ravimus
1149 5312 1377 5385 nibilominus,
1392 5313 1479 5390 quod
1492 5315 1567 5390 post
1580 5315 1780 5392 publicatio·
1846 5387 1851 5397 ,

988 5427 1063 5472 nem
1085 5425 1318 5483 consensuum,
1342 5411 1376 5472 et
1398 5411 1586 5474 collationis
1602 5416 1778 5480 tractatum

988 5509 1028 5572 ad
1041 5509 1248 5584 electionem,
1263 5507 1374 5570 nullus
1389 5508 1582 5572 babitnsest
1592 5527 1776 5589 processus,

1604 5652 1621 5710 2
