4274 6388
275 295 336 356 279
878 295 1065 358 uortoull
1087 295 1133 356 111
1153 293 1302 358 OPERA.
1856 297 1917 360 280

352 348 357 383 l

275 453 390 516 rentes
413 469 566 534 assensu,
590 451 959 532 compositionemque
980 455 1069 518 inter
1122 453 1192 514 rias
1206 452 1395 531 injecerunt
1412 469 1481 516 non
1501 454 1565 518 huit
1584 456 1697 532 gravis
1715 455 1749 518 et
1769 456 1915 518 enormis

274 564 337 612 vos
356 565 399 612 ex
424 551 518 630 parte
542 566 608 612 uua
629 552 663 612 et
683 551 908 614 venerabilem
932 551 1067 614 tratrem
1122 563 1291 620 excessus
1309 563 1349 610 sc
1372 548 1415 609 iis
1438 549 1496 626 qui
1514 551 1752 613 commiserunt
1765 550 1916 614 fraudem

276 650 427 710 nostrum
453 649 684 710 coloniensem
712 650 998 726 archiepiscopum
1025 666 1069 712 ex
1122 644 1212 705 circa
1227 645 1432 738 vicesimam,
1448 647 1620 724 postquam
1638 663 1739 724 snper
1752 647 1816 709 hoc
1830 663 1915 710 con-

277 745 394 817 altera,
410 760 511 823 super
532 747 716 808 munitione
731 747 873 824 quadam
894 748 928 808 et
948 749 1068 824 oppido
1122 757 1240 818 eruam
1272 742 1535 814 satisfactionem
1564 745 1791 821 praesiiisrissh
1818 747 1915 822 juxta

272 843 371 919 juxta
395 843 634 904 monasterium
648 843 794 904 vestrum
809 845 1019 918 constructis,
1036 847 1069 906 et
1122 837 1262 900 sormam
1276 839 1445 912 Ecclesiae,
1456 841 1682 916 impendentes
1698 840 1916 904 absolutionis

276 939 377 1000 rebus
404 939 482 1000 aliis
512 940 734 1002 amicabiliter
757 939 956 1012 intercessit,
982 937 1068 1004 sicut
1122 935 1321 997 beneficium
1336 937 1409 998 vice
1429 939 1553 1010 nostra,
1574 940 1607 1000 et
1627 939 1840 1015 injungentes
1866 939 1915 1002 eis

277 1036 350 1098 sine
364 1037 529 1112 pravitate
546 1037 683 1114 provide
697 1037 785 1099 iacta
804 1040 855 1100 est
873 1038 960 1100 atah
976 1037 1069 1100 utra·
1123 1033 1209 1110 quod
1228 1033 1380 1096 videritis
1401 1034 1659 1112 injungendum
1675 1052 1750 1096 cum
1770 1036 1839 1097 illis
1859 1036 1916 1113 qui

277 1149 341 1210 que
365 1135 459 1210 parte
483 1135 599 1212 sponte
619 1137 763 1211 recepta,
781 1136 814 1197 et
836 1135 995 1198 hactenus
1010 1135 1070 1198 oh-
1122 1131 1483 1203 excommunicatura
1508 1133 1673 1209 suspensi,
1690 1147 1730 1193 ac
1748 1133 1916 1208 generalis

276 1232 419 1300 servam,
433 1231 516 1293 etin
530 1231 933 1310 ejusdemarchiepiscopi
948 1233 1068 1295 litteris
1124 1228 1289 1290 interdicti
1310 1230 1458 1305 tempore
1480 1229 1594 1290 divina
1625 1229 1734 1292 <inicia
1761 1229 1915 1292 celehra-

276 1325 397 1388 exinde
417 1327 576 1388 contectis
592 1329 721 1403 plenius
737 1329 936 1401 continetur,
950 1331 1068 1392 aucto·
1122 1327 1211 1394 runt,
1238 1325 1499 1388 misericorditer
1527 1325 1736 1403 dispensetis,
1765 1327 1915 1403 injussis

275 1422 375 1485 ritate
389 1424 580 1500 Apostolica
591 1424 836 1502 confirmamus,
850 1427 883 1486 et
894 1427 1068 1502 praesentis
1123 1423 1171 1484 eis
1186 1424 1384 1499 competenti
1400 1423 1595 1500 poenitentia
1613 1424 1817 1500 promeritis
1839 1424 1915 1484 siu-

276 1519 391 1595 ecripti
407 1521 593 1597 patrocinio
608 1523 860 1583 communimus.
877 1523 969 1584 Nulli
989 1540 1068 1600 ergo
1123 1520 1287 1594 gulorum.
1304 1520 1400 1581 Circa
1416 1520 1491 1581 illos
1507 1521 1616 1582 autem
1630 1521 1686 1597 qui
1701 1521 1827 1596 recepti
1843 1519 1917 1583 tue-

276 1616 411 1678 omnino
424 1615 594 1678 hominum
610 1617 710 1679 liceat
724 1619 810 1680 hanc
826 1621 980 1696 paginam
996 1636 1069 1681 nos·
1123 1619 1201 1680 runt
1214 1617 1250 1676 in
1264 1618 1454 1690 monachos,
1469 1618 1637 1679 mediante
1658 1617 1739 1680 vitio
1752 1617 1914 1693 simoniae,

275 1712 336 1774 trae
351 1713 612 1775 confirmationis
635 1715 831 1791 intringere,
853 1716 906 1778 vel
930 1718 961 1778 ei
984 1733 1069 1778 ausu
1119 1717 1216 1791 juxta
1231 1713 1501 1776 constitutionem
1520 1715 1687 1790 generalis
1703 1715 1842 1776 concilii
1858 1731 1917 1776 su-

164 1817 167 1824 ’
273 1808 451 1871 temerario
467 1811 644 1873 contraire.
660 1813 694 1873 Si
712 1814 786 1889 quis
804 1814 914 1874 autem
935 1813 997 1876 hoc
1012 1815 1068 1876 at·
1123 1827 1182 1889 per
1210 1811 1272 1872 hoc
1303 1811 1425 1873 editam
1451 1811 1648 1890 procedatis.
1676 1811 1767 1883 Quod
1796 1811 1825 1872 si
1849 1827 1916 1873 nou

274 1905 405 1968 tentare
415 1909 676 1985 praesumpserit,
689 1909 951 1985 indignationem
967 1912 1070 1972 omni·
1124 1925 1249 1980 omnes,
1267 1909 1329 1970 etc.
1353 1911 1471 1970 Datum
1495 1909 1662 1980 Laterani,
1683 1911 1729 1969 Xl
1755 1908 1916 1970 kalendas

275 2003 421 2079 potantis
445 2005 515 2076 Dei,
542 2005 575 2066 et
599 2004 771 2066 beatorum
802 2007 893 2068 Petri
917 2008 950 2069 et
973 2005 1069 2068 Pa'uli
1124 2004 1295 2078 februarii,
1330 2005 1540 2082 pontificatus
1575 2005 1682 2068 nostri
1714 2020 1802 2066 anno
1835 2019 1914 2081 sep·

275 2100 501 2176 apostolorum
525 2103 597 2178 eius
624 2118 660 2163 se
689 2104 820 2164 noverit
843 2104 1067 2166 incursurum.
1123 2102 1215 2164 timo.

169 2245 176 2256 .
275 2196 395 2257 Datum
420 2198 587 2269 Laterani,
609 2201 669 2261 VIl
703 2199 864 2260 kalendas
895 2201 1068 2276 februarii,

276 2292 489 2369 pontificatus
503 2295 608 2358 nostri
623 2311 712 2358 anno
727 2297 879 2376 septimo.

1463 2449 1572 2538 LXII

629 2636 717 2725 LXI
1202 2599 1254 2659 Ad
1275 2601 1569 2674 ‘immemorum
1586 2603 1828 2662 heraclensem.

296 2784 349 2844 nu
364 2785 520 2848 auectam
534 2787 569 2848 s.
589 2789 757 2848 reuocata
770 2789 806 2849 et
824 2789 859 2849 s.
882 2787 1050 2850 uticenci
1387 2728 1556 2804 ’ΨΜ
1569 2730 1647 2788 ¹²²³·

384 2883 960 2958 etsreuccecuuoraprtores.
1294 2849 1741 2918 [cantummunum]

540 3012 575 3071 ²7
588 3013 711 3086 januarii
726 3013 803 3072 1223·
1123 2975 1157 3032 Ei
1171 2974 1288 3034 mandat
1300 2982 1332 3033 ut
1351 2975 1387 3033 de
1404 2983 1509 3034 cratero
1529 2976 1605 3034 circa
1629 2977 1805 3050 Stephanum
1819 2976 1914 3035 archi·

467 3133 472 3145 Ι
560 3135 565 3146 Ι
1158 3062 1311 3120 diaconum
1325 3064 1529 3122 trecorensem
1544 3064 1667 3122 electum
1682 3065 1767 3122 cilicii
1780 3063 1916 3122 suidehi·

397 3133 497 3198 [caum
509 3134 611 3194 cinnat,
625 3135 692 3196 ΚΝ,
704 3137 875 3187 Instrumenta
888 3136 954 3202 ¹⁶⁷]
1158 3158 1218 3208 tum
1245 3158 1416 3223 exsequatur
1443 3151 1527 3226 eique
1559 3166 1664 3210 munus
1692 3153 1917 3210 consecrationis

199 3333 208 3347 ι
273 3250 318 3310 lte
342 3249 371 3308 S.
394 3248 509 3308 ltelauii
533 3248 710 3307 Redonensis
732 3250 900 3323 quibusdam
921 3251 1070 3310 monachis
1160 3237 1314 3310 impendat.

516 3337 646 3396 i⁰⁰fd³⁸0
660 3340 830 3397 viventum·
1162 3363 1331 3425 Honorius
1339 3364 1525 3441 episcopus,
1534 3379 1650 3426 servus
1663 3379 1835 3427 servorum
1842 3366 1912 3438 Dei,

315 3455 1066 3532 Honoriuseplscopus,servusservorumltci,
1123 3459 1308 3521 venerabili
1332 3459 1426 3521 tratri
1448 3461 1698 3539 archiepiscopo
1717 3463 1913 3534 Turonensi,

276 3551 407 3613 dilectis
445 3552 523 3613 tiliis
549 3553 660 3616 abbati
693 3555 726 3615 S.
749 3554 917 3616 Vincentii
945 3557 977 3616 et
980 3598 1065 3616 .......
1124 3559 1264 3620 salutem
1280 3557 1312 3618 et
1325 3557 1547 3633 Apostolicam
1562 3557 1837 3620 benedictionem.

277 3651 310 3712 S.
328 3650 496 3712 vincentii
515 3652 583 3713 et...
604 3654 637 3712 S.
657 3653 748 3714 Petri
764 3652 804 3714 de
824 3653 958 3714 Cultura
979 3654 1070 3730 prio·
1164 3657 1270 3726 Quum
1285 3655 1364 3715 olim
1380 3656 1416 3715 Ι).
1432 3657 1559 3728 cantor,
1575 3657 1618 3728 J.,
1638 3659 1676 3718 It.
1701 3659 1734 3717 et
1749 3658 1797 3728 L.,
1813 3671 1917 3718 cano·

274 3745 379 3820 ribus,
398 3749 657 3810 Cenomanensis
682 3749 847 3822 dioccesis,
874 3751 1070 3813 salutemet
1123 3752 1191 3813 uici
1211 3755 1443 3824 'trecorenses
1463 3753 1566 3814 multa
1597 3757 1712 3814 contra
1736 3767 1915 3831 personam

274 3846 497 3922 Apostolicam
513 3846 787 3909 benedictionem.
1125 3849 1294 3927 Stephani,
1316 3849 1545 3912 archidiaconi
1569 3851 1783 3911 Trecorensis
1805 3850 1914 3922 electi,

315 3943 460 4006 Dilectus
474 3943 562 4005 lilius
578 3944 680 4007 abhas
697 3943 875 4007 SMelanii
887 3944 1068 4008 Redonen-
1124 3949 1156 4008 et
1171 3949 1238 4008 tam
1251 3947 1367 4008 contra
1380 3946 1576 4008 electionem
1591 3947 1624 4008 et
1637 3947 1799 4008 electores
1812 3947 1916 4024 ipsius

275 4040 322 4100 sis
350 4042 523 4118 proposuit
545 4057 658 4103 coram
692 4043 790 4103 nohis
815 4042 901 4120 quod
935 4042 1068 4120 quidam
1123 4059 1221 4121 quam
1250 4043 1534 4106 confirmationem
1562 4043 1735 4105 electionis
1768 4043 1916 4120 ejusdem

275 4137 431 4198 monachi
446 4138 509 4209 sui,
527 4139 694 4214 generalis
718 4139 866 4216 tempore
888 4141 1066 4214 interdicti,
1125 4142 1369 4218 proposuerunt
1391 4156 1504 4202 coram
1530 4141 1646 4216 nohis3
1678 4141 1718 4202 de
1745 4141 1916 4218 utriusque

276 4234 409 4310 quidam
441 4236 541 4297 etiam
566 4251 625 4312 pro
655 4237 922 4312 transgressione
944 4238 1068 4314 regulae
1123 4239 1228 4315 partis
1262 4239 1516 4314 procuratorum
1551 4254 1701 4309 assensu,
1733 4237 1917 4300 venerabili

276 4346 358 4402 suae,
373 4347 412 4392 ac
427 4346 486 4408 pro
501 4331 648 4393 violenta
666 4349 823 4393 manuum
842 4332 1021 4410 injectione
1034 4335 1069 4395 in
1123 4335 1219 4396 fratri
1248 4337 1372 4406 nostro,
1403 4337 1643 4396 cenomanensi
1678 4335 1845 4412 episcopo,
1884 4335 1917 4396 et

275 4428 405 4504 seipsos
429 4429 460 4490 et
487 4428 664 4490 saeculares
693 4429 843 4502 clericos,
865 4433 1016 4507 suspensi
1037 4435 1069 4494 et
1124 4431 1354 4510 conjudicibus
1369 4433 1440 4493 suis
1455 4432 1638 4494 direximus
1650 4433 1775 4508 scripta
1788 4431 1913 4503 nostra,

250 4522 253 4534 “
276 4525 630 4588 excommunicationis
641 4526 774 4589 vinculo
783 4527 944 4600 innodati,
955 4529 1069 4591 divina
1124 4530 1170 4600 ut,
1186 4529 1313 4591 vocatis
1323 4530 1380 4606 qui
1393 4528 1516 4592 tuerint
1528 4529 1699 4602 evocandi,
1712 4530 1745 4593 et
1758 4529 1917 4606 inquisita

276 4622 387 4684 cilicia
415 4623 637 4695 celebrarunt,
661 4623 881 4686 absolutionis
907 4624 1069 4688 beneficio
1124 4642 1225 4702 super
1249 4625 1304 4699 iis,
1330 4627 1428 4702 prout
1450 4627 1685 4704 inquirendum
1711 4630 1808 4698 esset,
1824 4625 1919 4687 solli-

275 4737 342 4782 non
352 4721 496 4796 ohtento;
504 4722 636 4799 quidam
648 4721 976 4798 etiamprocurarunt
983 4723 1068 4802 quod
1123 4724 1188 4786 cite
1202 4724 1352 4796 veritate,
1368 4725 1536 4799 negotium
1552 4722 1755 4786 sufficienter
1770 4723 1918 4785 instruo-

274 4819 434 4881 ricesima
446 4819 482 4880 in
498 4818 693 4897 quibusdam
709 4819 779 4880 suis
795 4820 946 4882 ecclesiis
960 4821 1069 4882 minus
1123 4823 1192 4884 tum
1207 4822 1248 4883 ad
1262 4837 1322 4882 nos
1336 4821 1506 4883 remittere
1520 4821 1754 4897 procurarent3
1777 4835 1820 4881 ex
1832 4835 1917 4897 quo-

275 4916 425 4992 plenarie
440 4916 637 4988 solveretur,
652 4917 685 4978 et
699 4917 833 4994 quidam
851 4918 886 4978 in
902 4919 1070 4981 monaste-
1123 4934 1197 4979 rum
1222 4917 1344 4981 litteris
1372 4933 1479 4996 nuper
1503 4919 1700 4996 recepimus,
1727 4917 1813 4995 quod
1841 4931 1916 4979 cum

261 5013 362 5076 ¹rium
391 5018 463 5092 ejus
490 5017 678 5092 ingressum
704 5015 923 5078 simoniacum
949 5016 1071 5077 hahue·
1123 5015 1272 5077 mandati
1305 5015 1411 5076 nostri
1446 5016 1654 5087 auctoritate,
1679 5015 1767 5077 inter
1793 5014 1916 5076 dictum

275 5111 364 5172 runt.
379 5115 489 5184 Quare
510 5112 710 5190 supplicavit
733 5112 898 5176 instanter
914 5116 949 5175 ut
970 5129 1070 5191 super
1124 5114 1276 5185 electum,
1291 5129 1335 5174 ex
1358 5113 1452 5190 parte
1476 5128 1553 5185 una,
1575 5113 1607 5175 et
1630 5113 1800 5174 cantorem
1822 5111 1855 5172 et
1874 5114 1914 5173 R.

274 5206 408 5268 liscum
428 5207 478 5269 eis
502 5209 766 5272 misericordiam
787 5208 898 5273 iacere
913 5209 1071 5286 dignare·
1123 5209 1311 5288 praedictos,
1326 5225 1369 5271 ex
1392 5210 1510 5282 altera,
1531 5207 1650 5271 luisset
1672 5208 1797 5270 diutius
1812 5208 1918 5269 alter-

275 5319 360 5365 mur.
376 5303 518 5382 ideoque
532 5305 726 5368 discretioni
741 5308 863 5369 restrae
879 5323 938 5385 per
958 5312 1069 5385 Apos·
1125 5310 1246 5380 catum,
1265 5308 1292 5368 ii
1316 5307 1380 5370 duo
1397 5308 1616 5386 postmodum,
1642 5306 1718 5367 ante
1742 5305 1810 5367 litis
1833 5321 1917 5366 con-

273 5401 374 5464 tolica
389 5401 513 5478 scripta
533 5403 740 5478 mandamus,
758 5407 921 5482 quatenus
942 5405 997 5477 iic,
1014 5406 1068 5482 qui
1123 5405 1333 5468 testationem
1355 5405 1406 5467 llti
1427 5403 1715 5474 renuntiaverunt,
1740 5404 1775 5464 et
1795 5402 1917 5464 litteris

275 5515 335 5577 pro
351 5499 551 5578 supradictis
575 5500 685 5562 causis
700 5503 978 5590 excommunicati
993 5501 1069 5564 tne-
1124 5502 1256 5581 publice
1271 5503 1492 5582 protestantes
1512 5501 1598 5578 quod
1624 5516 1761 5562 oausam
1785 5499 1826 5560 de
1850 5516 1918 5561 cae-

275 5597 365 5672 runt,
384 5597 561 5661 dummodo
584 5611 698 5660 eorum
719 5599 774 5679 qui
790 5616 909 5664 manus
922 5601 1069 5664 temera·
1123 5601 1196 5664 tero
1218 5615 1284 5662 non
1310 5599 1550 5678 persequentur
1572 5597 1740 5674 eamdem3
1755 5595 1814 5659 alii
1838 5609 1917 5659 vero
