4222 6374
290 277 309 334 'l
913 277 1090 342 HONORII
1111 278 1157 340 111
1177 277 1324 342 OPERA·
1918 275 1939 348 8

293 451 354 499 nos
382 435 513 499 facilem
541 435 690 514 praebere
716 451 927 508 consensum,
955 438 989 500 et
1011 436 1088 498 vota

292 551 366 612 quae
381 550 400 595 a
416 534 557 596 rationis
576 534 710 597 tramite
733 551 800 596 non
823 535 1014 597 discordant
1033 533 1087 595 ei-

292 631 379 693 iectu
394 634 613 708 prosequente
629 631 806 708 complere.
820 635 865 693 Ea
879 634 1024 709 propter,
1041 632 1089 692 di·

293 729 370 791 lecti
385 729 419 790 in
440 729 578 791 Domino
592 729 671 801 illii,
687 730 808 792 vestris
818 729 919 807 justis
935 729 1088 806 precibus

293 825 1090 906 inclinati,villamdeWauvrecbein(iterumad-

292 925 423 985 vocatia
439 923 598 1001 ejusdem,
614 924 714 986 terris
725 925 837 998 etiam,
854 924 958 1002 pratis
968 924 1001 985 et
1012 923 1089 984 aliis

292 1021 388 1083 bonis
403 1021 533 1092 vestris,
551 1021 637 1083 sicut
652 1037 691 1082 ea
706 1022 817 1082 omnia
829 1022 920 1099 Juste
935 1037 975 1082 ac
986 1021 1086 1097 paci-

294 1117 356 1180 tioe
370 1117 600 1196 possidetis,et
614 1119 648 1179 in
664 1118 784 1180 litteris
800 1118 899 1180 clarae
920 1119 1090 1180 memoriae

293 1219 331 1277 B.
357 1215 487 1277 comitis
512 1217 659 1277 Hasnon.
683 1216 815 1293 plenius
840 1215 963 1278 dicitur
978 1215 1089 1278 conti-

293 1313 380 1385 neri,
394 1329 437 1374 ex
452 1316 547 1390 quus
563 1313 741 1376 donatione
759 1329 819 1375 vos
834 1314 984 1376 asseritis
1004 1311 1091 1374 obti-

293 1426 375 1472 nere
389 1410 662 1487 praedicta,v0bis
682 1411 715 1472 et
729 1427 789 1488 per
808 1427 867 1473 vos
889 1410 1090 1476 monasterio

294 1509 419 1580 vestro,
436 1508 634 1570 auctoritate
649 1508 839 1584 apostolica
856 1508 1090 1568 confirmamus

294 1608 328 1667 et
348 1605 523 1681 praesentis
550 1605 664 1681 scripti
692 1605 878 1682 patrocinio
905 1605 1092 1666 communi·

293 1719 378 1764 mus.
403 1702 496 1762 Nulli
520 1717 599 1778 ergo
625 1703 755 1763 omnino
786 1702 958 1763 bominum
992 1702 1092 1763 liceat

294 1800 381 1860 banc
391 1799 546 1876 paginam
558 1801 680 1861 nostrae
694 1799 957 1861 confirmationis
970 1797 1092 1859 inirin-

294 1912 384 1974 gere,
411 1896 466 1956 vel
489 1895 521 1955 ei
547 1911 631 1956 ausu
653 1895 833 1957 temerario
860 1895 1038 1958 contraire.
1056 1895 1091 1955 Si

295 1993 369 2072 quis
394 1993 503 2055 autem
536 1991 599 2053 boc
627 1993 790 2054 attentare
820 1993 1090 2069 praesumpserit,

294 2090 559 2168 indignationem
587 2089 822 2168 omnipotentis
849 2090 908 2151 Dei
929 2091 962 2150 et
977 2087 1092 2150 beato-

295 2205 370 2250 rum
399 2187 491 2248 Petri
519 2187 552 2248 et
577 2185 674 2247 Pauli
698 2186 923 2262 apostolorum
956 2188 1029 2263 ejus
1056 2202 1092 2246 se

295 2286 427 2348 noverit
453 2285 676 2346 incursurum.
702 2286 819 2346 Datum
837 2284 1006 2356 Laterani,
1022 2284 1090 2344 idi-

294 2383 357 2446 bus
369 2383 514 2460 augusti,
531 2381 740 2460 pontificatus
757 2382 864 2444 nostri
876 2397 964 2444 anno
984 2383 1089 2444 sexto.

668 2650 726 2738 IX

297 2803 583 2866 aarreaertcam
597 2805 834 2864 Rormaorum
842 2801 1093 2877 imperatorem

536 2899 570 2964 et
584 2913 703 2977 recem
717 2901 854 2962 strata.

562 3031 595 3090 21
615 3030 731 3103 augusti
745 3031 826 3090 1221.

449 3153 586 3219 [naysum
597 3153 674 3213 nnn,
688 3153 721 3204 aa
733 3167 774 3204 an.
788 3153 858 3212 resi,
871 3151 884 3219 q
895 3151 947 3218 aa]

334 3281 376 3340 ite
387 3279 586 3353 episcoporum
598 3277 756 3336 intrusione
769 3277 949 3336 Fredericum
963 3278 1059 3351 arguit

621 3367 773 3425 llonorius.

334 3492 450 3565 Aliquot
470 3497 580 3548 tantum
603 3487 762 3563 fragmenta
787 3489 872 3563 buius
893 3489 1026 3563 Epistola
1050 3489 1090 3546 le·

299 3588 405 3655 guntur
433 3579 508 3654 apud
528 3578 720 3652 Ruyueldum3
742 3578 794 3635 sed
816 3593 852 3636 ex
876 3579 985 3652 enalysi
1012 3577 1093 3635 lacile

299 3669 439 3742 excipitur
469 3667 535 3740 quid
565 3665 694 3724 Pontifex
726 3667 839 3742 scripsit
867 3666 1027 3724 Frederico.
1057 3667 1094 3724 At

299 3771 464 3831 quenquam
492 3755 657 3813 Fredericus
688 3770 744 3812 nan
768 3755 942 3812 mediocrem
971 3754 1093 3828 gloriam

299 3847 436 3906 restitutis
450 3845 586 3903 Ecclesia
604 3845 740 3901 Romane
759 3843 819 3901 suis
835 3841 946 3916 juribus
966 3843 1092 3916 collegit,

1143 435 1183 498 de
1197 437 1346 514 lpsorum
1360 433 1519 513 progenie
1539 435 1614 513 quis
1634 435 1800 514 superstit
1818 435 1884 497 Sed
1905 437 1940 499 et

1144 535 1264 595 recolis
1291 534 1465 611 abjurasse
1489 534 1523 595 te
1550 533 1689 594 abusum
1717 533 1879 605 eumdem,
1905 534 1938 596 et

1143 632 1238 693 bonas
1253 631 1422 692 memoriae
1437 631 1631 692 Innocentio
1643 634 1742 707 Papae
1755 632 1940 708 praedeces-

1144 729 1212 790 sori
1227 731 1352 800 nostro,
1369 729 1401 790 et
1414 728 1622 805 postmodum
1643 728 1739 789 nobis
1758 730 1937 790 renuntia-

1143 827 1268 888 tionem
1290 825 1480 902 hujusmodi
1502 826 1678 903 privilegio
1700 825 1936 888 confirmasse:

1144 923 1303 1000 numquid
1319 939 1399 999 ergo
1414 923 1535 1000 spretis
1550 923 1735 999 privilegiis
1750 924 1783 985 et
1796 924 1941 1000 promis-

1144 1019 1294 1082 sionibus
1311 1021 1390 1092 tuis,
1411 1023 1444 1082 et
1461 1021 1645 1098 Juramenti
1671 1020 1834 1096 religione
1858 1037 1940 1083 con·

1143 1118 1278 1194 tempta,
1299 1117 1445 1194 gladium
1460 1116 1495 1178 in
1510 1133 1570 1178 nos
1585 1119 1741 1178 acuest»
1758 1115 1853 1196 (Post
1871 1118 1939 1180 alia

1145 1214 1259 1276 eodem
1273 1215 1483 1291 pertinentia,
1494 1215 1531 1276 ut
1543 1231 1563 1276 a
1576 1215 1691 1293 coeptis
1704 1214 1852 1275 animum
1865 1217 1940 1292 eJ'us

1145 1311 1284 1383 avertat,
1305 1311 1415 1374 subdit
1429 1311 1596 1373 Honorius
1613 1309 1643 1392 ε)

1185 1425 1203 1469 a
1220 1411 1325 1480 Quum
1346 1424 1476 1486 semper
1497 1408 1537 1470 ad
1563 1425 1738 1486 personam
1761 1411 1853 1471 tuam
1866 1409 1939 1472 veri

1146 1507 1250 1583 patris
1262 1506 1417 1567 affectum
1430 1506 1631 1581 gesserimus
1646 1507 1679 1568 et
1693 1523 1861 1582 geramus,
1876 1507 1942 1568 im·

1146 1603 1346 1680 peratoriam
1368 1605 1574 1680 majestatem
1596 1619 1768 1665 monemus
1793 1607 1826 1666 et
1840 1619 1942 1680 roga-

1146 1717 1219 1762 mus
1247 1701 1371 1762 attente
1403 1715 1463 1778 per
1498 1701 1674 1763 Dominum
1707 1701 1938 1774 obsecrantes,

1147 1797 1309 1874 quatenus
1324 1796 1420 1858 nobis
1442 1798 1475 1859 et
1489 1797 1550 1859 tibi
1566 1798 1783 1875 prospiciens,
1806 1799 1894 1859 inter
1907 1799 1941 1860 te

1146 1895 1179 1955 et
1196 1894 1377 1956 Ecclesiam
1399 1895 1493 1956 nasci
1513 1895 1640 1956 tantum
1660 1895 1851 1957 scandalum
1872 1911 1941 1958 non

1147 1991 1329 2067 permittas,
1346 1992 1424 2068 quia
1444 1991 1590 2068 proiecto
1604 1993 1633 2052 si
1648 1992 1682 2052 in
1696 1993 1759 2054 boe
1772 1991 1943 2054 scandali-

1146 2089 1210 2150 zati
1225 2103 1245 2148 a
1259 2088 1292 2149 te
1306 2087 1476 2160 fuerimus,
1490 2089 1525 2149 in
1540 2091 1734 2166 quocontra
1749 2105 1809 2150 nos
1825 2091 1939 2150 nostra

1146 2186 1375 2262 reputaremus
1399 2186 1561 2248 interiora
1585 2188 1722 2259 moveri,
1749 2187 1938 2265 hujusmodi

1146 2282 1271 2345 doloris
1300 2283 1436 2344 aculeus
1464 2284 1751 2346 transverberaret
1771 2301 1829 2346 cor
1853 2300 1938 2346 nos-

1146 2381 1246 2454 trum,
1272 2382 1305 2443 ot
1327 2395 1387 2457 per
1413 2381 1530 2442 intima
1551 2382 1677 2443 ossium
1704 2383 1940 2460 pertransiret;

1147 2478 1203 2540 sed
1219 2493 1320 2556 quum
1341 2477 1383 2538 ad
1405 2479 1438 2540 te
1460 2479 1501 2540 ob
1524 2479 1586 2540 boc
1609 2479 1764 2541 dilectum
1784 2479 1942 2542 lilium...

1147 2577 1292 2653 priorem
1313 2575 1442 2637 Sanctae
1465 2577 1580 2638 Mariae
1600 2577 1704 2638 Novae
1723 2593 1797 2638 cum
1817 2577 1941 2639 nostris

1148 2673 1279 2747 litteris
1297 2675 1330 2736 et
1343 2674 1544 2750 transcripto
1558 2675 1608 2736 tui
1627 2675 1795 2752 privilegii
1810 2675 1941 2750 diriga-

1147 2787 1232 2844 mus,
1249 2786 1309 2848 per
1324 2771 1478 2847 teipsum,
1496 2787 1569 2848 quae
1590 2771 1690 2834 aliter
1708 2787 1806 2850 quam
1826 2771 1943 2834 deceat

1147 2871 1221 2931 acta
1241 2869 1328 2940 sunt,
1345 2869 1505 2944 corrigas,
1525 2869 1704 2931 electiones
1715 2869 1812 2946 juxta
1832 2868 1942 2946 privi-

1147 2967 1269 3044 legium
1285 2967 1318 3028 et
1331 2965 1568 3043 promissiones
1590 2967 1677 3039 tuae,
1693 2965 1799 3028 libere
1814 2983 1854 3028 ac
1868 2967 1944 3028 sine

1147 3063 1376 3142 impressionis
1397 3063 1478 3125 vitio
1501 3063 1574 3124 fleri
1594 3065 1827 3140 permissurus.
1844 3063 1941 3124 Alio-

1148 3161 1227 3240 quin
1243 3160 1387 3233 noveris,
1408 3161 1494 3237 quod
1517 3159 1550 3222 id
1569 3160 1661 3222 nulla
1684 3161 1863 3238 poterimus
1880 3176 1941 3221 ra-

1147 3258 1238 3320 tione
1259 3258 1457 3334 inpropriae
1484 3259 1604 3319 animae
1627 3257 1809 3335 periculum
1835 3258 1942 3320 susti-

1148 3371 1247 3432 nere;
1268 3355 1454 3432 praesertim
1483 3357 1694 3416 cumcontra
1719 3371 1779 3416 nos
1800 3356 1889 3417 intra
1909 3355 1944 3416 et

1147 3453 1242 3514 extra
1268 3455 1451 3514 Romanam
1478 3451 1661 3513 Ecclesiam
1680 3453 1806 3529 jugiter
1831 3450 1945 3513 accla-

1148 3551 1266 3622 metur,
1295 3548 1380 3627 quod
1407 3548 1468 3610 tibi
1494 3549 1710 3610 detulerimus
1731 3549 1766 3610 in
1790 3547 1942 3626 pluribus

1148 3648 1263 3709 contra
1279 3649 1400 3708 Deum·
1410 3646 1472 3707 Sed
1486 3645 1699 3708 difficultates
1711 3646 1797 3718 tuas,
1808 3647 1844 3707 in
1859 3661 1942 3723 quas

1148 3746 1180 3807 te
1202 3743 1364 3806 hactenus
1384 3743 1554 3820 ingessisti
1572 3745 1605 3805 et
1623 3743 1765 3816 inducis,
1783 3743 1818 3804 in
1840 3742 1942 3805 totius

1149 3842 1239 3904 orbis
1266 3841 1420 3902 notitiam
1446 3839 1660 3913 adducemus,
1686 3841 1762 3902 coeli
1789 3841 1822 3903 et
1844 3841 1943 3902 terrae

299 3949 357 3994 non
373 3936 435 3992 leve
450 3942 545 3991 tamen
560 3931 674 3990 aliunde
688 3931 813 3989 dedecus
828 3931 948 3988 aliarum
963 3933 1095 3989 ecelesia·
1148 3939 1373 4004 testimonium
1396 3938 1602 4006 inmeantes,
1619 3937 1706 4016 quoq
1721 3937 1763 3999 ad
1782 3937 1846 3999 1100
1865 3953 1945 4016 pro.

299 4039 363 4082 ¹¹¹¹ss
386 4021 554 4080 labetactata
583 4020 723 4095 (1181111816
743 4019 930 4092 libertateque
957 4035 1094 4094 ⁰lll>i⁶²⁸sa
1149 4037 1296 4099 cedimus
1307 4035 1455 4097 dolentes
1471 4033 1649 4112 plurimum
1660 4037 1693 4097 et
1705 4035 1812 4096 inviti.
1824 4036 1943 4096 Datum

299 4113 445 4183 suscepit:
460 4125 546 4182 quem
561 4111 662 4168 merito
681 4109 834 4210 Honorius·
845 4109 945 4210 tentati
961 4108 1095 4166 facinoris
1149 4133 1316 4204 Laterani,
1338 4134 1400 4193 XII
1420 4131 1580 4193 kalendas
1604 4131 1811 4208 septembris,
1833 4132 1947 4210 ponti..

301 4199 463 4274 perstrinxit
476 4206 560 4271 etque
576 4211 682 4272 magna
692 4203 853 4255 constantia
868 4203 959 4254 vetuit
973 4212 1009 4254 ne
1023 4197 1096 4256 elec·
1150 4232 1266 4294 flcatus
1281 4229 1387 4294 nostri
1401 4244 1490 4291 anno
1504 4229 1610 4293 sem
1627 4244 1646 4290 ,

300 4288 425 4347 tionibus
447 4288 647 4360 episcoporum
663 4301 696 4342 se
714 4285 897 4342 immisceret.
919 4283 1027 4344 Deinde
1049 4283 1094 4344 his

300 4376 396 4435 verbis
407 4377 608 4450 imperatorem
624 4373 785 4447 interpellat
799 4371 946 4432 Pontifex:

339 4546 358 4590 e
373 4530 413 4591 Et
426 4527 504 4606 quid
520 4529 571 4588 est
585 4526 671 4604 quod
682 4523 878 4603 jamdudum
891 4525 1092 4598 audivimus,

300 4628 334 4690 et
348 4641 454 4702 nuper
463 4625 562 4687 etiam
579 4623 720 4700 perculit
733 4637 833 4684 aures
850 4623 996 4694 nostras,
1008 4621 1094 4699 quod

301 4724 343 4788 ad
356 4724 547 4794 electiones,
558 4721 788 4798 episcoporum
799 4719 964 4792 videlicet,
977 4737 1094 4782 manus

301 4822 474 4892 extendas,
513 4817 668 4880 electioni
699 4821 876 4880 Aversenae
910 4817 1094 4895 prasertim

302 4917 452 4982 ecclesiae
468 4919 502 4979 et
515 4915 764 4993 episcopatuum
788 4915 823 4975 in
838 4915 1010 4992 provincia
1028 4917 1094 4976 Sa-

300 5016 469 5078 lernitana
481 5012 671 5076 vacantium
685 5013 717 5073 te
733 5011 940 5074 immiscensi
949 5017 999 5073 An
1010 5011 1095 5074 forte

302 5112 454 5190 suspiras
469 5109 510 5171 ad
524 5109 772 5188 progenitorum
791 5111 924 5171 tuorum
942 5108 1092 5183 abusum,

301 5225 399 5288 quem
418 5207 578 5270 Dominus
601 5206 723 5273 zelotes
742 5205 948 5280 abominans,
963 5207 1011 5269 ita
1025 5205 1094 5268 illis

301 5323 362 5370 sua
384 5304 593 5384 providentia
613 5303 770 5378 obviavit,
792 5304 828 5365 ut
849 5304 970 5382 praeter
988 5307 1021 5367 te
1037 5304 1096 5365 vix

336 5453 378 5530 (li
393 5453 619 5538 Wauvrecbaim
636 5453 728 5527 grarm
743 5453 850 5538 village
864 5453 900 5510 de
919 5454 944 5511 la
961 5455 1095 5536 province

302 5528 340 5585 du
351 5527 484 5594 Hainaut,
501 5532 574 5584 sitne
590 5524 696 5598 proebe
706 5525 924 5584 Valencrennes.
939 5523 977 5583 Ge
990 5525 1095 5597 village

301 5600 344 5658 lut
358 5596 452 5656 donne
469 5611 519 5671 par
536 5597 694 5665 baudouin,
708 5603 801 5653 comte
811 5596 847 5653 de
859 5601 933 5652 cette
948 5595 1093 5667 province,

1527 4467 1562 4554 X

1217 4623 1269 4684 Aa
1283 4620 1439 4682 abbatem
1452 4619 1487 4682 8.
1503 4619 1686 4680 Laurentii
1700 4621 1738 4680 te
1754 4621 1880 4696 Campo

1324 4718 1359 4780 et
1370 4719 1528 4792 priorem
1542 4717 1578 4777 8.
1593 4717 1765 4778 severint.

1371 4905 1382 4926 ,
1414 4847 1449 4906 22
1467 4846 1581 4920 augusti
1598 4847 1677 4906 1221.

1182 4971 1309 5037 [Thalnae
1325 4969 1408 5022 Codex
1421 4969 1485 5035 dipl.
1501 4968 1609 5022 dominii
1620 4975 1709 5036 temp„
1719 4969 1739 5030 1,
1752 4970 1793 5032 68,
1808 4983 1833 5020 n.
1845 4969 1913 5036 lta]

1184 5091 1220 5148 Ut
1234 5087 1356 5146 desinas
1370 5085 1407 5143 ad
1420 5083 1610 5144 obediendum
1625 5083 1784 5144 marchioni
1796 5085 1909 5144 Estensi

1273 5175 1403 5234 censuris
1417 5175 1619 5234 ecclesiasticis
1635 5175 1819 5248 compellant.

1189 5302 1356 5366 Honorius
1367 5301 1552 5380 episcopus,
1564 5317 1680 5364 servus
1689 5317 1859 5364 servorum
1868 5299 1942 5374 Dei,

1149 5449 1466 5582 gig’ceegslersgxtffzlgbaye
1484 5448 1520 5509 de
1544 5449 1738 5509 Salat-Pierre
1754 5449 1790 5508 de
1815 5451 1943 5520 llesnon,

2087 21 2090 130 l
