4258 6394
934 261 1110 365 ιιιιιιιιι
1133 299 1178 364 ιιι
1199 301 1347 364 ornan.

314 255 407 366 ιιι

1899 301 1963 362 408

316 460 1114 540 tionemouarenobisexpertedlctorumiiam-
1167 478 1232 540 que
1260 463 1296 524 in
1322 475 1462 540 quorum
1491 459 1664 540 provincia
1695 461 1729 525 et
1758 458 1961 524 dioecesibus

316 560 546 637 burgensium,
575 559 639 622 mit
674 559 846 624 humiliter
878 559 1111 636 supplicatum,
1165 561 1266 622 terra
1282 557 1404 624 nobilis
1434 559 1591 636 predicti
1610 559 1772 631 consistit,
1795 575 1896 636 super
1915 558 1962 620 iis

316 658 354 720 ut
372 673 415 720 ne
434 657 569 735 propior
581 657 644 720 hoc
656 657 740 733 ipsis
764 657 796 719 et
817 657 969 719 ecclesiae
994 673 1062 718 suae
1077 657 1112 717 in
1165 657 1370 732 investigare
1387 656 1522 733 possitis
1540 655 1673 717 facilius
1685 657 1870 730 veritatem,
1885 655 1959 718 ira-

318 755 487 834 posterum
503 753 733 832 praeiudicium
745 755 933 829 generetur,
952 754 1000 814 eis
1015 753 1114 814 exhi·
1166 754 1316 816 ternitati
1330 755 1450 816 vestrae
1461 769 1521 830 per
1530 753 1719 830 Apostolica
1734 753 1859 831 scripta
1869 769 1961 816 man·

316 851 388 914 beri
410 850 649 929 plenitudinem
658 851 799 928 justitiae
814 851 1010 912 laceremus.
1025 853 1114 923 Quo-
1166 851 1282 914 damus
1293 852 1469 928 quatenus,
1480 851 1510 911 si
1525 866 1578 912 res
1589 851 1636 913 ita
1650 866 1686 912 se
1698 851 1810 922 habet,
1821 851 1960 928 praeiato

315 950 407 1012 circa
442 947 636 1010 discretioni
671 949 790 1010 vestrae
829 963 890 1025 per
922 947 1113 1024 apostolica
1166 947 1281 1020 nobili,
1307 948 1506 1010 auctoritate
1530 949 1660 1019 nostra,
1687 947 1866 1009 inhibeatis
1892 963 1959 1026 pu-

317 1045 440 1122 scripta
473 1044 685 1116 mandamus,
710 1045 873 1122 quatenus
899 1045 1028 1106 vocatis
1056 1045 1112 1122 qui

315 1143 440 1205 luerint
454 1141 614 1204 evocandi
628 1143 661 1203 et
671 1141 793 1202 auditis
808 1139 976 1204 hincinde
991 1157 1114 1218 propo-

316 1239 402 1312 sitis,
422 1254 569 1311 causam,
586 1237 670 1299 side
685 1239 828 1316 partium
847 1238 1019 1300 uoluntate
1034 1254 1114 1314 pro-

316 1337 468 1408 cesserit,
485 1335 551 1396 ilne
566 1335 727 1397 canonico
741 1335 939 1398 terminetis.
954 1335 1112 1412 Alioquin

316 1433 424 1512 ipsam
447 1432 489 1494 ad
515 1448 576 1494 nos
603 1431 781 1494 remittatis
808 1432 1013 1494 sufficienter
1036 1432 1112 1493 ins-

316 1531 472 1602 tructam,
498 1529 708 1606 praefigentes
754 1529 905 1608 partibus
934 1529 1114 1591 terminum

316 1627 569 1705 competentem,
582 1641 647 1703 quo
657 1641 717 1703 per
728 1627 962 1703 procuratores
974 1627 1112 1688 idoneos

317 1725 353 1787 et
366 1723 571 1786 sufficienter
582 1725 762 1786 instructos
772 1725 886 1786 nostro
902 1739 938 1786 se
952 1739 1113 1800 conspee-

316 1823 366 1886 tui
389 1821 639 1898 repraesentent,
666 1821 789 1898 iustam
815 1823 952 1883 auctore
974 1821 1114 1882 Domino

317 1919 517 1981 sententiam
543 1919 738 1995 receptura.
775 1919 889 1979 Testes
921 1920 1033 1979 autem
1058 1917 1114 1994 qui

316 2015 442 2077 luerint
454 2015 627 2088 nominati,
654 2015 683 2076 si
703 2030 739 2077 se
753 2015 873 2091 gratia,
888 2015 964 2076 odio
985 2015 1039 2077 vel
1064 2017 1112 2077 ti-

317 2129 410 2174 more
427 2111 667 2188 subtraxerint,
678 2127 738 2190 per
750 2127 926 2174 censuram
942 2111 1116 2174 ecclesias·

317 2211 420 2272 tlcam
435 2209 657 2287 appellatione
681 2209 843 2282 cessante,
869 2209 996 2285 cogatis
1020 2210 1114 2272 veri-

318 2307 383 2370 tati
415 2306 642 2370 testimonium
664 2305 852 2382 perhibere,
875 2306 976 2366 nullis
994 2306 1114 2368 litteris

317 2404 452 2466 veritati
467 2403 651 2481 etjustitiae
672 2402 1002 2480 praejudicantibusa
1030 2403 1114 2464 Sede

317 2501 509 2579 Apostolica
522 2499 722 2578 impetratis.
737 2499 829 2572 Quod
841 2500 870 2560 si
880 2515 946 2560 non
957 2515 1111 2562 omnes...

318 2598 495 2676 potueritls
509 2598 684 2669 interesse,
699 2595 764 2658 duo
779 2599 926 2659 vestrum
939 2598 1116 2659 eanihilo-

318 2695 430 2757 minus
444 2695 682 2772 exsequantur.
696 2693 814 2755 Datum
830 2693 1047 2771 Signiae,le
1058 2695 1115 2756 ke-

318 2791 436 2854 lendns
451 2792 661 2871 septembris,
678 2791 888 2868 ponttncatus
904 2791 1009 2855 nostri
1023 2805 1113 2854 anno

321 2889 450 2952 octavo.

668 3121 766 3209 VIII

320 3273 372 3334 Ad
384 3271 617 3334 senonensem
631 3272 926 3346 archiepiscopum
939 3271 973 3333 et
983 3273 1116 3346 episco-

517 3383 603 3442 pum
616 3369 914 3430 catatonncnsern.

591 3496 625 3554 18
638 3496 752 3569 augusti
769 3497 848 3556 usae.

470 3619 605 3686 [bouquet
616 3619 674 3671 liec.
686 3617 731 3670 des
741 3619 817 3679 illst..
828 3619 898 3682 xltt,
907 3617 975 3684 rea]

322 3745 392 3806 Cum
411 3751 545 3818 ageretur
564 3744 593 3802 in
614 3743 733 3802 Francia
749 3743 785 3802 de
799 3743 994 3802 contrahendo
1015 3746 1114 3806 matri·

357 3834 454 3891 monio
464 3834 538 3890 inter
546 3833 727 3892 Guillelmum
736 3831 771 3890 de
782 3835 934 3906 bampelra
947 3835 1115 3905 etdliciem,

357 3922 473 3980 Henrici
498 3923 576 3996 regis
603 3921 833 3996 ierosolymitonl
859 3921 957 3990 lilium,
984 3923 1117 3995 reginem

356 4012 451 4085 Cypri,
473 4011 691 4084 propinquitatis
711 4007 921 4068 necessitudine
937 4010 1115 4083 coujunctos,

358 4097 500 4155 Honorius
514 4103 591 4154 vetat
603 4097 755 4170 quominus
765 4095 930 4172 hujusmodi
944 4097 1115 4170 copulabat.

364 4223 1036 4300 Honoriusepiscopus,servusservorum
1044 4223 1115 4298 Dei,

324 4319 574 4382 venerabilibus
602 4320 762 4382 iratribus
793 4320 977 4382 senonensi
1001 4321 1116 4382 archi-

324 4417 482 4494 episcopo
510 4417 544 4478 et
566 4417 722 4492 episcopo
751 4415 1000 4492 catalaunensi,
1025 4417 1119 4478 salu-

323 4515 391 4578 tem
404 4515 437 4578 et
451 4513 676 4591 apostoticam
690 4511 965 4576 benedictionem.

278 4675 286 4706 x
362 4611 412 4675 Ad
427 4611 632 4674 audientiam
646 4610 794 4672 nostram
819 4611 979 4674 noveritis
995 4627 1117 4688 perue-¹

324 4707 416 4770 nisse
440 4706 538 4786 quod,
560 4706 639 4768 lieet
660 4707 714 4768 rir
733 4706 855 4768 nobilis
871 4706 1061 4768 Willelmus
1076 4708 1118 4770 de

324 4807 536 4883 Donnapetra
561 4804 594 4867 et
615 4804 789 4866 carissima
804 4803 873 4864 filia
888 4807 1003 4866 nostra
1017 4804 1117 4866 illus-

323 4906 386 4968 tris
401 4904 519 4980 regine
533 4902 633 4980 uypri
648 4918 684 4964 se
697 4902 733 4962 in
749 4917 789 4964 ιο
804 4901 909 4978 gradu
923 4903 1120 4980 propinqui-

323 4999 1120 5079 tatisattingantutsecundumcanonicasseuc·

324 5099 433 5161 tiones
455 5097 621 5176 nequeant
642 5097 934 5159 matrimonialiter
956 5095 1117 5172 copulari,

326 5193 1119 5256 nihilominustamentractaturdecontrahendo

325 5292 538 5354 matrimonio
562 5292 739 5354 intereos.
766 5294 847 5356 Cum
872 5291 976 5366 igitur
999 5289 1119 5352 melius

326 5391 370 5452 sit
384 5391 462 5452 ante
476 5392 606 5465 tempus
623 5403 809 5461 occurrere,
829 5404 928 5466 quam
947 5390 1022 5464 post
1039 5387 1119 5449 rul-

325 5490 477 5552 neretam
490 5500 624 5548 causam
637 5485 820 5548 remedium
839 5486 1030 5563 implorare,
1048 5502 1121 5548 vos·

1165 1045 1252 1106 blice
1267 1061 1307 1106 ac
1319 1060 1480 1122 expresse
1494 1059 1537 1106 ne
1549 1043 1591 1106 ad
1604 1045 1795 1128 hujusmodi
1806 1045 1961 1122 copulam

1166 1142 1346 1219 procedere
1363 1142 1476 1218 aliquo
1495 1141 1592 1203 modo
1614 1143 1809 1218 praesumat;
1826 1142 1960 1204 denun-

1166 1239 1293 1316 ciantes
1309 1240 1410 1300 etiam
1425 1239 1524 1318 quod,
1548 1239 1577 1300 si
1600 1254 1696 1300 secus
1721 1237 1831 1300 iacere
1846 1240 1960 1302 atten-

1165 1337 1263 1410 taret,
1285 1352 1346 1398 nos
1367 1352 1435 1397 non
1459 1336 1566 1398 solum
1589 1335 1798 1412 illegitimam
1814 1336 1961 1398 nuncia-

1166 1451 1278 1495 remus
1293 1433 1420 1512 prolem
1435 1449 1479 1494 ex
1491 1433 1553 1496 tali
1572 1433 1807 1511 conjunctione
1822 1450 1962 1512 suscep-

1166 1534 1246 1600 tam,
1260 1547 1376 1596 terum
1396 1531 1496 1594 etiam
1513 1531 1766 1608 procederemus
1779 1530 1865 1592 alias
1880 1547 1963 1592 con-

1166 1630 1218 1692 tra
1234 1644 1304 1702 eos,
1321 1629 1420 1706 prout
1433 1627 1521 1689 ratio
1533 1627 1718 1706 postularet
1734 1625 1793 1707 (l).
1807 1627 1963 1706 idipsum

1167 1727 1277 1787 autem
1304 1726 1412 1788 eidem
1439 1725 1564 1801 reginae
1590 1724 1742 1786 inhibere
1766 1725 1800 1786 et
1831 1725 1962 1785 denun-

1168 1823 1259 1885 ciare
1274 1823 1409 1894 curetis,
1425 1823 1454 1883 si
1469 1822 1553 1884 forte
1566 1821 1607 1883 ad
1624 1827 1735 1900 partes
1749 1821 1879 1883 venerit
1892 1821 1962 1897 gal·

1167 1919 1306 1980 licanas.
1336 1920 1456 1981 Datum
1483 1919 1622 1995 Signiae,
1656 1921 1716 1980 XV
1741 1917 1961 1979 kalendarum

1168 2015 1379 2094 septembris,
1410 2015 1621 2116 pontificatus
1649 2015 1754 2077 nostri
1782 2031 1870 2078 auno
1899 2029 1961 2078 oc-

1167 2111 1256 2177 ιιιο.

1216 2524 1268 2584 Ad
1280 2517 1513 2596 ileeobaldnno,
1528 2525 1726 2600 Campaniae
1739 2524 1911 2586 eornltcrn.

1432 2653 1467 2712 29
1480 2654 1595 2726 augusti
1608 2653 1688 2712 1223.

1168 2775 1303 2841 [bouquet
1317 2775 1375 2829 ileo.
1386 2775 1432 2828 tes
1444 2775 1520 2836 liist„
1532 2775 1600 2906 mg'
1607 2791 1639 2922 ]p.
1650 2775 1705 2827 735.
1723 2777 1832 2842 aegest,
1841 2775 1885 2828 lib.
1893 2777 1961 2838 v111,

1507 2869 1547 2921 ep.
1565 2857 1578 2906 1
1598 2893 1605 2906 .

1168 2964 1237 3021 Post
1254 2961 1393 3021 diutinam
1414 2962 1489 3020 inter
1507 2961 1712 3032 theobaldum,
1732 2963 1895 3036 Campaniae
1910 2977 1960 3020 co-

1203 3051 1311 3121 mitem,
1326 3059 1356 3110 ct
1375 3051 1515 3109 Erordum
1537 3049 1574 3108 de
1595 3051 1697 3121 Brenn,
1717 3052 1960 3110 concenationem

1203 3139 1239 3197 de
1253 3140 1416 3213 Campaniae
1430 3139 1577 3209 comitatu,
1597 3139 1736 3198 sancitam
1756 3139 1894 3198 intereos
1909 3153 1959 3212 pe·

1203 3241 1268 3286 cem
1287 3229 1429 3286 Honorius
1443 3227 1603 3286 confirmat.

1208 3353 1377 3413 Honorius
1394 3351 1579 3428 episcopus,
1597 3352 1673 3425 etc,
1688 3352 1809 3414 dilecto
1824 3351 1893 3415 11110
1906 3367 1964 3414 ιιι-

1168 3448 1229 3510 bili
1243 3449 1315 3510 viro
1328 3451 1378 3520 T,
1394 3447 1507 3509 comiti
1522 3449 1722 3524 Campaniae,
1733 3449 1886 3516 salutem,
1896 3449 1959 3510 etc.

1210 3546 1246 3606 si
1264 3545 1365 3622 pedes
1380 3543 1680 3621 evangelizantium
1699 3559 1813 3620 pacem
1829 3543 1960 3620 pulchri

1168 3657 1249 3706 voce
1263 3641 1457 3719 prophetica
1473 3641 1685 3714 nunciantur,
1710 3639 1903 3703 facientium
1918 3641 1965 3701 il-

1169 3740 1247 3812 lam,
1265 3755 1325 3801 seu
1345 3739 1446 3802 etiam
1471 3739 1752 3810 conservantium,
1774 3739 1868 3801 tanto
1884 3738 1962 3815 pul-

1170 3838 1320 3900 chriores
1345 3836 1484 3913 possunt
1510 3851 1577 3898 non
1601 3835 1768 3897 immerito
1789 3835 1962 3908 aestimari,

1170 3935 1293 4011 quanto
1305 3933 1491 4010 proeminet
1506 3948 1589 4010 opus
1600 3932 1718 4008 rerb03
1731 3932 1963 4010 propterquod

1170 4031 1277 4102 uobis,
1291 4031 1359 4108 qui,
1376 4031 1455 4092 licet
1469 4029 1640 4101 immeriti,
1657 4032 1730 4108 ejus
1746 4030 1855 4091 locum
1869 4031 1965 4092 tene-

1170 4145 1244 4190 mus
1260 4129 1295 4189 ιιι
1310 4128 1423 4200 ιιιιιι,
1444 4127 1501 4204 qui
1516 4126 1705 4203 pacificavit
1725 4143 1797 4204 quaa
1811 4127 1847 4188 in
1863 4127 1964 4189 terris

1170 4227 1203 4288 et
1217 4242 1290 4302 quae
1305 4225 1341 4286 in
1356 4224 1449 4286 coelis
1465 4225 1541 4286 sunt
1561 4239 1621 4301 per
1642 4225 1840 4300 sanguinem
1854 4224 1964 4286 crucis

1170 4339 1251 4396 suaa,
1266 4339 1309 4384 ex
1324 4321 1434 4384 officio
1450 4321 1655 4399 apostolatus
1677 4321 1838 4384 incumbit
1858 4321 1900 4382 ad
1924 4336 1964 4383 ιι

1171 4436 1244 4498 quae
1260 4420 1338 4482 sunt
1351 4419 1444 4496 pacis
1460 4417 1643 4490 intendere,
1665 4418 1703 4479 ut
1722 4418 1878 4480 videlicet
1892 4418 1963 4478 dis-

1170 4517 1346 4579 cordantes
1359 4516 1557 4577 reducamus
1573 4514 1613 4577 ad
1636 4529 1762 4591 pacem,
1779 4515 1813 4577 et
1827 4514 1869 4576 ad
1884 4530 1966 4577 con-

1171 4614 1320 4676 cordiam
1339 4612 1525 4684 revocatos,
1541 4611 1838 4689 circumspectione
1852 4614 1963 4690 Apos-

1170 4711 1283 4784 tolica,
1302 4709 1474 4772 foveamus
1489 4709 1525 4769 in
1547 4707 1619 4776 illa,
1639 4723 1682 4769 ne
1697 4709 1805 4784 sopita
1820 4709 1965 4786 patiatur

1171 4807 1338 4869 discordie
1350 4804 1589 4875 recidivumin
1599 4805 1778 4866 discrimen
1789 4821 1965 4882 corporum

1171 4905 1205 4967 et
1219 4903 1403 4982 perleulum
1414 4901 1613 4974 animarum,
1622 4903 1833 4964 consecuturi
1845 4918 1888 4962 ιιι
1902 4902 1966 4964 hoc

1172 5000 1452 5078 pulchritudinem
1479 4999 1608 5077 praemii
1632 4999 1815 5075 amplioris,
1833 5015 1906 5060 oum
1930 4999 1964 5059 in

1172 5114 1254 5174 pace
1281 5097 1468 5174 principum
1502 5095 1713 5158 saecularium
1748 5095 1965 5157 eeclesiarum

1172 5194 1399 5272 tranquillitas
1423 5209 1466 5256 ιιι
1487 5207 1608 5268 magna
1632 5193 1725 5268 parte
1750 5193 1919 5263 consistat,
1934 5193 1967 5256 et

1173 5308 1216 5353 ιιι
1229 5293 1378 5368 ipsorum
1393 5290 1562 5352 discordia
1578 5289 1702 5350 eaedem
1716 5287 1891 5350 incurrant
1906 5288 1969 5350 tre·

1173 5390 1313 5466 quanter
1327 5387 1560 5466 oppressiones
1579 5401 1647 5448 non
1671 5385 1818 5448 medicas
1838 5386 1871 5447 et
1889 5389 1967 5464 jac-

1172 5490 1277 5549 toras.

361 5619 402 5692 (1)
423 5618 598 5687 Guillelmus,
622 5617 697 5676 baud
713 5617 801 5676 multo
816 5624 878 5689 post
891 5615 992 5674 ecdem
1013 5629 1216 5677 nnnouxorem
1234 5616 1312 5676 duxit
1328 5619 1530 5689 Margaretam,
1551 5614 1727 5674 comitissam
1750 5615 1964 5674 Flandrensem.
