4258 6394
85 1936 88 1945 ·
168 1903 280 1965 mento
302 1902 444 1974 firmata,
469 1917 531 1964 nec
552 1917 619 1964 non
643 1903 680 1964 ut
704 1903 740 1962 in
761 1900 962 1964 authenticis

163 289 223 354 eoa
763 279 992 352 aristone.
1015 275 1093 352 nis.
1117 287 1203 352 v111.
1750 293 1811 359 llo

204 447 400 524 tlumigitur
413 447 526 524 grauis
541 449 574 510 et
588 446 775 524 periculosa
790 445 956 510 discordia
1013 445 1261 510 venerabilibus
1294 445 1454 510 iratribus
1477 447 1740 528 archiepiscopis
1775 453 1810 516 et
1855 433 1861 440 ’

163 561 238 623 quae
253 545 342 608 inter
360 546 393 607 te
413 561 453 608 ac
472 545 627 608 dilectam
647 545 684 605 in
708 544 838 608 christo
853 544 958 606 tiliam
1014 545 1191 622 episcopis,
1207 545 1241 606 et
1255 543 1385 606 dilectis
1406 543 1486 606 filiis
1504 547 1660 623 capitulis
1676 563 1810 610 sorum-

164 642 311 706 nobilem
335 643 508 704 mulierem
532 639 740 721 Bliancham]
757 642 960 704 comitissam
1015 641 1089 702 dem
1104 641 1140 701 in
1154 642 1245 704 terra
1269 640 1391 702 nobilis
1414 643 1479 704 viri
1493 643 1643 706 Gaulridi
1659 643 1699 705 de
1720 645 1809 707 Villa

165 739 366 815 Campaniae,
397 741 536 801 matrem
560 739 662 810 tuam,
689 753 733 800 ex
760 741 854 816 parte
880 753 958 812 nna,
1014 735 1166 808 arduini,
1183 737 1344 814 principis
1354 738 1489 800 Achaiae
1500 739 1584 800 citra
1594 743 1810 817 passumMe-

165 837 200 899 et
210 835 356 898 nobilem
367 837 476 898 virum
490 835 706 898 Erardumde
718 838 826 898 Brona
840 836 874 898 et
885 835 961 896 Phi·
1015 850 1105 911 garae
1130 834 1373 898 Corinthiensis
1398 835 1597 909 constitutis,
1612 838 1753 900 salutem
1776 839 1810 902 et

165 933 290 1010 lippam
307 948 444 994 uxorem
464 935 549 1009 ejus,
568 948 611 994 ex
626 933 742 1002 altera,
756 932 958 1004 vertebatur,
1015 932 1239 1007 apostolicam
1251 931 1527 994 benedictionem.

167 1031 221 1102 sit,
237 1046 278 1092 eo
291 1029 436 1091 iaciente
452 1029 495 1091 ad
510 1032 605 1106 cujus
628 1030 804 1107 imperium
824 1030 961 1107 spiritus
1056 1028 1150 1092 Sedis
1161 1028 1359 1104 apostolice
1368 1030 1620 1107 circumspectio
1632 1031 1810 1096 constituta

166 1126 320 1204 procellae
336 1125 487 1188 subsistit
501 1125 535 1187 et
549 1126 670 1188 fluctus
685 1125 794 1197 silent,
811 1126 961 1203 ejusdem
1015 1141 1117 1201 super
1130 1125 1245 1201 gentes
1255 1125 1288 1186 et
1301 1141 1417 1202 regna,
1429 1127 1466 1188 ut
1476 1126 1597 1190 evellat
1606 1128 1640 1189 et
1649 1127 1809 1202 destruat,

167 1223 336 1286 amicabili
351 1239 432 1300 pace
447 1224 565 1300 sopita,
591 1223 625 1285 et
645 1223 796 1300 praedicti
814 1223 960 1284 Erardus
1016 1221 1155 1284 aedificet
1170 1224 1269 1298 atque
1283 1223 1419 1299 plantet,
1435 1222 1556 1301 ubique
1571 1225 1719 1288 retinens
1733 1242 1811 1288 mo·

168 1322 202 1384 et
216 1336 301 1382 uxor
314 1323 387 1398 eJ'us
403 1321 473 1382 suis
485 1320 581 1382 nobis
594 1320 716 1382 litteris
727 1320 958 1397 supplicarint,
1017 1319 1185 1392 toramen,
1201 1319 1367 1383 interdum
1381 1321 1505 1397 rigore,
1526 1321 1693 1386 interdum
1708 1337 1809 1384 man-

168 1419 205 1480 ut
225 1417 376 1480 eamdem
404 1417 619 1494 dignaremur
637 1417 826 1495 apostolico
849 1417 962 1479 muni·-
1016 1417 1195 1480 suetudine
1231 1418 1351 1490 utitur,
1387 1417 1553 1479 interdum
1592 1419 1811 1484 consideratis

167 1517 257 1577 mine
278 1515 453 1590 roborare;
475 1531 537 1576 nos
557 1515 626 1576 tam
650 1515 717 1576 tuis
733 1531 831 1592 quam
846 1529 961 1577 eorum
1016 1513 1277 1576 circumstantiis
1296 1515 1482 1591 temporum
1501 1516 1534 1577 et
1547 1515 1707 1589 locorum,
1733 1533 1809 1580 me-

168 1612 324 1690 precibus
338 1612 503 1684 inclinati,
520 1627 635 1688 pacem
656 1611 764 1688 ipsam
784 1612 855 1673 sive
877 1627 962 1674 eon·
1016 1610 1108 1672 dium
1135 1610 1262 1672 iaciens
1289 1626 1333 1672 ex
1360 1615 1512 1688 utroque,
1536 1627 1655 1689 aspera
1678 1613 1714 1674 in
1736 1615 1811 1676 vias

167 1709 327 1781 cordiam,
341 1709 428 1770 sicut
440 1707 577 1786 provide
592 1706 678 1771 facta
694 1709 746 1770 est
762 1708 796 1769 et
809 1707 850 1768 ah
868 1707 963 1768 utra·
1017 1705 1134 1782 planas
1159 1707 1193 1768 et
1218 1721 1321 1782 prava
1347 1705 1461 1782 dirigit
1482 1707 1519 1768 in
1542 1707 1669 1770 directa
1694 1709 1727 1770 et
1750 1709 1810 1772 lite

168 1823 232 1884 que
248 1807 342 1883 parte
354 1806 472 1882 sponte
486 1805 678 1886 recepta„et
691 1805 770 1866 hinc
784 1804 862 1866 inde
871 1807 963 1881 jura·
1018 1801 1225 1864 contusionis
1240 1802 1402 1879 implicita
1417 1802 1587 1880 explicans
1596 1805 1628 1866 et
1637 1804 1809 1880 dirimens,

1017 1899 1108 1962 litem
1122 1899 1229 1976 ipsam
1244 1899 1286 1961 ad
1301 1900 1409 1961 cerias
1424 1900 1602 1975 imaginem
1622 1902 1656 1963 et
1669 1899 1811 1964 rectitu-

168 1999 247 2062 iude
263 1999 421 2084 conlectis
444 1998 575 2076 plenius
591 1999 780 2060 continetur
799 1996 860 2077 (1),
876 2013 962 2059 auc-

169 2095 962 2174 toritatehpostclicaconfirmamusetpraesentis

170 2193 288 2270 scripti
303 2194 489 2270 patrocinio
506 2192 758 2254 communimus.
774 2191 868 2254 Nulli
882 2207 961 2267 ergo

169 2289 271 2352 liceat
280 2305 365 2352 ausu
377 2290 555 2352 temerario
570 2288 657 2351 hanc
669 2289 824 2365 paginam
839 2291 962 2352 nostrae

170 2386 433 2450 confirmationis
449 2386 643 2462 intringere,
659 2387 722 2448 etc.
744 2387 862 2448 Datum
884 2387 962 2462 Sig-

170 2483 248 2561 niae,
273 2487 317 2546 IV
336 2484 497 2546 kalendas
520 2483 727 2563 septembris,
750 2484 962 2560 pontificatus

1017 1995 1104 2057 dinis
1128 2011 1278 2058 normam
1293 1996 1432 2073 provida
1445 1997 1656 2062 distinctIone
1668 1999 1810 2075 reducit,

1018 2091 1055 2152 ut
1068 2105 1141 2168 quae
1161 2091 1239 2152 sunt
1261 2089 1402 2153 Caesaris
1428 2092 1564 2165 Caesari,
1585 2094 1618 2155 et
1640 2097 1813 2172 quaesunt

1017 2187 1077 2250 Dei
1091 2190 1160 2250 Deo
1175 2203 1323 2263 congrua
1348 2187 1596 2266 dispensatione
1617 2189 1810 2256 reddantur.

1019 2285 1106 2346 Sane
1116 2301 1218 2363 quum
1233 2285 1284 2346 est
1293 2285 1481 2362 principum
1493 2286 1627 2364 imperii
1640 2291 1812 2352 Romania

1016 2382 1195 2444 insolentia
1225 2382 1436 2456 contutanda,
1471 2383 1663 2461 hujusmodi
1694 2386 1813 2450 consu-

1018 2479 1122 2541 sionis
1141 2479 1319 2542 inoleverit
1331 2481 1531 2557 corruptela,
1553 2484 1691 2546 utnunc
1710 2484 1812 2548 iidem

1017 2577 1104 2640 bona
1121 2576 1312 2640 conferrent
1336 2578 1503 2651 ecclesiis,
1520 2580 1554 2642 ei
1567 2595 1656 2642 nime
1670 2597 1710 2644 ea
1727 2580 1811 2658 ipsis

1018 2674 1187 2736 auferrent
1201 2691 1261 2752 pro
1283 2689 1352 2736 suae
1371 2674 1466 2738 libito
1480 2676 1674 2748 voluntatis,
1690 2679 1722 2740 et
1736 2680 1810 2740 col-

1017 2771 1086 2834 lata
1104 2771 1272 2849 praecipue
1293 2771 1436 2834 abbatiis
1447 2773 1545 2848 juxta
1565 2773 1812 2850 beneplacitum

1019 2883 1115 2930 suum
1129 2869 1273 2945 propriis
1288 2868 1402 2930 usibus
1413 2869 1631 2945 applicarent,
1647 2886 1687 2932 ac
1702 2872 1812 2934 Graeci

1018 2965 1148 3043 praelati
1180 2964 1323 3042 receptis
1358 2966 1552 3028 muneribus
1580 2968 1812 3032 indifferenter

1019 3060 1182 3140 quoslibet
1208 3062 1250 3124 ad
1265 3063 1486 3125 sacerdotium
1513 3068 1761 3140 promoverent,
1778 3067 1811 3130 et

1019 3159 1158 3222 dilectus
1184 3159 1272 3220 tilius
1296 3159 1418 3222 nobilis
1445 3161 1499 3222 vir
1519 3164 1556 3222 e.
1573 3162 1613 3224 de
1647 3162 1812 3226 VillaAr-

170 2581 277 2644 nostri
290 2597 378 2644 anno
393 2582 520 2644 octavo.

887 2711 941 2760 «aa

548 2865 584 2952 X

170 3019 222 3078 Ad
242 3017 514 3090 archiepiscopos
542 3015 575 3076 et
602 3017 788 3090 episcopos,
820 3015 897 3086 etc,
926 3015 964 3075 ta

212 3115 311 3175 terra
331 3115 452 3175 nobilis
472 3114 543 3173 otri
558 3115 718 3186 &artoldi
733 3115 773 3173 dc
798 3110 881 3173 Villa
895 3113 964 3172 Ar-

212 3213 310 3272 catat
319 3212 489 3286 praecipis
502 3212 650 3270 Achatae.

437 3339 455 3396 t
468 3337 606 3412 septemb.
617 3338 696 3397 litt.

304 3461 383 3528 [eun.
396 3461 562 3520 Romamod.
578 3463 665 3522 Taua,
678 3461 722 3526 lll,
735 3473 761 3512 n.
772 3461 839 3547 illd]

172 3589 291 3648 Pactum
309 3588 371 3646 sive
396 3587 627 3656 conventionem,
644 3593 743 3644 maore
761 3587 824 3661 ejus
835 3587 962 3657 inserto,

207 3680 281 3735 inter
302 3675 532 3748 archiepiscopos
559 3681 589 3732 et
614 3675 764 3748 episcopos
785 3681 814 3732 et
840 3675 963 3748 capitula

1019 3257 1112 3318 dnini
1133 3257 1287 3334 princeps
1301 3257 1437 3320 Achaiae
1463 3258 1593 3320 innisus
1621 3259 1812 3338 hujusmodi

1018 3354 1214 3433 corruptela
1235 3354 1386 3418 abbatias
1411 3356 1444 3418 et
1461 3357 1689 3432 possessiones
1703 3358 1813 3422 eccle·

1019 3447 1174 3515 siasticas
1187 3452 1223 3514 in
1237 3453 1307 3513 suis
1321 3452 1475 3514 manibus
1486 3454 1646 3528 retinens,
1671 3458 1705 3519 et
1715 3455 1810 3518 irue-

1018 3551 1072 3613 tus
1086 3566 1202 3612 earum
1212 3549 1356 3628 propriis
1369 3549 1483 3612 usibus
1494 3551 1677 3629 applicans,
1690 3554 1723 3616 ei
1737 3555 1814 3631 qui-

1018 3647 1080 3710 bus
1098 3647 1232 3712 volebat
1254 3664 1313 3724 pro
1339 3645 1433 3710 libito
1465 3647 1636 3722 tribuens,
1673 3653 1811 3727 papates

207 3763 373 3824 sommam
392 3765 421 3820 rn
435 3764 518 3836 prora
544 3761 823 3824 carrucatam
845 3762 965 3822 neuin
1018 3747 1186 3823 tamquam
1209 3745 1352 3806 rusticos
1372 3746 1542 3817 retineret,
1567 3746 1645 3822 quia
1666 3748 1811 3811 monitus

207 3853 344 3926 principis
364 3851 481 3909 Achaiae
495 3851 565 3910 citra
585 3865 702 3924 passum
720 3853 846 3925 Megara
864 3851 962 3910 conn-
1019 3843 1060 3904 ab
1084 3841 1246 3905 abolenda
1279 3842 1467 3918 corruptela
1496 3841 1653 3918 praedicta
1678 3843 1812 3908 nolebat

149 3999 151 4004 ,
208 3939 328 4000 rbiemis
352 3938 521 3997 constitutos
538 3953 573 3996 ex
587 3945 666 4010 parte
680 3952 748 4009 uua,
771 3947 801 3997 ct
820 3953 963 3998 memora·
1019 3940 1189 4012 desistere,
1216 3939 1325 4015 ipsum
1347 3938 1511 4012 contingit
1534 3941 1808 4004 excommunica-

208 4035 268 4087 tum
283 4027 441 4104 principem
456 4040 490 4084 ⁸0
504 4039 572 4084 ⁸¹¹⁰⁸
586 4040 623 4084 0²1
636 4026 734 4096 altera,
751 4042 837 4100 ⁸⁰90?
847 4027 963 4084 univer·
1019 4037 1120 4100 tionis
1133 4036 1252 4112 laqueo
1267 4033 1440 4108 innodari;
1455 4034 1511 4096 sed
1525 4036 1634 4098 tactus
1645 4036 1686 4098 ab
1698 4052 1738 4098 eo
1753 4038 1812 4116 qui

208 4115 249 4174 sia
269 4116 398 4174 ecclesiis
421 4115 531 4187 positis,
551 4114 612 4171 sive
635 4114 707 4184 sitis,
728 4115 774 4171 vel
795 4112 919 4174 fundatis
935 4115 964 4172 iu
1018 4134 1127 4210 pangit
1140 4133 1269 4194 montes
1283 4133 1317 4194 et
1331 4131 1502 4207 fumigant,
1516 4147 1631 4196 seman
1644 4134 1731 4196 datis
1743 4137 1811 4198 Ec„

208 4202 410 4262 Thessalonica
420 4199 794 4274 usquecorinthumiactam
804 4201 963 4261 confirmat.
1020 4231 1132 4293 clesiae
1153 4228 1271 4292 obtulit
1285 4229 1412 4291 saniori
1427 4245 1507 4290 usus
1522 4229 1666 4292 consilio
1681 4233 1812 4308 paritu-

213 4327 576 4405 ilonoriusepiscopus,
588 4343 704 4390 servus
713 4343 886 4391 servorum
893 4329 963 4404 Dei,
1020 4344 1105 4390 rum.
1121 4329 1161 4390 nt
1174 4327 1251 4404 quia
1263 4326 1435 4418 humiliter
1449 4321 1663 4390 redeuntibus
1677 4344 1745 4392 non
1759 4331 1811 4394 est

209 4469 250 4544 (l)
270 4469 352 4527 Pacis
370 4469 589 4526 instmmeutum
605 4467 735 4552 vulgavit
756 4467 827 4526 lud.
846 4469 965 4526 dtame-
1021 4469 1156 4527 tationem
1171 4475 1200 4526 et
1214 4467 1440 4537 translationem,
1454 4475 1482 4526 et
1498 4467 1696 4527 remissionem
1715 4477 1744 4528 et
1758 4469 1810 4528 ab·

174 4557 246 4599 recu
262 4541 286 4596 le
298 4541 411 4623 Fetere,
427 4540 455 4596 in
471 4536 618 4596 feodorum
632 4539 754 4612 origine,
773 4537 861 4598 iri-iol.
885 4539 964 4610 1652,
1017 4540 1200 4624 jurationem,
1220 4552 1292 4610 quas
1312 4539 1366 4619 ipsi
1384 4539 1547 4622 'theobaldo
1560 4541 1657 4598 comiti
1675 4547 1704 4598 ct
1718 4540 1809 4623 haere·

175 4608 598 4762 patgligss'liilapdlrilsotigoffllgrla
611 4685 643 4762 et
654 4677 801 4762 carissima
816 4693 887 4736 uxor
901 4695 966 4738 mea
1020 4610 1812 4762 gihiilsugfficgoffiirgaafflilliasrrucircgssdgfniitisswgnd'lessetcgggi

175 4751 316 4834 Philippa,
336 4757 435 4807 notum
454 4748 575 4808 iacimus
595 4763 737 4807 universis
751 4759 907 4822 praesentes
918 4750 964 4807 lit·
1021 4751 1163 4824 palatius,
1177 4764 1263 4821 super
1274 4749 1455 4806 comitatibus
1471 4749 1633 4822 Campania
1645 4757 1674 4806 et
1686 4751 1767 4819 Brrae,
1783 4757 1812 4807 et

174 4829 251 4881 teras
265 4835 310 4877 ms
331 4821 445 4888 ecturis,
460 4819 535 4901 quod
549 4819 857 4878 carissimusdomiuus
870 4829 967 4878 noster
1020 4818 1303 4904 corumpertinentiis
1304 4861 1371 4890 ......
1380 4820 1812 4892 (Desuutuounuliavocabula.)

174 4835 354 4950 'theobaldus
382 4891 497 4972 illustris
524 4904 622 4972 comes
648 4891 811 4962 Campaniae
839 4899 867 4948 et
894 4891 967 4948 Bria
1021 4893 1077 4972 nisi
1096 4891 1151 4948 alia
1169 4890 1246 4962 iusta
1269 4897 1297 4972 et
1320 4889 1497 4946 rationabilis
1519 4904 1616 4957 causa,
1630 4903 1716 5016 9f¹¹³¹¹¹
1737 4889 1812 4950 dicta

175 4963 327 5037 palatinus,
343 4966 372 5017 ct
384 4960 499 5016 illustris
514 4959 628 5016 domina
644 4960 768 5018 Blancha
788 4969 879 5018 mater
893 4963 965 5034 ejus,
1021 4961 1139 5036 quitatio
1151 4967 1181 5018 et
1190 4959 1315 5027 donatio,
1330 4966 1415 5026 esset,
1429 4973 1517 5032 quare
1529 4959 1620 5017 dictus
1656 4958 1813 5018 heobaldus

175 5033 320 5092 comitissa
334 5031 483 5088 'trecensis
498 5029 785 5103 palatina,dederunt
804 5039 833 5088 et
846 5045 964 5088 conces·
1021 5047 1118 5090 coines
1142 5038 1170 5088 et
1193 5029 1322 5087 heredes
1342 5045 1378 5087 ex
1399 5045 1516 5101 corpore
1539 5030 1628 5102 ipsius
1650 5032 1813 5089 successive

176 5110 275 5161 serunt
287 5101 443 5160 carissimae
462 5101 543 5156 uxori
561 5115 633 5157 meae
652 5100 791 5183 Philippa
809 5109 837 5158 et
851 5117 965 5160 succes·
1021 5100 1238 5168 descendentes,
1256 5107 1285 5158 et
1299 5100 1373 5158 dicta
1391 5099 1516 5159 Blaucha
1531 5100 1687 5172 comitissa,
1703 5101 1740 5158 ad
1751 5101 1811 5160 dic·

176 5175 237 5232 sive
251 5169 490 5230 descendentibus
508 5183 677 5242 excerpere
700 5171 789 5254 ipsius
806 5171 967 5230 haeredibus
1021 5181 1081 5231 tum
1105 5169 1219 5229 leodum
1239 5169 1375 5228 deberent
1393 5170 1504 5244 dejure
1519 5185 1662 5228 assenare.
1682 5173 1714 5231 lu
1733 5173 1814 5245 cujus

176 5245 389 5317 inperpetuum
410 5240 487 5298 mille
505 5247 535 5298 et
548 5239 686 5298 ducentas
699 5241 816 5298 libratas
835 5248 918 5300 terra
938 5243 967 5298 in
1021 5244 1062 5301 rei
1077 5241 1271 5300 testimonium
1282 5255 1339 5314 ego
1353 5239 1479 5298 litardus
1489 5248 1517 5298 et
1532 5254 1588 5314 ego
1602 5240 1732 5314 Philippa
1742 5257 1813 5314 prce-

176 5313 289 5373 leoduni
309 5313 423 5386 ligium,
485 5325 517 5368 as
540 5311 617 5368 mille
639 5317 669 5368 et
689 5309 827 5369 ducentas
852 5313 968 5370 libratas
1021 5319 1132 5372 sermm
1147 5319 1254 5370 cartam
1276 5311 1339 5368 lieri
1357 5311 1499 5368 voluimus
1520 5318 1549 5368 et
1569 5311 1729 5384 sigillorum
1745 5326 1812 5371 nos·

176 5393 258 5442 terrm
272 5382 454 5441 dictusTheo
475 5381 556 5438 aldus
569 5395 677 5449 comes,
693 5379 807 5440 etdicta
822 5382 967 5440 comitissa
1022 5392 1129 5442 trorum
1154 5383 1304 5454 prasentia
1331 5381 1467 5438 roborari.
1492 5382 1594 5439 Actum
1616 5397 1691 5440 auno
1714 5384 1816 5454 gratiae

177 5461 267 5512 mater
280 5454 353 5529 ejus,
369 5465 427 5508 non
443 5457 561 5524 possunt
580 5465 715 5508 revocare
730 5452 792 5510 sive
811 5452 968 5510 reclamare
984 5453 987 5462 '
1022 5451 1184 5521 Mtdxxil,
1198 5467 1297 5509 meuse
1309 5449 1460 5520 februario,
1473 5460 1573 5524 quarta
1589 5450 1658 5510 teria
1678 5459 1741 5524 post
1757 5455 1811 5509 Pu·

176 5525 301 5594 decreto,
317 5537 371 5580 nec
390 5521 519 5580 haeredes
536 5535 572 5578 ex
590 5536 709 5593 corpore
726 5521 881 5581 theobaldi
901 5537 967 5581 suc·
1023 5523 1209 5583 riflcatiouem
1233 5522 1324 5580 beatae
1342 5523 1438 5581 llariae
1458 5521 1547 5593 (auno
1567 5523 1658 5594 1223).
1684 5545 1695 5572 ι
1723 5523 1810 5595 (Bou-

177 5596 287 5654 cesslre
300 5592 517 5662 descendentes,
532 5598 646 5666 propter
658 5591 852 5665 donatiouem,
865 5600 893 5651 et
904 5594 965 5668 qui·
1023 5597 1114 5668 quot.)
