4244 6374
135 309 195 370 545

136 465 272 542 dignum
293 464 382 525 esset
405 480 424 526 a
448 459 644 526 celsitudine
663 461 721 522 tua
744 461 927 534 serendum,

137 561 166 622 si
180 560 331 638 praedicti
346 560 520 621 occasione
535 557 736 636 hujusmodi,
751 557 838 618 uude
851 573 930 634 gra·

134 658 182 719 tia
194 660 253 719 tua
264 656 437 718 reddidere
450 672 486 716 se
501 655 629 730 dignos,
646 654 791 731 aliquem
803 655 839 715 in
852 670 930 730 per-

135 755 239 826 sonia,
253 753 305 815 vel
320 752 419 814 rebus
436 751 505 813 suis
520 751 708 812 molestiam
722 751 925 827 paterentur,

136 852 279 913 sciturus
303 850 389 928 quod
416 850 444 910 si
470 865 513 909 ex
536 849 600 910 hoc
622 849 700 909 illos
722 850 929 924 contingeret

135 948 317 1018 molestari,
356 947 473 1007 merito
503 961 687 1021 possemus,
724 945 810 1022 quod
841 945 927 1006 idem

135 1042 374 1121 primogenitus
385 1042 462 1103 tuus
473 1041 563 1103 circa
577 1041 801 1118 receptionem
812 1039 927 1101 exorta

135 1157 204 1202 suae
226 1139 391 1200 mandatis
415 1139 539 1200 nostris
563 1139 678 1200 contra
698 1139 789 1198 tuam
808 1137 929 1199 volun-

133 1236 236 1298 tatem
264 1236 423 1313 paruerit,
456 1235 630 1311 suspicari.
664 1237 772 1306 Quare
799 1229 928 1294 sere'ni-

133 1335 235 1395 tatem
248 1332 339 1393 tuam
349 1347 533 1404 monemus,
545 1347 702 1407 rogamus
713 1331 747 1392 et
755 1330 928 1392 hortamur

135 1430 269 1501 attente,
294 1430 457 1506 quatenus
479 1428 637 1505 praedicto
659 1428 782 1498 comiti,
804 1428 837 1489 et
850 1426 927 1488 aliis

133 1526 281 1588 favorem
296 1526 390 1587 tunm
405 1525 583 1587 ostendens
601 1526 634 1587 et
650 1525 791 1601 gratiam
804 1538 864 1600 per
878 1523 929 1584 el-

133 1623 267 1696 lectum,
285 1625 318 1684 et
329 1623 365 1684 tu
382 1623 418 1683 in
433 1623 525 1683 nullo
545 1623 594 1683 eis
611 1621 770 1683 molestus
785 1621 925 1693 existam

133 1721 168 1782 et
182 1721 307 1782 attente
317 1719 506 1797 providens,
524 1735 565 1780 ne
579 1719 704 1796 quisad
716 1717 927 1779 eorumbene

133 1814 313 1878 minuenda
324 1830 441 1876 manus
453 1815 624 1886 extendam
641 1815 687 1876 ita
699 1813 784 1890 quod
797 1813 927 1875 sincera

134 1927 214 1987 erga
233 1909 338 1974 filium
359 1913 453 1974 tuum
472 1911 682 1988 paternitatis
699 1911 832 1972 affectio
845 1911 878 1972 et
892 1911 927 1970 in

134 2024 207 2080 sua,
234 2010 266 2071 et
286 2010 322 2070 in
342 2009 476 2070 illorum
498 2007 649 2085 personis
671 2008 797 2086 liquido
824 2007 928 2085 possit

134 2105 283 2181 agnosci.
299 2106 417 2168 Datum
432 2106 471 2168 ut
486 2120 605 2180 supra.

445 2399 617 2487 GXXXH

232 2552 285 2612 Ad
296 2552 471 2612 andream
486 2565 604 2626 regem
620 2552 824 2626 Euagorae.

391 2681 422 2737 tl
440 2677 573 2736 februarii
590 2681 668 2737 ital.

296 2802 389 2866 [Fejen
400 2801 461 2852 Cod.
475 2801 592 2866 diplom„
608 2803 651 2856 ΙΙΙ,
666 2817 683 2860 l,
695 2797 762 2868 tan]

133 2919 205 2976 Eum
215 2915 343 2974 hortatur
353 2923 383 2973 ut
392 2917 490 2974 Belem
500 2931 599 2990 regem
611 2917 831 2988 primogenitum
842 2917 926 2974 suum

168 3005 401 3063 commendatum
413 3005 518 3062 habeat
532 3013 560 3061 et
573 3003 608 3062 ad
621 3005 683 3077 eius
695 3012 723 3062 et
733 3020 849 3062 suorum
861 3021 925 3079 pro·

168 3094 307 3151 visionem
322 3092 473 3151 honestem
487 3092 523 3149 de
540 3107 630 3165 reguo
645 3107 697 3149 suo
711 3093 737 3150 ei
752 3101 845 3152 certos
859 3095 923 3152 red·

168 3178 244 3239 ditus
257 3181 395 3254 assignet.

172 3307 352 3380 Honorius,
369 3307 445 3379 etc,
462 3307 614 3380 salutem,
631 3307 693 3369 etc.

172 3405 305 3466 Ventris
327 3421 348 3465 a
367 3405 462 3466 nobis
486 3405 618 3466 viscera
638 3407 922 3481 commendantur,

131 3502 211 3562 dum
226 3501 435 3562 carissimum
452 3502 489 3562 in
504 3501 634 3562 Christo
653 3503 756 3563 illium
775 3506 924 3565 nostrum

131 3600 169 3658 Β.
186 3613 309 3673 regem,
326 3599 583 3675 primogenitum
601 3601 706 3671 tuum,
724 3601 780 3677 qui
795 3617 854 3677 pro
871 3618 921 3674 eo,

131 3695 219 3770 qnod
235 3687 373 3757 'trxorem
393 3711 487 3756 suam
503 3695 543 3756 ad
567 3696 758 3758 mandatum
773 3699 923 3760 nostrum

130 3792 268 3868 recepit,
289 3795 423 3853 coactus
444 3794 495 3854 est
515 3791 550 3853 in
573 3795 697 3854 terram
718 3793 840 3855 nobilis
859 3797 924 3857 riri

132 3887 228 3948 ducis
240 3889 395 3960 Austriae,
412 3904 448 3950 se
461 3888 637 3962 tranferre,
652 3893 718 3952 tuae
733 3891 924 3954 celsitudini

129 3984 409 4049 commendamus.
426 3986 476 4046 Ne
488 3986 591 4061 igitur
600 3988 702 4062 regiae
713 3988 923 4064 displicuisse

131 4081 303 4143 serenitati
323 4080 488 4152 credatur,
504 4083 590 4158 quod
605 4085 783 4159 praedictus
798 4087 924 4163 primo-

102 4243 105 4252 ,
128 4178 263 4252 genitus
277 4179 354 4240 tuus
369 4178 492 4238 nostris
508 4178 678 4242 humiliter
695 4181 807 4256 paruit
822 4182 924 4244 bene-

128 4274 275 4352 placitis,
298 4275 332 4336 et
352 4274 531 4350 mandatis3
550 4277 641 4338 tuam
660 4277 805 4354 proiecto
829 4280 934 4342 decet.

129 4371 351 4448 prudentiam,
373 4373 409 4433 ut
432 4372 472 4432 de
494 4373 652 4448 praedicto
672 4374 740 4436 illio
756 4377 824 4447 tuo,
846 4376 922 4439 dum

128 4469 269 4530 interra
291 4471 440 4530 moratur
456 4468 577 4542 aliena,
600 4471 708 4532 Patris
730 4471 850 4534 affectu
866 4489 923 4536 co-

127 4563 215 4641 gites
229 4568 376 4642 assuete,
393 4565 502 4642 ipsum
515 4567 602 4628 sicut
611 4568 696 4630 tanti
706 4569 795 4645 regis
804 4570 920 4644 illium,

129 4740 198 4798 inde
213 4739 330 4799 iecerint
341 4758 376 4800 ex
395 4751 474 4815 parte
489 4752 595 4802 nostru.
610 4747 642 4804 ln
662 4746 743 4820 cujus
758 4746 853 4816 iidem,
866 4756 920 4807 etc.

129 4813 215 4870 Teste
245 4813 301 4868 mei
322 4829 354 4870 so
383 4815 457 4870 aud
484 4817 596 4873 Novum
625 4818 773 4889 l'emplum
808 4819 920 4876 Londo-

128 4883 242 4950 niense,
311 4886 376 4942 vlll
392 4830 438 4940 (Ile
453 4886 560 4954 aprilis,
579 4901 654 4942 anno
669 4890 752 4960 regui
767 4891 857 4946 nostri
872 4905 920 4948 oc·

130 4960 208 5021 tero,
224 4967 320 5010 coram
335 4954 452 5011 domino
473 4957 669 5014 cantuariensi
694 4959 872 5031 archiepisco
893 4977 920 5028 o,

130 5022 257 5080 Huberto
267 5023 302 5079 de
322 5025 417 5096 Burgo
428 5023 596 5096 iusticiario,
612 5034 640 5082 et
652 5029 676 5084 J.
699 5029 882 5087 Bathoniensr
894 5037 923 5087 et

130 5094 165 5149 R.
182 5093 315 5151 Serume
334 5095 449 5166 iscopis.
468 5115 479 5144 ι

167 5163 245 5230 Item,
266 5164 303 5218 t'b'
323 5180 374 5220 cm.
393 5186 404 5214 ‹
422 5167 482 5222 lien
496 5166 704 5224 venerabilibus
721 5169 790 5226 viris
808 5177 837 5227 et
851 5173 922 5228 umi-

130 5231 173 5289 cis
188 5233 215 5288 iu
231 5232 340 5290 Christo
351 5236 516 5304 carissimis,
532 5236 747 5310 archiepiscopo
764 5241 922 5298 senonensi

131 5309 161 5358 et
176 5304 310 5376 episcopo
328 5305 543 5374 silvanectensi,
559 5309 690 5365 salutem.
712 5311 812 5367 Grates
826 5320 919 5382 pater·

130 5373 212 5430 nitati
228 5380 330 5430 vestra
347 5374 495 5432 referimus
518 5377 554 5434 de
576 5378 710 5451 hisquae,
733 5378 768 5436 de
788 5380 923 5439 mandato

130 5443 241 5524 domini
263 5445 357 5516 Pepte,
378 5447 460 5504 nobis
474 5447 593 5506 duxlstis
616 5465 664 5522 por
685 5451 792 5507 litteras
814 5460 923 5508 vestras

130 5511 300 5576 intimanda.
312 5514 348 5571 de
362 5518 470 5590 treugis
485 5519 557 5575 inter
569 5519 714 5577 dominum
728 5535 826 5594 regem
837 5523 922 5579 Fren-

130 5584 184 5639 ciae
204 5589 232 5640 ct
258 5597 310 5640 nos
338 5588 591 5660 prorogandam
619 5591 700 5647 vobis
726 5592 924 5664 signillcemus

259 5723 372 5766 rnrnot.
390 5725 462 5768 retra
476 5713 523 5772 ΙΙΙ.

741 302 967 366 EPISTOLAE.
992 303 1069 363 LIB.
1094 305 1180 364 VIII.

1720 303 1780 362 546

984 461 1016 522 et
1030 463 1156 538 partem
1171 463 1303 523 tuorum
1317 462 1493 532 viscerum,
1510 460 1654 536 benigne
1666 459 1779 522 acho-

984 561 1077 619 neste
1091 558 1275 628 tractando,
1293 573 1332 620 ac
1347 557 1378 618 ei
1397 556 1590 628 liberaliter,
1611 558 1698 618 unde
1713 557 1778 618 albi

983 656 1016 717 et
1039 656 1109 715 suis
1134 654 1289 716 decenter
1313 654 1488 730 providere
1512 655 1633 725 valeat,
1660 656 1776 731 provi-

983 751 1100 812 dendo.
1118 756 1227 824 Quare
1247 751 1459 812 serenitatem
1481 751 1571 812 tuam
1591 767 1775 822 monemus,

982 863 1138 923 rogamus
1154 848 1186 909 et
1200 850 1374 910 hortamur
1388 848 1524 919 attente,
1544 853 1717 924 quatenus⁴
1736 865 1777 909 ne

982 946 1157 1022 quisquam
1172 946 1336 1021 suspicari
1351 946 1474 1013 valeat,
1491 945 1576 1022 quod
1597 944 1686 1004 iilius
1701 946 1777 1007 tuus

982 1043 1170 1118 praedictus,
1181 1042 1276 1104 nobis
1288 1043 1405 1104 devote
1416 1042 1573 1118 parend0,
1586 1047 1675 1103 certe
1685 1045 1777 1104 tuam

982 1137 1096 1200 iecerit
1125 1140 1343 1214 voluntatem3
1379 1140 1436 1200 sed
1470 1141 1580 1216 potius
1616 1141 1775 1217 tanquam

982 1236 1137 1313 princeps
1148 1236 1561 1298 catholicusindevotione
1572 1237 1666 1297 Sedis
1677 1241 1778 1314 Apos-

981 1331 1090 1392 tolicae
1109 1332 1278 1393 radicatus
1297 1331 1419 1394 iactum
1442 1333 1632 1409 hujusmodi
1647 1334 1777 1396 hebue-

981 1429 1040 1500 riS,
1065 1429 1151 1491 sicut
1179 1445 1362 1506 speramus,
1389 1431 1578 1506 acceptum;
1602 1433 1777 1508 paternam

982 1524 1191 1585 affectionem
1206 1525 1248 1586 ad
1260 1526 1353 1587 illum
1368 1542 1427 1602 per
1439 1527 1593 1589 effectum
1603 1526 1774 1601 exhibeas,

981 1621 1015 1681 et
1029 1621 1070 1681 ad
1086 1637 1191 1692 suam,
1208 1623 1241 1683 et
1259 1637 1395 1683 suorum
1410 1623 1633 1699 provisionem
1649 1625 1775 1686 hones-

981 1718 1050 1778 tam
1069 1718 1109 1778 de
1129 1734 1233 1795 regno
1254 1720 1311 1781 tuo
1326 1719 1475 1781 redditus
1494 1720 1526 1780 ei
1552 1724 1660 1782 certos
1686 1723 1775 1782 assi-

982 1815 1141 1889 gnes3ita
1152 1814 1238 1891 quod
1249 1815 1510 1890 magnitudinem
1521 1817 1774 1880 etdevotionem

982 1911 1073 1972 tuam
1098 1911 1134 1971 in
1160 1912 1301 1973 Domino
1331 1913 1562 1974 commendare
1589 1915 1772 1990 possimus;

981 2022 1042 2068 neo
1055 2008 1231 2085 quisquam
1245 2008 1285 2068 de
1299 2009 1332 2070 te
1345 2009 1448 2080 aliud,
1463 2025 1561 2087 quam
1573 2011 1613 2071 de
1624 2011 1775 2089 principe

982 2104 1146 2166 catholico
1166 2105 1199 2167 et
1216 2105 1334 2168 devoto
1355 2106 1518 2184 suspicari
1534 2111 1680 2184 cogatur.
1699 2111 1775 2171 Sci-

981 2202 1076 2262 turus
1093 2202 1174 2263 satIs
1188 2218 1277 2278 aegre
1290 2219 1349 2263 nos
1364 2202 1463 2276 ferre,
1479 2203 1564 2280 quod
1578 2206 1775 2281 saepedictus

982 2295 1070 2358 lilius
1086 2299 1163 2359 tuus
1177 2299 1218 2360 de
1235 2299 1421 2361 devotioniS
1441 2303 1474 2362 et
1495 2301 1690 2363 obedientia
1705 2319 1774 2364 suae

982 2395 1110 2468 merito,
1126 2396 1213 2457 unde
1224 2396 1319 2460 debet
1334 2397 1458 2460 sentire
1468 2399 1621 2474 gratiam,
1634 2400 1776 2462 sustinet

982 2491 1226 2554 detrimentum.
1242 2495 1360 2556 Datum
1373 2495 1540 2570 Laterani,
1555 2499 1599 2556 lll
1614 2497 1774 2558 kalendas

982 2590 1104 2663 martii,
1121 2605 1210 2652 anno
1225 2591 1352 2653 octavo.

1278 2886 1474 2974 CXXXHI

980 3034 1032 3093 Ad
1052 3035 1237 3096 leobertane
1256 3039 1451 3110 abacorum
1473 3039 1771 3112 vesprimiensem.

1234 3166 1269 3223 ²2
1284 3164 1417 3226 [obruerit
1436 3167 1513 3226 llll.

1145 3286 1237 3352 [Fejen
1248 3287 1308 3338 Cod.
1322 3289 1440 3354 diplom,
1453 3291 1497 3350 III,
1510 3305 1528 3351 l,
1539 3289 1606 3356 isa]

980 3401 1121 3460 Honorius
1140 3402 1261 3460 lieberto
1280 3404 1415 3477 episcopo
1429 3405 1637 3478 vesprimiensi
1652 3415 1683 3465 ut
1697 3409 1772 3466 Bclae

1014 3491 1086 3564 regi,
1107 3490 1142 3547 ad
1164 3491 1349 3552 evertendum
1369 3492 1530 3565 divortium,
1554 3496 1627 3552 ultro
1659 3512 1772 3570 quoque

1013 3579 1175 3650 opituletur,
1191 3581 1384 3638 commendat.

1016 3706 1687 3782 Honoriusepiscopus,servasservorum
1699 3711 1769 3783 Dei,

978 3801 1161 3862 venerabili
1196 3801 1303 3874 tratri,
1336 3803 1491 3879 episcopo
1516 3806 1768 3882 vesprimiensi,

978 3899 1164 3959 salutemet
1177 3898 1400 3975 ApostoIIcam
1414 3898 1688 3963 benedictionem.

1018 3996 1273 4057 Fraternitatem
1306 3984 1398 4056 tuam
1424 3997 1534 4074 dignis
1562 4000 1597 4060 in
1631 4003 1770 4067 Domino

977 4089 1131 4150 laudibus
1169 4090 1454 4164 commendamus,
1495 4094 1581 4170 quod
1617 4097 1703 4158 sicut
1728 4115 1772 4160 ex

978 4187 1071 4264 parte
1095 4185 1263 4247 carissimi
1291 4187 1326 4248 in
1347 4187 1477 4250 Christo
1508 4189 1570 4251 tilii
1589 4195 1706 4268 nostri,
1731 4197 1768 4258 Β.

976 4283 1066 4358 regis
1086 4283 1298 4360 primogeniti
1313 4283 1479 4347 carissimi
1500 4288 1536 4348 in
1556 4290 1685 4354 Christo
1708 4293 1771 4354 tilii

977 4380 1083 4441 nostri
1098 4380 1279 4454 Hungariae
1294 4382 1384 4458 regis
1395 4382 1547 4458 illustris,
1564 4385 1625 4449 iuit
1644 4406 1769 4466 propo·

977 4476 1076 4537 situm
1103 4491 1216 4537 coram
1244 4477 1350 4550 nobis,
1376 4479 1413 4540 tu
1437 4481 1545 4542 eidem
1565 4485 1602 4542 B.
1626 4487 1708 4560 regi,
1737 4489 1771 4550 et

978 4573 1075 4634 uxori
1093 4589 1162 4634 suae
1175 4589 1305 4651 semper
1320 4574 1461 4637 fideliter
1475 4577 1621 4652 astitisti,
1637 4598 1698 4658 pro
1717 4583 1770 4660 ip-

977 4748 1051 4821 quod
1076 4750 1195 4807 nuncios
1214 4759 1336 4819 nostros,
1360 4767 1410 4823 per
1428 4753 1479 4809 Dei
1494 4753 1627 4826 gretiam,
1647 4757 1683 4816 ad
1697 4772 1765 4816 cou-

976 4821 1072 4876 cilium
1087 4821 1248 4878 Parisicuse
1264 4820 1299 4878 ad
1315 4829 1372 4879 tres
1390 4824 1566 4895 septimanas
1581 4825 1698 4884 Paschae
1710 4830 1770 4900 (do

977 4891 1081 4946 minica
1096 4893 1178 4948 tertia
1201 4899 1265 4963 post
1287 4891 1409 4964 Pascha)
1430 4894 1575 4951 mittemus
1593 4896 1628 4952 ad
1648 4899 1767 4957 audicu-

976 4959 1043 5016 dum
1059 4961 1125 5017 iude
1137 4975 1187 5032 per
1199 4977 1251 5018 vos
1262 4963 1435 5020 voluntatem
1451 4973 1479 5020 et
1494 4979 1661 5038 responsum
1677 4971 1768 5041 ipsius

975 5032 1200 5112 regisllraneiae.
1217 5033 1359 5090 Noveritis
1374 5041 1469 5090 autem
1485 5035 1561 5107 quod
1577 5052 1629 5095 nos
1646 5055 1702 5097 non
1723 5043 1765 5098 in-

976 5103 1058 5158 terim
1080 5102 1294 5182 intercrpiemus
1307 5117 1377 5175 erga
1397 5103 1490 5175 ipsum
1510 5121 1609 5180 regem
1629 5112 1675 5166 vel
1699 5127 1767 5170 suos

977 5173 1005 5226 in
1026 5173 1144 5244 treugis,
1167 5173 1221 5227 uisr
1245 5185 1280 5228 ex
1301 5181 1381 5244 parte
1404 5189 1455 5231 sua
1482 5178 1559 5248 prius
1580 5177 1663 5238 luerit
1686 5182 1771 5242 inter·

976 5249 1101 5312 ceptum.
1118 5244 1176 5299 Nos
1191 5248 1286 5298 autem
1312 5257 1346 5298 ex
1366 5251 1445 5314 parte
1460 5245 1567 5303 domini
1583 5251 1668 5322 Papae
1687 5268 1767 5311 man·

977 5311 1074 5369 datum
1087 5312 1250 5384 accepimus
1279 5325 1310 5368 er
1321 5314 1428 5370 litteras
1444 5331 1521 5385 suas,
1532 5317 1567 5374 de
1577 5323 1686 5394 treugis
1701 5340 1767 5396 pro·

977 5381 1113 5454 rogandis
1127 5397 1217 5454 usque
1232 5397 1247 5438 a
1301 5383 1509 5454 usdriennium,
1525 5389 1597 5446 sicut
1612 5392 1673 5464 ipse
1688 5409 1767 5452 rece·

977 5453 1028 5524 pit.
1048 5453 1131 5509 Teste
1148 5467 1216 5534 rege
1228 5397 1304 5534 apuI
1318 5455 1615 5530 westmonasterium,
1632 5464 1769 5523 vicesimo

978 5529 1079 5580 octavo
1091 5523 1137 5582 die
1153 5523 1260 5595 apnhs.
1279 5543 1292 5574 ι

1569 5723 1600 5780 ΙΒ
