4258 6394
317 220 379 286 339

319 383 389 446 tate
401 381 581 454 carentem,
594 377 653 445 sed
668 379 810 456 singule
828 377 979 456 pluribus
999 380 1113 456 patere

320 477 563 557 objectionibus
577 477 785 540 videbantur.
805 478 986 552 Propterea
998 477 1112 537 aben-

321 573 437 636 dentes
452 574 538 652 quod
552 574 587 635 in
602 573 751 652 partibus
766 572 834 633 illis
847 573 968 650 poterit
982 572 1113 649 plenius

321 671 364 734 de
387 671 655 748 contingentibus
681 671 849 746 negotIum
877 669 1048 746 indagari,
1073 669 1114 730 de

321 768 462 831 fratrum
488 769 677 830 nostrorum
701 767 841 828 consilio
864 767 1033 842 negotium
1061 767 1116 842 ip-

323 883 397 928 sum
411 867 530 928 vestrm
550 865 841 942 circumspectioni
856 865 1012 926 duximus
1024 878 1117 924 corn-

322 963 527 1025 mittendum.
540 963 703 1034 Quocirca
717 960 911 1023 dlseretioni
921 962 1041 1024 vestrae
1055 973 1116 1036 per

321 1059 512 1136 apostolica
523 1061 649 1136 scripta
671 1057 879 1131 mandamus,
894 1060 1059 1135 quatenns
1073 1055 1114 1116 ad

814 204 819 213 “
932 183 1110 299 uonoan
1129 219 1177 282 ru
1198 220 1347 282 ornan.
1410 177 1416 184 ’

1902 225 1965 284 sac

1493 389 1636 480 CXVII

1192 539 1245 600 Ad
1262 539 1416 628 ecbatana
1434 540 1469 602 cl
1491 543 1698 605 concentum
1717 545 1932 606 emerammi,

1439 671 1474 730 ²0
1495 671 1592 743 aprilis
1609 671 1689 729 litt.

1321 791 1471 858 [Maurique
1481 793 1549 844 bun.
1564 795 1679 858 Cirtam„
1688 795 1731 852 lv,
1742 793 1811 860 titi]

1169 908 1273 966 Notum
1288 906 1355 966 lacit
1368 924 1401 966 se
1415 907 1648 983 irrefragabiliter
1659 908 1805 980 statuisse,
1820 916 1852 967 ut
1863 910 1896 980 is,
1913 925 1963 983 qur

1205 995 1359 1069 quidquam
1387 997 1591 1056 beneficiorum
1617 1012 1683 1056 asc
1709 1013 1808 1056 eorum
1833 998 1963 1059 ecclcsiae

1204 1084 1371 1142 collatorum
1394 1100 1506 1159 rapere,
1533 1086 1668 1155 vendere,
1689 1093 1757 1156 ete,
1772 1088 1963 1156 attentaverit,

322 1152 654 1216 Gffllffifflffltessfflffl
683 1153 860 1216 ⁰001⁰⁸i³m
895 1151 1117 1230 P0f⁸⁰¹1⁸¹it⁰f
1204 1171 1268 1244 ipso
1296 1177 1361 1231 actu
1385 1175 1690 1233 excommunicationis
1716 1175 1889 1234 seutentiam
1916 1175 1962 1232 ln·

323 1249 529 1325 accedentes,
538 1249 650 1329 ibique
662 1248 880 1328 presentibus
890 1249 1038 1327 ejusdem
1050 1247 1116 1310 loci

321 1345 454 1408 clerlcls
468 1347 502 1409 et
514 1348 695 1420 conversis,
712 1363 753 1409 ac
766 1347 844 1409 allis
858 1347 942 1410 viris
964 1344 1115 1423 pruden-

321 1440 422 1516 tibus,
450 1459 533 1521 quos
561 1445 603 1508 ad
638 1444 702 1507 boc
735 1444 887 1508 videritis
913 1441 1114 1514 evocandos,

272 1555 276 1566 ·
323 1555 397 1618 quae
412 1540 575 1604 dictarum
588 1541 720 1604 vtarum
735 1541 885 1619 singulas
901 1539 1116 1603 discutientes

322 1637 477 1711 sollicite,
499 1639 659 1704 studeatis
681 1639 843 1716 indagare
869 1639 1050 1716 prudenter
1073 1651 1118 1699 ex

323 1750 389 1813 qua
422 1736 557 1798 illarum
596 1736 670 1814 plus
710 1736 862 1799 minusve
897 1735 1114 1806 difficultatis,

323 1831 485 1906 scandali,
509 1849 569 1894 seu
599 1834 866 1897 inconvenientis
899 1832 1118 1909 emergebat

322 1929 504 1992 secuudum
530 1929 623 1992 illam
650 1947 750 2008 qrrarn
778 1929 927 2007 pensatis
962 1928 1117 1992 omnibus

322 2028 579 2089 commodiorem
604 2043 679 2090 essa
705 2027 868 2101 videritis,
898 2025 972 2088 vice
1003 2027 1117 2088 nostra

323 2123 1118 2202 pmrideatisordinisaepedicto:provisoquarn-

206 2266 209 2275 .
323 2235 464 2299 cumque
486 2223 617 2284 viarum
636 2223 784 2300 ipsarum
799 2219 970 2283 duxeretis
985 2219 1116 2295 eligen-

323 2315 411 2391 dam,
428 2319 465 2382 ut
488 2319 618 2382 debitus
642 2320 748 2382 bonor
769 2319 886 2396 priori,
906 2317 1015 2394 quoad
1044 2316 1117 2378 beri

324 2416 459 2494 poterit,
483 2418 707 2480 conservetur.
724 2417 850 2478 Taliter
877 2416 988 2478 autem
1014 2429 1116 2476 occa-

325 2513 420 2576 sione
442 2529 482 2576 ac
506 2515 723 2577 excusatione
742 2512 952 2576 cessantibus
973 2510 1117 2572 manda-

323 2611 564 2674 annosarum
588 2611 771 2688 adimplere
792 2611 926 2681 curetis,
949 2608 1035 2686 quod
1057 2621 1119 2668 nec

324 2723 396 2780 nos,
412 2723 475 2770 nec
489 2707 610 2770 fratres
625 2709 716 2786 ipsos
737 2724 797 2786 pro
810 2705 1002 2786 hujusmodi
1015 2720 1120 2781 nego-

323 2805 383 2878 tio,
400 2821 500 2883 super
516 2809 671 2894 quotam
695 2806 824 2868 diutius
847 2803 1034 2866 laboratum
1053 2802 1116 2874 est,

324 2917 385 2982 pro
406 2905 517 2966 vestra
532 2901 736 2982 negligentia
748 2903 804 2966 vel
818 2901 948 2964 deiectu
966 2899 1119 2978 oporteat

324 3001 466 3062 ulterius
486 2999 650 3064 laborare.
665 3001 757 3074 Quid
784 2999 813 3062 si
837 3013 904 3062 non
928 3013 1043 3060 ornnes
1064 2997 1118 3058 bas

324 3099 544 3174 exsequendis
565 3097 741 3176 potueritis
758 3097 932 3168 interesse,
949 3093 1015 3158 duo
1037 3108 1118 3158 ves-

324 3196 413 3256 trum
439 3209 479 3257 aa
506 3195 724 3257 nibilominus
745 3194 982 3271 exsequantur.
1000 3192 1118 3254 Datum

325 3291 586 3365 Laterani,le
611 3292 773 3354 kalendas
794 3292 886 3364 maii,
907 3288 1119 3368 pontificatus

254 3381 260 3390 '
325 3391 534 3452 nostrianno
549 3390 700 3469 septimo.

360 3597 420 3657 Nos
436 3598 523 3672 igitur
543 3597 715 3672 apostolicis
733 3597 881 3671 cupientes
899 3593 1018 3654 obedire
1035 3607 1117 3653 man·

325 3687 410 3758 datis,
420 3687 608 3761 personaliter
617 3687 653 3745 ad
663 3687 815 3746 ecclesiam
831 3683 1119 3744 Grandimontensem

221 3763 247 3790 ²
326 3777 512 3846 accessimus,
529 3775 626 3848 ibique
643 3773 833 3847 presentibus
846 3771 976 3845 ejusdem
990 3772 1045 3829 loci
1058 3771 1117 3828 cle·

324 3865 392 3923 ricis
404 3873 432 3923 et
446 3864 604 3936 conversis,
620 3875 655 3922 ac
668 3863 766 3922 multis
780 3861 940 3931 abbatibus,
955 3867 983 3918 et
997 3860 1061 3919 aliis
1074 3860 1118 3918 vi·

324 3955 366 4012 ris
382 3953 569 4028 prudentibus
581 3953 619 4024 ¹ad
639 3952 694 4012 boc
708 3952 845 4020 evocatis,
860 3951 1045 4009 discutientes
1060 3949 1118 4008 sol·

325 4044 402 4102 licite
416 4045 478 4101 vias
489 4044 578 4118 ipsas,
594 4042 630 4101 de
649 4044 777 4116 ipsorum
792 4039 937 4110 abbatum,
955 4046 984 4097 et
1000 4039 1119 4097 aliorum

326 4130 496 4206 prudentum
507 4131 636 4198 consilio,
650 4130 780 4188 ulturum
790 4137 927 4200 tanquam
938 4125 1117 4185 commodio-

325 4235 387 4277 rem
398 4227 426 4278 et
441 4221 536 4277 minus
550 4217 735 4288 dilllcultatis,
746 4215 985 4284 inconvenientis,
1001 4220 1031 4272 et
1041 4228 1122 4272 scan-

329 4307 387 4365 dali
403 4309 597 4365 coutinentem
614 4307 767 4381 elegimus,
783 4313 812 4362 at
824 4311 883 4362 tarn
898 4303 1020 4372 clericis,
1034 4317 1120 4375 marn

327 4397 475 4453 conversis
494 4395 656 4468 apostolica
675 4394 844 4452 auctoritate
858 4392 1048 4466 precepimus
1068 4389 1119 4446 ob·

327 4483 716 4556 servandam,in1'ungentes
744 4479 853 4539 eisdem
874 4487 906 4537 ut
927 4479 1023 4552 priori,
1042 4477 1121 4550 iuxta

327 4571 495 4631 mandatum
532 4571 743 4645 apostolicum,
772 4569 913 4627 bonorem
938 4567 1065 4625 debitum
1092 4565 1122 4622 is

327 4659 461 4720 omnibus
483 4667 699 4720 conservarent.
725 4661 829 4717 Datum
851 4658 879 4716 in
906 4653 1121 4722 Grandirnoute,

329 4763 405 4808 auno
420 4749 534 4806 Domini
548 4747 727 4816 llCClllllll,
739 4745 886 4803 Dominics
900 4750 966 4816 post
979 4741 1120 4800 Nativita-

329 4845 385 4898 tem
394 4837 488 4897 beate
502 4838 600 4896 Maria
614 4835 753 4910 Virginis,
769 4847 834 4892 cum
848 4830 1025 4906 appensione
1037 4830 1122 4887 trium

328 4927 500 5000 sigillorum.

1204 1268 1309 1319 currat.

1210 1386 1328 1448 Abbati
1352 1388 1385 1449 et
1410 1388 1588 1452 conventui
1612 1388 1817 1463 casaemarii,
1832 1389 1961 1451 Cister-

1170 1483 1294 1546 ciensls
1309 1483 1448 1546 ordinis.

1210 1583 1370 1643 Decurem
1391 1582 1507 1644 domus
1522 1583 1641 1646 vestrae
1661 1583 1810 1660 speciali,
1826 1584 1862 1645 ut
1879 1600 1963 1646 nos-

1171 1677 1224 1748 tis,
1247 1677 1423 1756 diligentes
1446 1677 1577 1754 affectu,
1595 1679 1746 1758 quaedam
1768 1681 1810 1742 ad
1834 1679 1965 1758 profec-

1170 1775 1251 1848 tum,
1273 1778 1306 1838 et
1330 1777 1483 1838 ornatum
1510 1777 1618 1839 eidem
1642 1777 1757 1854 largiti
1781 1795 1905 1851 sumne,
1931 1779 1965 1842 et

1171 1873 1280 1935 adbuc
1301 1874 1408 1952 plura,
1425 1873 1567 1936 faciente
1590 1874 1740 1946 Domino,
1758 1875 1964 1952 disponimus

1172 1969 1323 2046 elargiri;
1341 1971 1474 2048 proviso
1489 1971 1600 2044 etiarn,
1616 1971 1701 2048 quod
1717 1987 1737 2034 a
1752 1973 1965 2036 Cisterciensi

1172 2064 1290 2129 abbate
1311 2067 1406 2128 vobis
1425 2069 1541 2130 eadem
1567 2069 1733 2131 retinendi
1758 2069 1894 2133 licentia
1914 2072 1966 2133 est

1172 2179 1341 2226 concessa.
1365 2166 1488 2226 Verum
1512 2180 1554 2227 ne
1577 2166 1691 2228 nostro
1716 2165 1864 2228 fraudari
1884 2184 1964 2246 pro-

1172 2261 1279 2337 posito
1297 2259 1482 2335 videamur,
1502 2262 1530 2323 si
1544 2263 1685 2324 ecclesia
1699 2265 1814 2326 vestra
1834 2264 1963 2326 benefl-

1172 2358 1233 2419 ciis
1249 2357 1348 2420 sibia
1368 2357 1463 2421 nobis
1485 2357 1625 2434 collatis,
1649 2377 1708 2422 seu
1728 2361 1828 2423 etiam
1850 2361 1930 2424 conf
1947 2394 1966 2408 -

1172 2453 1285 2515 rendis
1300 2455 1412 2532 aliquo
1423 2455 1557 2531 ingenio
1569 2455 1792 2530 fraudaretur,
1805 2459 1965 2520 noveritis

1172 2565 1233 2612 nos
1248 2551 1526 2628 irrefragabiliter
1541 2554 1709 2626 statuisse,
1721 2556 1758 2615 ut
1768 2555 1965 2632 quicumque

1173 2645 1213 2709 de
1227 2647 1271 2708 iis
1287 2648 1466 2727 quidquam
1480 2648 1646 2711 violenter
1661 2667 1791 2728 rapere,
1807 2652 1862 2712 vel
1881 2652 1964 2714 sub-

1172 2746 1283 2825 ripere
1306 2745 1546 2820 fraudulenter,
1563 2762 1623 2810 seu
1646 2747 1800 2820 vendere,
1823 2747 1877 2810 vel
1901 2748 1965 2812 do-

1173 2856 1265 2916 nare,
1280 2843 1350 2904 sive
1360 2843 1509 2920 obligare
1524 2843 1667 2922 pignori,
1683 2859 1743 2905 seu
1757 2859 1966 2921 quecumque

1091 2997 1097 3010 ,
1173 2939 1387 3004 alienationis
1398 2955 1521 3018 genere
1540 2939 1726 3002 diminuere
1741 2941 1965 3015 attentaverit,

1173 3039 1246 3116 ipso
1278 3037 1355 3100 actu
1383 3037 1582 3100 sententiam
1611 3037 1965 3101 excommunicationis

1173 3135 1343 3212 incurrat;
1368 3134 1501 3198 anullo
1516 3150 1662 3214 unquam
1684 3133 1791 3196 nisia
1817 3136 1966 3195 Romano

1173 3233 1345 3305 Pontifice,
1360 3231 1416 3296 vel
1435 3231 1490 3295 cui
1509 3231 1550 3294 ab
1570 3247 1609 3294 eo
1631 3231 1846 3293 commissum
1868 3229 1968 3292 luerit

1172 3327 1408 3393 absolvendus.
1431 3333 1550 3394 Datum
1576 3329 1744 3402 Laterani,
1766 3331 1859 3392 XXII
1880 3325 1964 3410 [ΧΗ]

1174 3426 1335 3490 kalendas
1351 3427 1442 3502 maii,
1460 3442 1548 3490 anno
1563 3429 1657 3490 sexto
1673 3423 1851 3508 [septimol.

1488 3785 1652 3874 CXVIII

1292 3965 1345 4026 Ad
1364 3965 1548 4026 uniuersos
1570 3964 1699 4026 canat
1720 3963 1847 4037 βάσκε.

1453 4093 1486 4152 tl
1501 4091 1598 4167 aprilis
1614 4093 1694 4152 litt.

1320 4215 1473 4284 [ilenrique
1483 4217 1552 4268 tna.
1565 4216 1681 4276 cisterc..
1693 4216 1736 4278 lv,
1751 4215 1819 4282 aab]

1176 4344 1225 4401 Eis
1239 4343 1287 4416 qui
1302 4357 1367 4400 earm
1382 4340 1535 4400 devotione
1549 4325 1585 4399 sd
1600 4341 1751 4400 ecelesiam
1763 4342 1793 4400 S.
1806 4339 1923 4399 lbome
1933 4341 1971 4400 de

1211 4431 1305 4491 Ozecb
1317 4431 1502 4501 accesserint,
1513 4429 1721 4506 indulgentiam
1734 4430 1769 4488 lt)
1778 4429 1889 4488 dferam
1898 4444 1969 4488 eun·

1216 4645 1390 4708 Universis
1421 4643 1545 4706 Christi
1583 4641 1749 4716 fidelibus,
1770 4643 1972 4720 presentem

1177 4744 1331 4821 paginam
1351 4741 1564 4819 inspecturis.

1218 4843 1324 4913 Quum
1341 4839 1493 4900 ecclesiae
1509 4841 1542 4899 S.
1558 4837 1693 4900 Thomas
1713 4838 1754 4899 de
1772 4837 1880 4900 Ozecb
1895 4836 1972 4899 Cis-

1178 4937 1352 5000 terciensis
1376 4936 1515 5008 ordinis,
1530 4935 1571 4996 de
1591 4934 1744 5012 reliquiis
1766 4935 1974 5011 gloriosissi-

1178 5051 1307 5096 morum
1333 5036 1518 5112 martyrum
1543 5035 1682 5106 Cosmae,
1712 5033 1913 5105 sebastiani,
1940 5036 1974 5095 et

1179 5132 1329 5204 Fabiani,
1346 5131 1515 5209 Cypriani,
1531 5131 1565 5192 et
1578 5129 1683 5192 beatae
1699 5129 1891 5192 Petronillae
1907 5129 1974 5191 rir-

1178 5231 1277 5308 ginis,
1306 5229 1338 5292 et
1366 5227 1582 5307 quorumdam
1611 5227 1754 5287 aliorum
1781 5229 1973 5289 sanctorum

1179 5327 1373 5390 duxerimus
1394 5325 1679 5397 transmittendas,
1697 5325 1734 5386 ut
1753 5325 1789 5385 in
1809 5325 1863 5385 die
1885 5325 1975 5386 dedi·
2039 5357 2047 5374 ·

1179 5427 1320 5489 cationis
1335 5423 1483 5503 ejusdem
1496 5421 1628 5484 ibicum
1641 5421 1742 5498 digna
1756 5423 1973 5484 veneratione

1179 5524 1374 5596 condantur,
1395 5521 1545 5584 volentes
1568 5519 1683 5582 adeles
1698 5519 1739 5580 ad
1761 5517 1973 5582 devotionem
