4244 6374
41 241 50 253 ·
146 292 226 354 sse
281 252 287 258 ’
521 245 528 256 ’
769 299 998 361 nmeronm.
1021 303 1099 363 nus.
1123 304 1208 364 vm.
1750 310 1810 371 seo

148 453 396 517 auctoritatem
417 469 478 516 seu
493 455 762 533 jurisdictionem
783 458 964 520 ecclesias·
1016 459 1198 523 tationibus
1227 463 1260 524 et
1286 463 1503 540 indulgentiis
1531 469 1730 545 apostolicis
1767 471 1809 533 ad

148 547 264 611 ticam
286 551 422 628 exigere
445 552 655 626 videbuntur,
675 554 707 615 et
727 555 785 616 tuo
807 557 963 632 poterunt
1015 557 1102 618 idem
1119 560 1266 621 excitare
1281 562 1449 637 negotium
1461 564 1809 630 studeremus.»Unde

147 647 352 710 ministerio
378 649 539 726 expediri.
555 651 597 712 Ut
618 654 730 713 autem
752 654 961 714 commissam
1016 655 1168 718 hortatur
1191 660 1228 718 ut
1249 673 1363 734 pacem
1388 660 1417 720 si
1437 659 1509 721 fieri
1534 663 1640 738 possit
1661 680 1735 725 cum
1756 668 1808 737 R,

146 743 223 805 tibi
238 746 495 808 sollicitudinem
509 747 649 808 liberius
666 749 699 810 et
714 749 830 810 utilius
846 749 960 812 valeas
1016 752 1085 812 illio
1105 754 1269 830 quondam
1284 757 1322 817 R.
1340 757 1469 818 comitis
1484 759 1650 832 Tolosani,
1664 761 1765 824 faciat
1778 765 1811 825 et

148 856 339 916 exercere,
366 843 555 920 corrigendi
583 860 698 906 eorum
727 862 896 919 excessus,
928 850 962 909 et
1015 849 1055 909 de
1074 851 1202 926 treugis
1219 868 1293 913 cum
1308 869 1387 930 rege
1402 855 1530 930 Angliae
1543 855 1741 920 innovandis
1756 861 1809 920 le-

149 940 309 1015 maxime
321 940 530 1012 clericorum,
543 958 582 1003 ac
597 943 738 1004 rebelles
754 944 960 1006 districtione
1014 949 1090 1022 gato
1117 963 1176 1010 suo
1199 949 1333 1025 plenam
1355 950 1453 1011 fidem
1476 951 1675 1015 adhibeat«
1692 957 1809 1018 Datum

150 1022 326 1098 canonica
341 1039 584 1114 compescendi,
598 1039 658 1101 tibi
670 1040 868 1104 auctoritate
879 1058 961 1118 prae-
1015 1045 1183 1116 Laterani,
1197 1047 1226 1106 ll
1242 1063 1347 1108 nonas
1360 1047 1487 1125 aprilis,
1505 1050 1715 1125 pontificatus
1730 1068 1809 1114 nos-

149 1132 252 1195 dicta
277 1135 488 1196 concedimus
508 1136 715 1212 potestatem.
740 1141 788 1198 Tu
811 1154 891 1214 ergo
920 1155 959 1200 ea
1013 1140 1158 1203 trianno
1174 1144 1329 1206 octavo.»

148 1230 310 1293 modeste
329 1247 369 1294 ao
387 1232 569 1310 prudenter
589 1233 706 1306 utaris,
723 1235 898 1297 referendo
918 1237 959 1298 ad

148 1341 234 1400 nos,
251 1328 281 1388 si
300 1344 374 1405 quae
398 1329 511 1390 forsan
533 1331 741 1404 emerserint,
759 1348 832 1408 quae
852 1337 961 1410 majo-

148 1439 233 1485 rem
252 1424 443 1502 indaginem
466 1428 638 1504 requirere
656 1428 844 1492 rideantur.
867 1431 959 1492 Nulli
1309 1437 1516 1527 CLXXXII

149 1536 242 1598 ergo
267 1524 391 1585 nostrae
416 1525 654 1596 concessionis,
671 1527 733 1587 etc.
751 1527 786 1586 Si
806 1527 879 1603 quis
899 1544 960 1589 au-

148 1619 241 1692 tem,
256 1620 318 1682 etc.
333 1621 452 1682 Datum
463 1621 632 1690 Laterani,
648 1624 690 1684 IV
705 1638 810 1684 nonas
828 1624 956 1702 aprilis

152 1732 252 1779 anno
262 1716 391 1779 octavo,
941 1731 944 1738 '
1048 1778 1049 1781 Ἴ
1302 1718 1431 1792 'caprilis
1444 1722 1523 1778 1224.

1030 1839 1169 1904 [bouquet
1182 1841 1241 1892 Rec.
1254 1842 1298 1892 des
1308 1841 1384 1900 illst..
1394 1843 1531 1988 Χῐέζέξῗὼ
1546 1845 1654 1909 Regest„
1665 1847 1710 1899 lib.
1719 1847 1785 1908 vlit,

1336 1921 1410 1985 epist.
1475 1960 1481 1973 .

466 2037 653 2124 CLXXXI
1011 2025 1081 2084 Cum
1094 2023 1199 2083 infelici
1215 2041 1309 2084 rerum
1327 2043 1462 2129 successu
1477 2030 1658 2134 perturbatus
1677 2033 1806 2094 animum

1047 2111 1237 2184 desponderet
1259 2115 1421 2174 Amdlrlctls
1439 2115 1475 2174 de
1499 2119 1807 2189 Montelort1‚mandat

214 2199 266 2258 Ao
286 2197 507 2270 Ludcvtcum,
530 2213 650 2274 regem
669 2203 900 2260 Frortcornm.
1047 2203 1200 2272 Honorius,
1212 2211 1243 2260 ut
1254 2205 1346 2276 pactio
1357 2203 1405 2262 frat
1413 2220 1477 2263 curn
1488 2206 1806 2281 Raimundololosanc,

444 2336 461 2393 4
476 2336 574 2409 aprilis
591 2338 670 2395 Μ.
1047 2291 1202 2349 dummodo
1216 2293 1352 2350 Romane
1365 2294 1501 2352 Ecclesia
1511 2294 1636 2369 dignitas
1645 2299 1731 2356 itlaesa
1742 2313 1803 2357 ser·

1044 2385 1137 2436 vetur.

352 2467 758 2535 [³⁰i¹¹³¹‘¹'¹³¹⁶h⁰¹¹⁰⁸’¹¹¹4²⁹4
1050 2498 1218 2558 Honorius
1247 2498 1473 2576 episcopus...,
1496 2502 1682 2565 venerabili
1706 2503 1803 2567 fratri

151 2593 484 2651 Eitransmittitltneras
496 2593 701 2667 imperialesde
713 2597 954 2654 succursul'errse
1012 2593 1263 2672 archiepiscopo
1276 2596 1453 2670 Narbonae,
1470 2599 1533 2659 etc.

193 2682 307 2738 Sancte
322 2681 501 2754 procurando
516 2689 544 2740 et
559 2681 594 2739 de
608 2683 716 2756 treugis
731 2697 796 2741 cum
812 2698 881 2758 rege
892 2686 952 2742 hn-
1048 2691 1118 2752 Etsi
1138 2691 1308 2766 negotium
1323 2695 1415 2770 pacis
1428 2695 1461 2755 et
1476 2695 1552 2756 fidei
1567 2697 1601 2756 in
1616 2699 1802 2762 Provinciae

81 2811 84 2818 -
189 2763 260 2843 glis&
274 2769 454 2828 innovandis.
751 2787 756 2792 “
1007 2788 1157 2864 partibus
1183 2788 1337 2850 videatur
1364 2792 1513 2866 graviter
1538 2795 1717 2864 corruisse,
1741 2783 1820 2858 nos

194 2895 365 2958 Honorius
375 2896 867 2972 episcopus,servusservorum
879 2897 951 2970 Dei,
1006 2886 1129 2956 lamen,
1147 2885 1187 2946 de
1209 2885 1302 2946 illius
1327 2887 1474 2963 potentia
1504 2889 1714 2963 ⁰0ssfld011t082
1743 2895 1801 2970 qui

150 2991 325 3053 Ludovico
338 2993 410 3067 regi
423 2995 638 3062 Francorum,
651 2993 790 3054 salutem
805 2994 838 3055 gt
851 2998 954 3070 ppos.
1007 2999 1085 3043 suos
1096 2984 1133 3043 in
1147 2983 1362 3046 tribulatione
1374 2985 1501 3058 dilatat,
1524 2988 1650 3050 etfacit
1665 2990 1710 3062 ut,
1725 3007 1800 3052 cum

148 3089 293 3151 tolicam
305 3087 581 3149 benedictionem.
948 3117 949 3122 κ
1006 3080 1162 3141 videntur
1174 3082 1371 3159 consumpti,
1383 3083 1473 3144 velut
1490 3084 1624 3145 Lucifer
1638 3087 1799 3162 oriantur,

193 3185 444 3246 «petitionibus
454 3201 536 3262 quas
547 3201 606 3262 per
615 3186 823 3248 venerabiles
831 3186 951 3249 fratres
1007 3193 1215 3256 nequaquam
1228 3178 1263 3238 in
1278 3179 1465 3270 hujusmodi
1489 3181 1703 3245 tribulatione
1714 3185 1799 3246 defl-

148 3283 287 3344 nostros
321 3282 611 3359 archiepiscopum
646 3283 888 3345 Bituricensem
920 3285 952 3348 et
1006 3276 1122 3347 cimus,
1140 3276 1383 3352 sedspffl'asstes
1398 3279 1484 3355 ‘11¹0d
1500 3279 1613 3340 divina
1628 3282 1799 3345 miseratiO

148 3381 398 3456 Lingonensem
435 3379 468 3442 et
501 3379 736 3441 carnotensem
777 3381 950 3459 episcopos
1005 3372 1152 3434 saciatin
1176 3374 1250 3451 ipsa
1269 3375 1452 3437 tentatione
1476 3379 1802 3454 protentumffehe-

147 3477 220 3538 tuae
245 3477 435 3538 serenitatis
457 3477 590 3539 devotio
612 3477 835 3547 destinante
855 3479 950 3540 nobis
1003 3470 1143 3533 rabilem
1166 3469 1303 3534 fratrem
1327 3475 1476 3535 nostrum
1492 3477 1689 3549 conradum,
1715 3481 1801 3540 Por·

148 3572 184 3633 et
209 3569 369 3632 fratribus
388 3571 512 3633 nostris
534 3571 638 3634 multa
660 3572 845 3648 diligentia,
865 3573 951 3636 sicut
1004 3569 1154 3630 tuensem
1178 3570 1380 3647 episcopum,
1404 3575 1442 3632 A·
1461 3575 1492 3632 S.
1512 3572 1669 3648 legatum,
1682 3575 1723 3635 ad
1736 3591 1797 3637 ca-

148 3668 354 3746 exposcebat
363 3669 488 3745 negotii
501 3670 705 3746 magnitude,
721 3670 892 3744 discussis,
903 3671 949 3733 ita
1003 3665 1172 3728 rissimum
1187 3667 1222 3729 in
1237 3667 1367 3730 Christo
1388 3668 1493 3728 tilium
1509 3672 1656 3732 nostrum
1682 3674 1797 3735 Ludo-

148 3766 240 3843 qucd
255 3766 349 3827 finali
361 3766 505 3829 tractatu
525 3767 638 3828 habito
653 3783 754 3852 super
768 3768 849 3838 illis,
861 3785 950 3845 prae·
1001 3763 1122 3836 sicum,
1156 3779 1268 3841 regem
1301 3768 1505 3826 Francorum
1533 3768 1709 3840 illustrem,
1740 3771 1797 3848 qui

148 3859 212 3922 fati
239 3861 387 3939 episcopi
411 3864 482 3938 jam
512 3861 816 3939 iteramipuerant
845 3863 886 3924 ad
915 3864 948 3924 te
1002 3859 1102 3922 clarae
1113 3863 1281 3923 memoriae
1294 3862 1542 3936 progenitorum
1554 3880 1689 3926 suorum
1699 3867 1797 3928 vesti·

148 3973 228 4018 cum
245 3957 367 4020 litteris
382 3959 505 4020 nostris
519 3959 720 4031 revertendi,
741 3959 814 4036 ipso
830 3959 947 4022 archi·
1001 3958 1057 4033 gia
1072 3959 1234 4020 imitando
1250 3974 1316 4019 non
1331 3959 1498 4032 deserens,
1514 3961 1571 4022 sed
1584 3962 1671 4023 siout
1686 3963 1792 4039 regni,

146 4055 318 4132 episcopo,
343 4055 400 4130 qui
417 4069 477 4130 pro
496 4055 693 4132 quibusdam
709 4058 851 4132 negotiis
876 4058 946 4118 suis
1001 4057 1091 4118 sicet
1104 4055 1237 4126 virtutis
1259 4071 1300 4117 ac
1322 4056 1508 4117 devotionis
1524 4073 1639 4119 eorum
1655 4075 1794 4122 secem-

147 4150 239 4227 apud
249 4150 474 4227 apostolicam
491 4151 608 4212 Sedem
621 4154 828 4214 remanserat
838 4153 947 4215 adhuc
1002 4154 1144 4231 probans
1155 4163 1391 4225 successorem,
1407 4153 1440 4213 in
1454 4154 1516 4215 hoc
1527 4156 1676 4217 setctum
1690 4156 1794 4220 bene-

148 4247 317 4308 innostra
339 4247 518 4324 praesentia
533 4248 722 4322 constituto,
739 4266 945 4326 supervene-
1000 4250 1121 4328 placito
1132 4250 1331 4326 apostoncae
1360 4250 1454 4312 Sedis
1480 4253 1617 4328 exponit
1632 4270 1692 4330 pro
1718 4256 1792 4332 ipso

148 4345 230 4406 runt
248 4345 413 4406 solemnes
439 4345 555 4405 nuncii
574 4347 739 4406 carissimi
758 4347 793 4407 in
814 4349 944 4409 Christo
999 4350 1132 4424 negotio
1156 4347 1345 4419 relevando,
1367 4347 1523 4410 duximus
1546 4349 1789 4415 destinandum.

149 4441 210 4502 filii
230 4442 336 4504 nostri
350 4443 386 4503 F.
404 4441 545 4504 illustris
560 4445 785 4505 Romanorum
804 4445 946 4522 impera·
999 4447 1172 4517 Caeterum,
1187 4445 1265 4522 quia
1275 4444 1396 4506 nobilis
1405 4445 1457 4506 vir
1472 4447 1678 4509 Raimundus
1690 4466 1792 4526 quon-

147 4539 245 4612 toris,
262 4556 393 4617 semper
405 4540 582 4616 augustiet
596 4542 685 4617 regis
702 4541 836 4614 Siciliae,
849 4543 944 4604 nobis
999 4541 1074 4602 dam
1100 4541 1189 4602 illius
1218 4543 1256 4602 R.
1285 4541 1415 4604 comitis
1432 4543 1587 4604 Tolosani
1623 4547 1789 4608 mandatis
1837 4598 1839 4603 ,

148 4653 211 4714 per
242 4637 333 4715 ipsos
366 4637 506 4699 nuncios
534 4637 567 4700 et
597 4639 787 4715 imperiales
815 4639 944 4702 litteras
997 4639 1207 4715 Apostolicis,
1228 4641 1261 4700 et
1282 4639 1409 4700 utinam
1433 4655 1512 4700 vera
1540 4640 1735 4703 devotione!
1753 4659 1788 4704 se

148 4735 345 4812 exponentis
365 4734 498 4797 fervens
519 4735 731 4808 desiderium,
744 4737 830 4812 quod
853 4737 884 4798 ei
904 4738 944 4798 de
998 4735 1095 4798 offert
1107 4736 1227 4797 litteris
1243 4751 1343 4812 super
1357 4736 1420 4796 hoc
1431 4735 1526 4796 nobis
1537 4739 1569 4798 et
1584 4738 1705 4798 nuncio
1719 4739 1791 4800 des·

147 4835 260 4895 Terrae
275 4833 404 4896 sancte
415 4848 575 4894 succursu
584 4834 743 4894 Dominus
754 4835 941 4912 inspiravit,
998 4834 1122 4905 finatis,
1136 4833 1200 4910 ipsi
1222 4833 1331 4908 legato
1348 4833 1498 4893 dedimus
1513 4834 1548 4894 in
1564 4834 1740 4908 mandatis
1757 4838 1791 4900 et

147 4945 187 4992 ac
202 4929 401 5008 postulantis
424 4930 586 4992 instanter
600 4931 647 5004 ut,
667 4947 741 4992 curn
760 4933 833 5008 ipse
847 4949 943 5009 reges
997 4931 1191 5008 scripsimus
1206 4931 1306 4991 etiam
1321 4929 1408 4991 dicto
1426 4931 1509 5006 regi,
1534 4931 1569 4992 ut
1584 4931 1611 4990 si
1628 4933 1787 5008 praefatus

147 5029 181 5090 et
194 5029 363 5106 principes
381 5027 582 5090 christianos
596 5029 639 5089 ad
662 5028 695 5089 id
714 5030 863 5091 animare
878 5033 943 5092 stu·
998 5027 1640 5104 nobilisvolueritveraciterhpostolicis
1652 5028 1788 5092 obedire

148 5127 225 5188 deat
238 5125 468 5204 imperialibus
478 5124 701 5200 legationibus
712 5127 744 5186 et
757 5128 940 5203 promissis,
997 5125 1172 5197 mandatis,
1186 5125 1232 5186 ita
1256 5123 1343 5200 quod
1357 5126 1447 5184 terra
1472 5125 1631 5209 purgetur
1646 5126 1786 5190 haereti-

1025 1588 1077 1646 Ad
1090 1589 1291 1652 arnoldum.
1307 1592 1568 1652 Narbonensem
1583 1597 1785 1669 arcnceptsc.

148 5223 236 5286 sicut
254 5224 411 5299 colligere
426 5222 551 5299 poteris
567 5239 610 5282 ex
626 5224 741 5284 tenore
756 5223 942 5286 litterarum
996 5224 1056 5291 cis,
1070 5223 1103 5284 et
1117 5222 1301 5285 satisfaciat
1314 5221 1464 5282 ecclesiis
1474 5223 1507 5283 et
1517 5222 1599 5283 viris
1614 5224 1789 5289 ecclesias-

147 5321 296 5400 ipsarum
312 5337 409 5398 quem
425 5319 485 5381 tibi
498 5335 559 5397 per
570 5319 791 5381 venerabilem
807 5321 942 5384 fratrem
995 5321 1071 5382 ticis
1079 5321 1118 5381 de
1126 5319 1256 5380 damnis
1265 5321 1297 5380 et
1307 5318 1610 5394 injuriishactenus
1618 5321 1787 5398 irrogatis,

150 5421 297 5480 nostrum
309 5419 344 5478 C.
359 5419 578 5478 Portuensem
592 5417 943 5495 episcopumhposto-
996 5419 1028 5480 et
1039 5417 1252 5496 provideatur
1260 5415 1405 5478 libertati
1416 5416 1566 5478 ecclesiae
1578 5417 1612 5478 in
1627 5418 1784 5494 futurum,

149 5514 223 5576 licae
251 5515 345 5576 Sedis
371 5514 527 5591 legatum,
551 5515 741 5577 curavimus
760 5515 941 5586 destinare,
996 5531 1034 5576 ac
1049 5513 1170 5578 honori
1182 5513 1294 5575 dilecti
1307 5513 1367 5574 filii
1387 5515 1557 5587 Amalrioi,
1576 5517 1707 5578 comitis
1722 5521 1788 5580 Το-

149 5623 209 5673 nos
225 5627 354 5690 quoque
366 5613 542 5674 universos
557 5611 679 5673 Christi
696 5612 810 5674 fideles
825 5615 942 5675 exhor·
996 5611 1114 5684 losani,
1132 5613 1196 5682 cui,
1214 5627 1288 5672 cum
1306 5626 1364 5687 pro
1377 5611 1489 5674 divino
1505 5612 1537 5673 et
1552 5613 1664 5674 nostro
1680 5617 1788 5678 servi-
