4274 6388
178 351 236 410 201
248 373 254 382 ⁴

178 507 273 579 mini,
289 505 452 584 spoliares
464 525 575 586 regem
590 512 624 573 et
646 509 759 572 fideles
774 511 890 589 ipsius,
907 511 968 574 de·

176 603 714 684 1166166116166611166666661666,
730 609 762 670 et
781 611 855 686 post
874 609 970 670 inhi-

177 699 491 764 bitionemnostram
505 719 546 764 ne
558 720 671 781 regem
685 703 862 767 infestares
871 721 968 767 eum·

178 797 264 870 dem,
295 799 439 860 castrum
472 817 567 862 suum
593 802 743 879 Merpisii
771 805 818 876 tu,
846 817 967 874 comes,

177 891 354 954 obsederas
370 896 404 957 et
414 911 638 972 occupaveras
650 899 823 960 uiolenter.

218 993 353 1064 Verum,
366 993 444 1068 quia
461 993 531 1069 pati
548 1009 608 1056 nec
620 995 772 1056 volumus
792 996 968 1056 66666166-

178 1103 263 1160 mus,
280 1090 316 1150 61
327 1089 603 1153 mandatanostra
614 1092 666 1153 val
676 1092 886 1168 peralienam
897 1093 970 1154 elu-

179 1186 301 1247 dantur
327 1187 493 1260 astutiam,
512 1189 566 1249 vel
589 1205 649 1265 per
665 1190 865 1266 proterviam
889 1206 970 1250 con·

793 353 1022 413 EPISTOLAE.
1045 353 1123 413 LIB.
1147 354 1202 413 VI.

1756 355 1818 416 202

1023 511 1237 587 praesentium
1256 509 1439 573 districtius
1458 512 1657 584 inhibemus,
1683 528 1725 574 ne
1738 529 1817 590 pos-

1024 609 1190 670 sessiones
1204 608 1244 670 de
1258 607 1468 686 eleemosyna
1480 612 1594 673 nostra
1618 611 1729 673 vestro
1745 627 1818 672 mo-

1023 705 1169 766 nasterio
1185 705 1357 783 acquisitae
1380 705 1522 767 alienari
1534 707 1575 767 ab
1595 708 1707 785 aliquo
1728 723 1817 785 prte-

1024 804 1198 863 sumantur
1238 823 1246 862 s
1285 801 1377 874 Quod
1420 803 1450 863 si
1487 803 1661 880 quisquam
1699 807 1815 867 contra

1023 899 1218 971 tentaverit,
1259 914 1320 960 nos
1357 915 1433 961 eum
1464 902 1816 964 excommunicationis

1024 995 1197 1058 sententie
1227 994 1399 1072 subjacere
1430 996 1650 1069 decernimus
1683 1000 1817 1060 nonnisi

1024 1106 1083 1167 per
1098 1091 1215 1152 sedern
1225 1092 1447 1168 apostolicam
1463 1092 1711 1156 absolvendum.
1725 1095 1816 1155 Nulli

1023 1201 1113 1262 argo,
1143 1188 1204 1249 etc.
1228 1190 1346 1250 Datum
1371 1189 1537 1261 Laterani,
1562 1193 1621 1252 Vll
1651 1191 1813 1252 kalendas

179 1283 382 1355 temnantur,
409 1300 471 1347 nec
491 1301 551 1346 vos
574 1285 668 1348 decet
688 1286 779 1348 abuti
800 1287 908 1362 gratia
934 1287 969 1348 in
1019 1283 1108 1359 julii,
1124 1285 1335 1360 pontificatus
1348 1285 1454 1347 nostri
1469 1301 1557 1348 anno
1573 1289 1679 1348 sexto.

181 1379 969 1458 relaxationepraadictarumsententiarumvobis

180 1475 341 1549 exhibita,
358 1494 458 1555 quum
472 1480 582 1556 potius
595 1477 760 1556 expediat,
772 1481 876 1543 utros
891 1497 970 1542 nos-

177 1573 240 1634 tris
255 1573 288 1636 et
300 1574 390 1650 regis
401 1576 549 1652 aJusdem
562 1576 779 1653 beneplacitis
797 1577 967 1654 coaptetis

178 1669 385 1732 nobilitatem
401 1673 546 1734 vestram
567 1688 738 1736 monemus
762 1672 885 1736 attente
911 1689 971 1750 per

179 1767 370 1844 Apostolica
381 1769 476 1831 vobis
491 1771 625 1846 scripta,
638 1769 698 1831 sub
707 1770 815 1832 debito
830 1771 979 1848 66661111-

174 1863 368 1942 juramenti,
394 1866 616 1942 precipiendo
652 1867 860 1939 mandantes,
888 1883 971 1944 qua-

176 1961 288 2033 tenus,
302 1961 391 2029 intra
406 1961 525 2023 testum
542 1963 651 2024 Sancti
667 1963 807 2026 Andreae
823 1964 970 2026 futurum

177 2058 330 2133 proximo
342 2058 449 2120 dotem
462 2061 495 2121 et
507 2062 615 2122 castra
629 2061 785 2136 praedicta
798 2077 871 2122 cum
880 2061 971 2123 irno-

175 2153 266 2216 tibus
292 2156 370 2216 inde
392 2158 565 2232 perceptis,
591 2158 623 2219 et
642 2157 730 2230 aliis,
762 2173 822 2220 nec
846 2173 913 2220 non
937 2159 970 2220 et

179 2250 326 2313 castrum
362 2253 514 2330 Merpisii
538 2253 676 2331 praefato
715 2256 798 2331 regi,
827 2255 881 2317 rel
916 2257 969 2316 cui

178 2349 388 2411 mandaverit
412 2351 494 2426 ipse,
524 2349 656 2413 sublato
682 2351 857 2430 cujuslibet
882 2352 970 2413 dilit-

179 2444 311 2507 cultatis
335 2447 368 2508 61
388 2447 621 2523 appellationis
643 2447 783 2525 objectu,
811 2449 968 2522 reddatis,

179 2541 221 2602 de
235 2542 364 2604 damnis
384 2545 417 2604 et
428 2545 561 2622 injuriis
575 2545 732 2621 irrogatis
752 2546 816 2606 sibi
840 2548 873 2609 et
897 2550 969 2623 ejus

179 2638 332 2701 fidelibus
356 2641 573 2703 nihilominus
593 2642 835 2704 satisfacientes
850 2643 967 2705 eidem.

178 2736 335 2814 Alioquin
351 2739 518 2814 praedictis
529 2739 693 2816 episcopis
710 2741 876 2804 etdecano
890 2757 971 2805 nos·

179 2832 242 2894 tris
267 2833 383 2895 damus
412 2833 534 2897 litteris
559 2835 698 2898 tirmiter
719 2838 754 2899 16
782 2840 967 2916 praeceptis,

179 2931 216 2992 ut
233 2945 304 3003 vos,
322 2932 354 2992 et
368 2933 544 3009 complices
570 2937 709 3006 vestros,
723 2937 765 3006 ‚et
786 2937 914 2997 vestras
938 2938 971 2998 et

179 3042 295 3089 eorum
307 3028 415 3090 terras
438 3030 472 3091 in
488 3031 647 3107 pristinas
671 3033 853 3094 sententias
870 3035 971 3094 redu·

181 3125 305 3196 centes,
319 3127 448 3188 extunc
458 3143 517 3189 vos
527 3131 832 3192 excommunicatos
845 3131 969 3192 denun-

180 3221 309 3285 tientet
332 3227 497 3302 perjuros,
514 3224 546 3286 et
560 3227 742 3289 sententias
771 3227 872 3306 ipsas,
895 3228 971 3306 pul·

179 3319 262 3381 satis
272 3321 651 3397 campanis,etaccensis
664 3322 821 3397 candelis,
830 3325 970 3401 siugulis

180 3413 295 3476 diebus
309 3415 483 3477 dominicis
497 3419 530 3480 et
540 3417 667 3480 lestinis
675 3420 834 3496 publicari
854 3422 971 3483 solem·

179 3514 269 3577 niter
295 3516 429 3595 iaciant,
454 3519 487 3579 et
514 3535 617 3596 usque
641 3519 682 3580 ad
710 3520 969 3584 satisfactionem

179 3613 378 3689 condignam
397 3614 636 3678 inviolabiliter
661 3616 845 3679 observari.
876 3620 970 3680 Prae·

179 3707 264 3771 latos
277 3726 407 3790 quoque
419 3727 458 3772 ac
471 3713 621 3785 clericos,
636 3715 663 3774 si
672 3714 741 3791 qui,
750 3713 847 3777 vobis
861 3716 897 3776 in
907 3715 971 3777 hac

178 3807 273 3882 parte
287 3807 447 3881 lavantes,
470 3810 651 3872 sententias
673 3827 739 3872 non
764 3813 972 3874 servaverint

179 3905 389 3976 memoratas,
418 3905 458 3966 ad
490 3907 699 3983 praesentiam
728 3909 874 3970 nostram
896 3927 970 3971 cum

180 4001 251 4061 suis
274 4000 553 4064 testimonialibus
581 4005 701 4066 litteris
730 4021 890 4082 suspenso
913 4005 969 4086 (1)

178 4097 294 4159 venire
309 4099 519 4175 compellant.
540 4102 609 4162 Nos
632 4117 762 4179 quoque
777 4104 892 4166 contra
911 4120 971 4165 ros

86 4217 89 4224 ¹
180 4193 330 4256 severius
341 4196 600 4272 spiritualiteret
613 4199 841 4275 temporaliter
854 4216 972 4278 proce-

182 4289 308 4350 demus.
320 4293 437 4353 Datum
455 4295 622 4366 Laterani,
638 4297 698 4356 vll
711 4295 871 4360 kalendas
880 4299 969 4375 julii,

180 4387 388 4465 pontificatus
403 4389 508 4453 nostri
523 4405 610 4454 anno
626 4393 731 4454 sexto.

482 4687 672 4774 ccxxvi

176 4849 180 4854 ·
218 4834 271 4895 Aat
281 4835 435 4896 abbatem
449 4836 484 4898 et
496 4839 701 4899 conventum
717 4840 931 4900 Casoenmrtt.

469 4967 504 5024 25
514 4967 587 5041 junii
604 4969 682 5028 1222.

303 5089 455 5156 1116661666,
471 5089 538 5142 dnn.
553 5091 667 5152 Gistate,
685 5093 728 5151 rt,
743 5109 768 5157 p.
781 5092 848 5159 bib]

179 5202 292 5262 inhibet
306 5218 342 5261 ne
353 5207 550 5278 possessiones
567 5206 602 5264 de
616 5207 798 5281 eleemosyna
812 5208 973 5282 Apostolos

215 5307 314 5350 eorum
344 5296 519 5354 monasterio
547 5296 693 5369 acquisitae
719 5297 754 5354 ab
782 5299 877 5370 aliquo
907 5299 973 5356 alie·

214 5388 327 5439 nentur.

1317 1579 1525 1667 GGXXVII

1024 1729 1076 1788 Ad
1095 1728 1298 1790 abbatemet
1318 1730 1524 1790 consecutam
1538 1731 1655 1791 Sancti
1672 1731 1817 1793 Victorts
1924 1758 1942 1778 κ

1328 1829 1529 1888 Massiliam·

1055 1952 1174 2016 [lissest.,
1185 1951 1230 2003 lib.
1241 1952 1284 2012 Vl,
1295 1953 1370 2018 epist.
1380 1953 1435 2004 stt.
1446 1956 1503 2006 1166.
1514 1955 1549 2006 Le
1558 1955 1633 2006 Porto
1647 1953 1681 2006 du
1692 1956 1786 2020 rosit]

1315 2063 1432 2141 1516611
1443 2070 1522 2128 1222.

1024 2188 1142 2249 Civitate
1160 2190 1316 2249 1166611166.
1333 2190 1482 2249 1616611616
1495 2191 1632 2263 subiecta,
1644 2193 1686 2250 eis
1701 2191 1818 2252 mandat

1058 2283 1090 2334 ut
1102 2277 1137 2336 ad
1146 2293 1233 2335 unum
1249 2278 1285 2336 de
1298 2279 1467 2351 prioratibus
1476 2280 1535 2338 suis
1545 2296 1576 2338 se
1591 2279 1819 2341 transieranteut

1059 2367 1121 2422 siue
1136 2364 1299 2426 celebritate
1313 2366 1409 2426 divine
1425 2369 1454 2424 io
1476 2384 1529 2427 suo
1552 2369 1725 2428 monasterio
1739 2371 1815 2428 celc-

1058 2453 1151 2513 brent.

1064 2581 1243 2649 Honorius,
1259 2583 1335 2654 etc,
1364 2582 1494 2644 dilectis
1516 2583 1633 2644 tiliis...
1658 2583 1769 2645 abbati
1784 2585 1818 2650 et

1025 2677 1203 2738 conventui
1218 2679 1331 2740 Sancti
1346 2679 1490 2740 Victoris
1505 2681 1687 2741 Massilien.

1066 2773 1275 2850 Significavit
1290 2775 1387 2836 nobis
1401 2776 1602 2837 venerabilis
1615 2777 1719 2840 trater
1739 2793 1820 2838 nos-

1024 2873 1075 2933 ter
1089 2872 1272 2934 Massilien.
1291 2873 1475 2949 episcopus,
1489 2873 1573 2950 quod
1588 2891 1688 2950 quum
1704 2875 1819 2936 civita-

1023 2971 1090 3030 tem
1110 2969 1305 3040 Massiliam,
1330 2969 1539 3045 exigentibus
1565 2970 1671 3047 culpis
1692 2970 1816 3032 civium

1025 3067 1109 3140 ejus,
1131 3059 1265 3142 subjicit
1286 3066 1472 3138 interdicto,
1489 3082 1549 3128 vos
1563 3067 1820 3144 privilegiorum

1025 3161 1210 3224 vestrorum
1237 3163 1401 3239 praetextu
1423 3163 1548 3236 divina,
1569 3164 1709 3240 pulsatis
1724 3181 1818 3226 carn-
1863 3229 1868 3239 Χ

1025 3259 1131 3335 panis,
1147 3259 1340 3321 solemniter
1354 3259 1530 3321 celebratis
1549 3263 1582 3323 et
1598 3261 1764 3323 interdum
1777 3261 1819 3324 ad

1024 3371 1063 3417 ea
1072 3357 1614 3420 excommunicatosetinterdiotos
1624 3358 1826 3433 admisistis,

1024 3467 1064 3514 ac
1085 3453 1185 3515 etiam
1214 3453 1822 3532 (1666666166666166166116666666-

1024 3551 1113 3612 mitis
1138 3549 1273 3611 tradere
1297 3550 1495 3627 sepulturae;
1532 3552 1620 3612 unde
1654 3553 1759 3629 petiit,
1784 3554 1820 3616 ut

1025 3664 1125 3725 quum
1134 3649 1273 3724 perhaec
1285 3663 1351 3708 non
1360 3647 1525 3708 modicum
1534 3649 1736 3711 dissolvatur
1745 3663 1818 3711 ner·

1024 3759 1085 3806 vus
1099 3744 1334 3806 ecclesiasticae
1349 3744 1544 3820 disciplinae,
1556 3747 1588 3807 et
1602 3761 1661 3807 vos
1674 3747 1730 3823 qui
1746 3747 1821 3808 sine

1026 3841 1268 3918 inquinamenti
1295 3840 1444 3918 periculo
1473 3855 1588 3917 pacem
1598 3843 1735 3920 tangere
1752 3858 1821 3904 non

1025 3939 1162 4016 potestis
1185 3954 1227 4000 ex
1246 3938 1418 3999 vicinitate
1434 3937 1557 4016 civium
1572 3938 1821 4015 praedictorum,

1025 4034 1122 4096 lamae
1135 4050 1174 4095 66
1185 4034 1302 4096 6616116
1317 4033 1436 4096 vestrae
1445 4033 1653 4110 dispendium
1666 4035 1821 4098 incurra-

1024 4133 1079 4204 tis,
1107 4147 1166 4192 vos
1187 4130 1363 4193 1666616661
1380 4130 1421 4192 ad
1448 4147 1550 4192 uanum
1565 4132 1605 4194 de
1620 4132 1820 4209 prioratibus

1026 4230 1146 4292 vestris
1162 4229 1202 4290 ad
1219 4221 1282 4292 hoc
1296 4229 1452 4292 idoneum
1465 4229 1662 4302 laceremus,
1678 4232 1822 4293 moratu·

1025 4341 1081 4388 ros
1114 4326 1256 4398 ibidem,
1284 4327 1389 4388 donea
1410 4327 1763 4391 excommunicationis
1789 4327 1823 4390 et

1026 4423 1193 4486 interdicti
1220 4425 1405 4496 sententias,
1431 4423 1550 4501 quibus
1576 4425 1656 4486 dicti
1671 4426 1761 4487 cives
1778 4425 1820 4487 ad

1026 4537 1173 4598 praesens
1201 4519 1372 4598 subjacere
1399 4522 1593 4594 noscuntur,
1614 4522 1738 4583 eisdem
1760 4537 1820 4584 sa·

1025 4617 1247 4680 tisiactionem
1256 4618 1399 4680 debitam
1408 4619 1685 4695 impendentibus,
1698 4619 1821 4680 luerint

1026 4715 1202 4790 relaxatam
1219 4715 1346 4792 aliquot
1361 4715 1402 4778 de
1422 4714 1579 4777 iratribus
1593 4715 1714 4777 vestris
1728 4716 1821 4776 inie-

1027 4813 1091 4872 rim
1120 4812 1314 4874 monasterii
1339 4813 1443 4874 uestri
1467 4811 1625 4874 custodiae
1643 4811 1820 4888 deputatis,

1027 4910 1213 4986 praesertim
1229 4925 1328 4987 quum
1343 4910 1389 4982 tu,
1402 4908 1450 4970 lili
1465 4909 1579 4982 abbas,
1592 4909 1623 4969 id
1635 4908 1714 4969 olim
1725 4923 1821 4986 prop-

1026 5009 1078 5069 ter
1093 5007 1241 5069 eamdam
1258 5023 1393 5069 causam
1408 5007 1555 5084 petieris,
1577 5007 1611 5068 et
1636 5005 1824 5067 obtinueris

1028 5121 1047 5166 a
1072 5105 1192 5168 dilecto
1214 5105 1283 5166 illio
1308 5105 1420 5166 nostro
1447 5107 1496 5175 B„
1519 5103 1608 5165 tituli
1624 5104 1821 5165 Sanctorum

1027 5201 1189 5264 lobannis
1224 5202 1257 5263 et
1292 5201 1388 5262 Pauli
1416 5199 1619 5300 presbyterot
1645 5199 1821 5274 cardinali,

1027 5300 1107 5360 tunc
1140 5299 1175 5360 in
1202 5297 1350 5374 partibus
1375 5297 1443 5358 illis
1476 5297 1653 5373 legationis
1675 5298 1822 5359 cilicium

1029 5397 1217 5467 exercente,
1235 5393 1483 5470 sioutpraelatus
1500 5394 1673 5472 episcopus
1688 5394 1824 5466 asserit,

216 5645 257 5720 (l)
273 5648 411 5708 Fortatic
423 5651 523 5710 baum
538 5655 677 5712 manullo
692 5654 777 5712 veroa
790 5656 931 5725 (crotalia
942 5655 1140 5732 appellationis
1151 5653 1195 5711 val
1206 5649 1439 5710 contradictionis
1453 5623 1612 5709 obstaculo.
1627 5647 1800 5722 (Baaqtart.)¹
