4258 6394
1101 143 1114 178 t

311 325 372 386 aba
927 327 1103 400 HONORII
1126 331 1171 390 111
1191 331 1339 404 OPERA·
1894 332 1958 394 aes

313 480 521 556 camarcelii,
547 485 672 562 atejus
695 485 799 558 curte,
823 485 859 548 ln
882 488 976 550 curte
996 487 1108 551 insula
1162 491 1248 566 quod
1267 491 1381 556 nullus
1401 489 1687 568 archiepiscopus,
1703 489 1756 554 vel
1777 491 1957 570 episcopus

314 581 538 658 Hugvitionis,
553 583 589 642 in
609 582 787 644 castellare
808 585 921 660 Campi
940 585 1057 660 Longi,
1075 587 1108 648 et
1161 587 1286 663 absque
1326 603 1467 650 assensu
1506 589 1767 665 senogalliensis
1807 590 1958 666 episcopi

312 682 386 755 ejus
402 681 505 750 curte,
526 681 561 740 in
585 683 677 741 curte
698 681 854 753 Ravonis,
876 682 911 741 in
933 683 1107 746 castellare
1162 684 1196 744 in
1222 683 1358 746 dioecesi
1388 685 1631 761 senogalliensi
1657 687 1839 748 conventus
1863 686 1957 748 cele-

315 779 462 849 Qunzau‚
490 778 523 836 et
548 778 621 853 ejus
647 777 751 849 curte,
779 779 815 838 in
846 780 957 842 castro
985 781 1107 842 Montis
1161 781 1270 854 brare,
1296 799 1415 844 causas
1436 783 1549 856 eliam,
1577 786 1610 846 et
1636 784 1865 847 ecclesiastica
1892 800 1968 846 nc-·

314 873 412 944 Novi,
427 872 462 934 et
477 875 549 948 ejus
565 875 668 944 curte,
686 873 721 932 in
736 875 846 936 castro
861 875 1104 952 Peudingarda,
1161 880 1250 954 gotia
1264 880 1410 956 ejusdem
1425 881 1590 952 diocesis,
1607 882 1672 944 nisi
1690 896 1752 958 per
1770 885 1959 944 Romanum

314 969 346 1032 el
365 973 439 1047 ejus
460 970 564 1044 curte,
587 970 623 1031 in
647 971 823 1034 castellare
844 972 963 1034 insulae
987 973 1106 1036 Gasel-
1162 977 1367 1050 Pontificem,
1392 978 1447 1040 vel
1470 981 1543 1055 ejus
1566 979 1712 1055 legatum
1733 978 1834 1041 luerit
1848 980 1959 1040 eidem

312 1067 417 1138 vacis,
443 1068 477 1129 et
496 1070 568 1145 eJus
592 1070 697 1142 curte,
722 1069 758 1129 in
785 1070 961 1132 castellare
984 1071 1107 1134 montis
1162 1073 1348 1150 injunctum
1367 1077 1512 1136 tractare
1527 1077 1716 1154 praesumat.
1739 1077 1958 1138 Decernimus

315 1165 349 1226 S.
363 1164 441 1236 Viti,
463 1165 497 1226 et
516 1169 587 1242 ejus
606 1168 710 1238 curte,
732 1167 767 1226 in
786 1169 895 1228 castro
917 1169 1058 1240 Maruci,
1076 1168 1108 1230 et
1130 1165 1137 1184 ⁸
1161 1186 1252 1247 ergo,
1269 1172 1305 1233 ut
1320 1173 1403 1233 nulli
1417 1173 1551 1234 omnino
1567 1173 1737 1234 bominum
1751 1173 1851 1237 liccat
1863 1190 1957 1252 pree-

314 1263 388 1340 eJus
403 1264 508 1334 curte,
527 1263 562 1324 in
581 1263 756 1326 castellare
773 1266 805 1326 S.
820 1265 956 1327 Martini
974 1265 1034 1326 filii
1048 1265 1109 1326 Al·
1161 1265 1264 1329 falam
1292 1269 1467 1330 ecclesiam
1492 1271 1617 1334 temere
1643 1271 1851 1348 perturbare,
1879 1271 1957 1344 etc„

314 1355 427 1428 donis,
446 1358 479 1419 et
500 1359 572 1434 ejus
596 1359 699 1430 curte,
720 1358 756 1420 in
778 1361 887 1422 castro
911 1359 1049 1431 Gerreti,
1075 1360 1109 1421 et
1161 1381 1268 1440 annac
1278 1367 1462 1444 profutura,
1475 1368 1568 1430 salvo
1579 1368 1734 1430 mandato
1747 1369 1843 1430 Sedis
1856 1372 1960 1448 Apos-

314 1456 387 1532 ejllfl
400 1454 504 1526 curte,
518 1454 728 1528 issFOIliassQ
743 1457 775 1516 et
790 1457 1109 1533 ejuscurtminlas·
1161 1464 1270 1526 tolicae
1286 1464 1435 1540 speciali.
1458 1465 1493 1525 Si
1515 1482 1579 1545 qua
1600 1465 1712 1542 igitur,
1737 1467 1800 1528 etc.
1823 1468 1959 1529 Cunctis

314 1551 449 1624 sellare,
472 1551 505 1612 et
521 1554 594 1630 eJ'us
617 1553 721 1624 curte,
737 1553 773 1613 in
790 1554 883 1616 curte
907 1557 1001 1616 Accae
1023 1569 1107 1614 con·
1162 1563 1283 1634 annam,
1310 1562 1372 1622 etc.
1406 1563 1524 1623 Datum
1550 1563 1706 1624 Laterani
1736 1579 1796 1641 por
1823 1579 1958 1625 manum

311 1649 438 1722 tractae,
454 1648 556 1710 turris
568 1651 684 1727 ruptae,
697 1650 774 1713 etin
788 1652 965 1713 castellare
975 1651 1105 1724 Albani,
1163 1659 1313 1734 magistri
1323 1659 1494 1731 Gnidonis,
1504 1662 1541 1721 b.
1554 1673 1648 1738 paple
1659 1661 1834 1738 capellani,
1847 1663 1891 1722 IV
1901 1661 1960 1723 ka·

312 1745 345 1808 et
363 1749 437 1822 ejus
461 1747 553 1810 curte
572 1763 646 1808 cum
667 1748 867 1820 hominibus,
889 1748 1051 1820 curtibus,
1074 1749 1109 1810 et
1163 1756 1279 1818 lendas
1298 1756 1399 1834 Junii,
1422 1757 1604 1820 indictione
1617 1761 1691 1831 ΧΠ,
1712 1759 1959 1821 incarnationis

311 1843 523 1922 pertiuentiis
536 1845 739 1916 eorumdem,
751 1847 990 1908 monasterium
1003 1849 1036 1908 S.
1049 1849 1109 1908 lle-
1163 1855 1344 1918 Dominicae
1368 1869 1456 1916 anno
1481 1857 1569 1928 1223,
1586 1857 1797 1933 ponnflcatus
1818 1871 1898 1920 vero
1916 1859 1957 1918 D.

310 1941 409 2013 nesii,
420 1941 547 2017 plebem
561 1944 680 2014 Manae,
694 1943 823 2018 plebem
835 1945 868 2004 S.
880 1944 1055 2005 Michaelis
1068 1945 1108 2004 (le
1162 1952 1304 2012 Honorii
1319 1967 1413 2030 pnpae
1429 1955 1475 2015 111
1489 1968 1578 2016 anno
1593 1953 1746 2030 septimo.

312 2037 398 2098 colle
421 2037 565 2110 Urbano,
586 2039 715 2117 plebem
739 2041 774 2102 S.
793 2040 955 2116 Apostoli,
976 2039 1107 2117 plebem

312 2135 551 2212 Scorzalepori,
567 2136 694 2220 plebem
711 2139 743 2200 S.
763 2138 915 2200 servasii
928 2137 969 2200 de
984 2137 1108 2212 Bulga-
1209 2199 1213 2208 ,

310 2233 375 2304 ria,
388 2233 517 2311 plebem
528 2233 568 2296 de
579 2237 701 2305 Paene,
717 2234 845 2310 plebem
858 2235 898 2296 de
911 2234 1019 2307 Caris,
1035 2235 1109 2311 ple-
1481 2207 1641 2299 CXLIII

310 2329 385 2394 b0sss
402 2332 435 2391 S·
451 2331 632 2408 Hippolyti,
652 2333 782 2409 plebem
802 2332 961 2405 dilMffl'O,
978 2332 1107 2410 Plebflm
1162 2352 1435 2414 Adabbolimom
1456 2369 1498 2416 cc
1520 2355 1727 2416 coarctatum
1746 2357 1788 2417 dc
1811 2357 1956 2428 Brailla,

313 2430 348 2489 S.
369 2429 460 2490 Petri
480 2429 520 2492 de
541 2430 688 2502 Colonia,
710 2429 840 2507 plebem
854 2430 957 2507 plani,
978 2431 1107 2507 plebem
1363 2452 1601 2514 apamensis
1612 2456 1756 2513 ordinis

311 2524 353 2587 de
372 2525 467 2598 colle,
493 2529 527 2588 et
550 2527 678 2604 plebem
700 2528 822 2589 montis
846 2527 954 2600 Porci,
977 2527 1106 2604 plebem
1559 2583 1565 2594 .

312 2623 462 2700 Orgeoli,
493 2624 621 2702 plebem
656 2627 690 2687 S.
733 2625 895 2702 Gregorii,
931 2625 1107 2686 ecclesiam
1365 2693 1372 2706 ,
1449 2581 1662 2640 ²3m⁸¹¹¹m

312 2723 442 2784 Sanctae
459 2723 575 2784 Mariae
597 2723 637 2786 de
656 2723 771 2796 Bodio,
796 2723 972 2786 ecclesiam
991 2726 1025 2786 S.
1046 2725 1108 2786 Ja·
1282 2691 1536 2760 [neumasiensi.
1550 2695 1839 2762 ⁰³⁰¹³¹⁶⁰¹·’¹V·²⁴⁰·]

311 2819 386 2883 cohi
403 2837 477 2882 cum
492 2820 661 2897 hospitali,
681 2820 857 2882 ecclesiam
875 2823 908 2882 s,
929 2821 1046 2882 Marlae
1064 2821 1107 2882 de
1161 2809 1276 2869 Mandat
1291 2819 1323 2868 ut
1338 2813 1369 2870 F.
1385 2812 1526 2870 reclusam
1542 2811 1644 2870 domus
1659 2813 1687 2872 S.
1704 2815 1804 2870 Lazari
1820 2813 1956 2872 Camela-

244 2973 249 2984 .
310 2918 430 2980 pppepo
446 2934 520 2980 cum
542 2918 700 2997 hospitali
723 2919 764 2981 de
785 2921 908 2992 Massa,
930 2919 1105 2981 ecclesiam
1195 2900 1290 2957 censis
1306 2899 1335 2957 iu
1352 2915 1479 2959 sororem
1494 2915 1577 2959 sunm
1594 2903 1656 2960 sine
1671 2901 1837 2960 difficultate
1850 2903 1955 2961 admit-

312 3017 346 3076 S.
379 3016 543 3077 iohannis
576 3017 616 3076 de
648 3018 760 3078 Monte
791 3018 896 3088 Novo,
921 3017 1105 3078 ecclesiam
1196 2995 1266 3047 ²³⁰²·

312 3115 345 3173 S.
360 3112 525 3174 lobannis
536 3111 577 3173 de
590 3115 770 3189 Scapzano,
782 3113 911 3190 plebem
921 3112 962 3176 de
973 3114 1103 3187 allano,
1202 3115 1368 3178 Honorius
1379 3114 1565 3196 episcopus,
1575 3133 1690 3180 servus
1702 3134 1873 3180 servorum
1882 3117 1954 3190 Dei,

312 3209 441 3288 plebem
456 3213 489 3271 S.
506 3211 641 3272 Martini
655 3210 799 3272 filiorum
811 3211 960 3283 aldonis,
978 3211 1106 3288 plebem
1162 3212 1291 3274 dilectae
1317 3213 1394 3275 tiliae
1422 3213 1614 3289 abbatisse,
1644 3232 1683 3277 ac
1707 3215 1888 3278 conventui
1916 3215 1957 3276 de

314 3309 348 3368 S.
374 3308 588 3384 Archangeli,
618 3307 746 3385 plebem
778 3311 811 3370 S.
845 3309 1041 3370 Paterniani
1067 3310 1107 3372 de
1161 3311 1298 3385 Brailla,
1325 3312 1557 3374 Cisterciensis
1586 3312 1725 3386 ordinis
1760 3313 1959 3375 salutemet

313 3404 480 3478 Fractuia,
507 3403 635 3482 plebem
656 3405 697 3466 de
717 3406 900 3478 Gasemino,
924 3408 957 3469 et
977 3405 1107 3483 plebem
1161 3408 1386 3488 Apostolicam
1399 3407 1675 3471 benedictionem.

316 3504 350 3564 S.
368 3503 547 3565 Clementis
566 3519 640 3564 cum
657 3502 795 3579 capellis
810 3503 843 3566 in
859 3519 975 3566 earum
992 3503 1109 3582 plebe·
1201 3505 1328 3567 Dilecta
1346 3507 1380 3566 in
1397 3504 1527 3566 Christo
1542 3505 1611 3565 fllia
1633 3505 1670 3566 F.
1691 3503 1822 3566 reclusa
1840 3503 1957 3566 domus

258 3668 271 3700 ὃ
311 3598 402 3662 tibus
417 3601 545 3677 positis,
566 3599 676 3670 bonis,
692 3601 968 3678 possessionibus
989 3617 1028 3664 ac
1046 3601 1110 3664 ho-
1163 3603 1275 3665 Sancli
1291 3603 1406 3664 Lazari
1425 3602 1685 3673 Cameracensis,
1698 3599 1794 3664 nobis
1808 3599 1959 3663 tecitbu-

311 3696 458 3758 minibus
469 3699 659 3760 earumdem
670 3713 745 3760 cum
756 3699 853 3775 plena
860 3699 1105 3776 jurisdictione,
1162 3699 1286 3762 militer
1296 3699 1488 3777 supplicari,
1504 3701 1625 3760 uicum
1641 3697 1672 3758 ei
1687 3697 1791 3762 tutius
1803 3697 1958 3760 videatur

313 3811 413 3873 quam
427 3795 688 3871 senogalliensis
698 3796 842 3858 ecclesia
857 3799 1007 3861 noscitur
1017 3798 1051 3860 in
1065 3799 1107 3860 iis
1162 3813 1262 3874 agere
1287 3797 1321 3856 in
1348 3794 1551 3858 monasterio
1575 3795 1744 3856 residuum
1769 3795 1847 3858 vitae
1873 3811 1954 3870 suae,

312 3893 475 3955 hactenus
501 3892 669 3956 habuisse.
709 3895 876 3958 Praeterea
902 3895 989 3973 quod
1016 3911 1108 3958 com·
1162 3909 1259 3970 quam
1283 3893 1331 3953 sic
1353 3908 1427 3953 esse
1445 3894 1621 3964 reclusam,
1645 3893 1678 3955 et
1701 3891 1766 3970 ipsi
1786 3891 1956 3954 licentiam

313 3991 408 4052 muni
423 4005 562 4052 assensu
577 3991 625 4052 tui
640 3993 787 4069 capituli,
806 3994 859 4054 vel
874 3994 1011 4071 majoris
1029 4008 1107 4069 par·
1161 3989 1343 4052 concedere
1381 3989 1634 4051 Cisterciensem
1674 3989 1825 4051 ordinem
1857 4003 1957 4051 assu-

313 4087 358 4150 tis
369 4087 474 4164 ipsius
485 4089 618 4150 consilii
631 4090 819 4153 saniorisin
834 4093 889 4152 lun
901 4090 1034 4154 dioecesi
1047 4105 1107 4166 per
1161 4086 1283 4159 mendi,
1300 4087 1334 4148 et
1348 4103 1407 4148 vos
1423 4103 1483 4164 pro
1501 4086 1692 4164 receptione
1708 4087 1813 4164 ipsius
1830 4087 1953 4149 nostris

313 4185 347 4246 te
361 4185 521 4246 canonice
537 4185 637 4256 tuerit
648 4187 847 4258 institutum,
865 4188 985 4259 ratum,
1001 4187 1035 4248 et
1048 4185 1108 4246 tir·
1160 4184 1305 4246 invitare
1329 4185 1450 4247 litteris
1477 4184 1692 4260 dignaremur
1718 4207 1725 4246 :
1751 4200 1813 4246 nos
1842 4181 1954 4262 itaque

314 4297 404 4344 mum
422 4283 576 4345 volumus
594 4299 800 4360 permanere.
820 4283 1039 4346 Prohibemus
1053 4285 1108 4344 in·
1161 4298 1277 4361 preces
1293 4285 1376 4360 ejus,
1397 4286 1429 4344 el
1444 4281 1662 4360 propositum,
1683 4281 1826 4358 benigno
1842 4281 1956 4343 favore

314 4396 416 4458 super
434 4396 476 4442 ne
496 4381 802 4444 excommunicatos
822 4385 909 4452 tuos,
925 4381 979 4441 vel
996 4381 1106 4442 inter·
1162 4381 1197 4440 in
1208 4379 1347 4441 Domino
1363 4381 1612 4458 prosequentes,
1628 4379 1955 4442 sanitatemvestram

314 4477 419 4542 dictos
432 4478 473 4539 ad
485 4478 642 4551 osticium,
656 4479 709 4540 vel
722 4478 987 4539 communionem
998 4477 1108 4542 eccle-
1161 4493 1329 4553 rogamus
1346 4478 1379 4539 et
1399 4493 1570 4538 monemus
1590 4477 1724 4548 attente,
1742 4491 1802 4552 per
1819 4477 1955 4553 Aposto-

314 4575 483 4638 eiasiicam
498 4577 570 4637 sine
589 4575 806 4645 conscientia,
824 4576 857 4637 et
871 4591 1037 4638 consensu
1050 4579 1107 4638 luo
1161 4575 1262 4636 licam
1281 4576 1398 4636 sedem
1421 4575 1626 4645 mandantes,
1648 4574 1811 4650 quatenus
1835 4575 1953 4652 ipsam,

313 4674 488 4753 quisquam
513 4673 674 4746 admittat,
697 4674 756 4735 aut
774 4673 890 4735 contra
909 4673 1108 4735 sententiam
1162 4672 1203 4734 ob
1219 4673 1442 4734 reverentiam
1464 4671 1610 4732 diuinam
1630 4672 1662 4733 et
1683 4671 1830 4732 nostram
1846 4671 1880 4731 in
1896 4685 1955 4731 so-

313 4772 405 4834 tuam
420 4771 580 4833 canonice
598 4771 840 4847 promulgatam
855 4768 977 4846 aliquis
992 4769 1108 4832 uenire
1162 4785 1272 4832 rorem
1284 4771 1430 4831 vestram
1446 4769 1519 4829 sine
1531 4767 1725 4830 difficultate
1738 4769 1886 4846 qualibet
1898 4767 1956 4830 ad·

313 4871 505 4947 praesumat,
528 4867 694 4930 nisiiorte
713 4867 898 4945 periculum
914 4867 1109 4928 mortisim-
1162 4867 1316 4941 mittatis3
1342 4867 1389 4927 ita
1412 4866 1498 4942 quod
1520 4865 1594 4942 ipsa
1628 4881 1695 4926 una
1718 4865 1889 4928 vobiscum
1916 4865 1957 4926 de

314 4967 451 5040 mineat,
468 4966 526 5028 aut
547 4965 625 5027 dum
647 4965 859 5042 praesenliam
878 4967 970 5026 tuam
985 4964 1108 5026 habere
1162 4965 1285 5026 virtute
1299 4963 1460 5040 prolicere
1475 4964 1587 5025 valeat
1602 4964 1636 5023 in
1648 4963 1816 5036 virtutem,
1832 4966 1865 5024 el
1878 4978 1957 5026 ves-

314 5065 538 5140 nequivcrint,
563 5078 623 5141 per
644 5063 747 5124 alium
765 5063 946 5125 secundum
968 5062 1108 5124 sormam
1163 5065 1215 5125 tra
1244 5061 1367 5123 caritas
1394 5077 1454 5123 ros
1481 5076 1587 5132 carae,
1618 5061 1652 5122 et
1676 5059 1955 5122 commendabiles

315 5161 473 5224 Ecclesiae
508 5160 736 5225 satisfactione
760 5161 924 5237 promissa
958 5161 1110 5236 oporteat
1162 5155 1280 5220 reddat
1304 5159 1339 5218 in
1366 5157 1472 5219 oculis
1497 5155 1691 5218 salvatoris.
1715 5158 1834 5218 Datum
1853 5156 1955 5218 Late-

314 5257 454 5336 ligatum
478 5259 617 5322 absolvi.
641 5262 819 5321 Sacrorum
845 5273 973 5336 quoque
1001 5271 1108 5320 cano·
1162 5256 1248 5328 rani,
1266 5255 1308 5316 lll
1323 5255 1391 5316 kal.
1402 5255 1502 5334 junii,
1519 5253 1732 5333 pontificatus
1747 5254 1854 5318 nostri
1868 5267 1955 5315 anno

316 5373 396 5420 num
434 5357 665 5420 auctoritatem
705 5359 882 5436 sequentes
918 5353 1107 5428 statuimus,
1163 5355 1258 5417 sexto
1272 5349 1448 5434 [septimol.
