4244 6374
319 297 379 359 535

247 462 249 470 ’
317 458 468 520 tuensem
482 453 657 516 ecclesiam
680 451 847 528 possessio
867 451 915 512 sic
937 451 1113 528 abjudica-

317 556 383 628 tur,
400 553 551 614 caudata
576 550 739 622 turbetur,
766 550 798 611 et
822 551 902 610 tunc
923 549 1113 625 archiepis-

320 669 421 730 copus
459 649 648 714 turbatores
687 648 848 708 duntaxat
882 647 1111 722 suspensione,

317 749 371 811 vel
387 745 731 811 excommunicatione
750 745 847 821 prout
862 760 977 805 eornm
992 759 1113 805 exces-

319 863 376 909 sus
406 845 555 920 exegerit
582 861 601 904 a
624 843 874 920 perturbatione
914 844 1111 917 compescat.

319 944 382 1005 Ubi
410 957 490 1004 vero
517 941 553 1000 in
575 940 820 1016 possessionem
858 938 973 998 missio
1005 937 1114 998 locum

318 1040 442 1101 habore
457 1054 523 1098 non
543 1037 651 1115 potest
672 1035 954 1113 archiepiscopus,
970 1035 1114 1112 priorem

320 1137 353 1198 91
367 1136 540 1214 syndicum
558 1135 775 1196 Portuensem
790 1134 926 1210 propter
936 1133 1113 1194 contuma-

321 1234 408 1296 ciam
423 1232 698 1304 excommunicet,
728 1229 780 1292 vel
806 1231 996 1306 suspendat,
1017 1230 1116 1305 prout

318 1329 441 1394 viderit
455 1329 616 1406 expediri.
631 1331 770 1389 Domum
783 1329 905 1400 autem,
923 1327 955 1388 et
969 1341 1116 1388 conven-

319 1429 401 1500 tum,
425 1443 486 1488 nec
512 1425 700 1498 interdicto,
725 1441 787 1486 nec
809 1425 1031 1501 suspensioni,
1053 1439 1115 1484 nec

318 1521 654 1584 excommunicationi
686 1520 864 1596 supponat,
900 1519 966 1579 nisi
1000 1517 1114 1579 forsan

318 1635 434 1680 eorum
450 1619 577 1680 malitia
593 1618 695 1694 prior,
712 1619 745 1679 91
763 1617 919 1694 syndicus
943 1617 979 1676 in
995 1618 1115 1677 contu-

216 1725 217 1736 *
318 1717 435 1777 maciae
452 1732 521 1778 suae
534 1715 718 1777 rebellione
735 1715 925 1791 persistant,
943 1714 975 1775 91
987 1714 1065 1775 tunc
1079 1713 1114 1773 in

320 1829 377 1874 eos
391 1813 632 1885 tantummodo,
650 1827 731 1889 quos
752 1828 852 1888 super
875 1813 938 1872 boc
958 1811 993 1872 in
1016 1811 1113 1887 culpa

317 1912 464 1988 reperiet
478 1909 667 1987 hujusmodi
682 1909 794 1970 valeat
816 1921 974 1969 exercere
990 1924 1112 1968 censu-

318 2023 401 2069 ram.
427 2008 519 2068 Nulli
545 2022 624 2082 ergo
653 2006 789 2067 omnino
815 2005 986 2065 hominum
1012 2004 1115 2066 liceat

319 2104 406 2165 hanc
421 2104 577 2180 paginam
590 2105 714 2165 nostrae
728 2103 990 2164 confirmationis
1002 2103 1114 2179 etpro-

317 2201 456 2264 visionis
469 2202 664 2277 infringere,
684 2202 738 2262 vel
760 2203 792 2263 ei
818 2217 903 2262 ausu
932 2201 1113 2262 temerario

318 2297 496 2357 contraire.
511 2297 546 2357 Si
562 2297 635 2373 qiiis
646 2297 755 2356 autem
769 2296 832 2357 boc
845 2297 1007 2356 attentare
1021 2311 1112 2371 prae-

318 2393 507 2470 sumpserit,
525 2393 785 2468 indignationem
801 2392 1037 2468 omnipotentis
1052 2393 1111 2452 Dei

319 2493 353 2552 ct
365 2491 537 2552 beatorum
548 2491 638 2552 Petri
653 2492 686 2551 91
697 2491 793 2551 Pauli
804 2491 1028 2566 apostolorum
1040 2495 1112 2567 ejus

320 2603 357 2650 se
376 2589 509 2649 noverit
542 2589 765 2649 incursurum.
796 2588 915 2649 Datum
942 2588 1110 2659 Laterani,

320 2688 350 2745 Il
364 2685 439 2746 idus
465 2684 637 2759 februarii,
667 2685 877 2762 pontificatus
895 2685 1000 2747 nostri
1025 2701 1113 2746 anno

321 2784 449 2845 octavo.

638 3024 798 3111 axxssi

386 3176 623 3235 AdAadream
638 3178 809 3248 quorcdam
830 3175 1046 3235 lundensem

614 3273 815 3343 archiepisc.

581 3403 615 3459 15
625 3401 758 3458 februarii
772 3401 849 3460 1111.

408 3525 553 3592 [biljegrem
565 3525 680 3577 Svenslrt
690 3525 808 3590 diplom„
819 3527 838 3584 1,
851 3525 906 3584 138,
916 3540 942 3575 n.
955 3525 1024 3590 aaa]

317 3649 452 3708 Concedit
463 3657 631 3723 potestatam
658 3649 824 3707 absolvendi
847 3665 907 3719 cos,
924 3651 972 3721 qui
1000 3648 1113 3708 suntdc

353 3738 417 3812 cius
435 3738 552 3811 speciali
578 3736 734 3795 1911111191
759 3738 808 3810 qui
828 3736 931 3795 landos
955 3737 1114 3796 Lundensis

353 3827 482 3886 99919919
497 3842 548 3899 pro
574 3825 635 3900 ejus
654 3826 817 3898 provisione
842 3826 1005 3899 assignatos
1027 3827 1110 3883 inba-

351 3914 443 3973 bilant
457 3917 481 3972 si
501 3914 572 3972 19119
593 3915 744 3972 inciderint
759 3915 787 3970 in
807 3928 947 3972 canonem
963 3916 1113 3972 sententiae

354 4005 553 4076 promulgatae.

357 4129 1110 4206 Honoriusepiscopus,servusscrvorumDei,

316 4226 502 4288 venarabili
517 4226 613 4288 tratri
627 4229 678 4298 1.,
696 4227 862 4303 quondam
875 4227 1042 4289 Lundensi
1056 4242 1112 4287 ar-

317 4324 540 4400 chiepiscopo,
553 4325 705 4396 salutem,
721 4327 782 4386 etc.

357 4423 476 4483 Merita
502 4422 568 4483 tuae
592 4421 765 4498 probitatis
788 4424 820 4483 at
844 4421 1030 4484 honestatis
1045 4437 1109 4480 ex-

316 4520 466 4595 poscunt,
498 4519 533 4580 ut
563 4519 598 4579 in
632 4519 750 4595 quibus
784 4520 877 4580 salva
906 4517 1112 4579 conscientia

316 4632 491 4692 possumus
506 4617 653 4678 savorem
665 4617 725 4678 tibi
739 4615 966 4693 apostolicum
982 4613 1114 4691 impen-

316 4715 444 4775 damus.
469 4715 554 4775 Hinc
578 4715 728 4792 estquod
742 4713 896 4791 precibus
920 4712 986 4773 tuis
1011 4711 1110 4772 beni-

316 4827 417 4888 gnum
443 4812 670 4888 impertientes
700 4827 887 4880 assensum,
918 4808 1112 4870 absolvendi

316 4923 373 4970 eos
389 4909 445 4986 qui
460 4909 538 4969 sunt
552 4909 592 4969 de
607 4909 665 4970 tua
678 4906 816 4985 speciali
835 4905 974 4977 familia,
999 4907 1031 4966 91
1057 4907 1113 4983 qui

316 5004 435 5068 fundos
462 5006 647 5066 Lundensis
667 5003 817 5066 ecclesiae
833 5019 892 5080 pro
914 5005 972 5063 tna
994 5005 1112 5079 provi·

316 5104 409 5164 sione
424 5102 484 5165 tibi
495 5103 683 5179 assignatos
697 5100 895 5172 inhabitant,
911 5101 1038 5162 9119119
1054 5101 1114 5162 ali·

316 5200 447 5279 quando
473 5201 653 5262 inciderint
676 5201 712 5261 in
753 5214 913 5260 canonem
940 5199 1113 5260 sententiaa

316 5298 546 5375 promulgatae,
559 5297 735 5358 dummodo
750 5311 866 5358 eorum
875 5311 1033 5357 excessus
1047 5313 1114 5356 non

219 5463 225 5487 x
316 5397 360 5458 sit
372 5394 518 5458 difficilis
535 5396 568 5457 at
582 5395 744 5466 enormis;
761 5395 794 5455 et
812 5393 1022 5454 conferendis
1037 5409 1115 5470 per·

316 5494 408 5554 sonis
422 5494 552 5554 idoneis
562 5491 725 5553 beneficia
736 5492 771 5552 in
785 5491 882 5552 dictis
901 5490 1012 5552 fundis
1030 5507 1113 5552 con-

312 5591 467 5653 sistentia
500 5607 600 5668 quum
630 5590 808 5660 vacabunt,
833 5589 893 5650 tibi
915 5589 1115 5652 auctoritate

937 292 1114 354 HONORII
1135 291 1181 351 III
1202 288 1350 349 OPERA.

1905 277 1965 336 5311

1168 445 1382 524 praesentium
1403 439 1614 504 concedimus
1633 439 1839 516 potestatem.
1861 435 1963 516 Ὶ1111111

1169 560 1260 620 ergo,
1287 544 1349 603 919.
1368 541 1402 602 Si
1417 540 1492 616 quis
1507 539 1628 609 autem,
1645 539 1707 598 etc.
1722 536 1841 597 Datum
1860 535 1962 596 Lata-

1169 643 1254 712 rani,
1271 642 1331 701 XV
1355 636 1516 698 kalendas
1529 636 1621 703 maii,
1638 650 1726 696 anno
1739 634 1866 695 octavo.

1489 911 1645 998 CXXssl

1294 1066 1346 1125 Act
1355 1067 1514 1141 priorem
1533 1065 1835 1126 camaldulensem.

1429 1194 1462 1251 16
1475 1192 1608 1252 februarii
1624 1192 1703 1250 laia.

1247 1317 1399 1382 [llittarelli‚
1413 1318 1506 1368 Annal.
1517 1316 1670 1376 Camaldul„
1685 1316 1728 1376 lV,
1745 1329 1803 1380 app.
1818 1313 1887 1378 tm]

1187 1445 1299 1502 11119119
1311 1444 1396 1516 priori
1411 1442 1621 1503 camaldulensi
1635 1457 1686 1515 pro
1698 1439 1833 1500 1191111999
1844 1437 1945 1497 abbate

1441 1531 1690 1604 Berardingorum.

1209 1651 1376 1712 Honorius
1387 1650 1574 1727 episcopus,
1586 1665 1701 1710 servus
1711 1647 1962 1719 servorumDei,

1169 1746 1289 1808 dilecto
1305 1746 1410 1807 filio...
1426 1746 1531 1822 priori
1551 1744 1808 1813 camaldulensi,
1823 1743 1964 1804 salutem

1169 1843 1432 1921 etapostolicam
1448 1843 1725 1905 benedictionem.

1210 1944 1316 2013 Quum
1341 1957 1447 2018 nuper
1467 1941 1669 2002 monasterio
1693 1939 1849 2000 Albaren.
1876 1937 1964 2015 quod

1169 2033 1219 2098 ad
1224 2041 1406 2099 Romanam
1422 2039 1604 2100 Ecclesiam
1619 2037 1711 2097 nullo
1727 2036 1869 2114 pertinet
1888 2051 1963 2095 me-

1168 2134 1291 2206 diante,
1307 2137 1450 2212 pastoris
1464 2136 1583 2196 solatio
1594 2135 1764 2206 destitnt0,
1776 2133 1888 2194 dilecti
1902 2132 1965 2193 11111

1169 2233 1350 2294 conventus
1363 2233 1511 2310 ejusdem
1522 2232 1716 2294 monasterii
1727 2231 1963 2293 convenientes

1168 2330 1203 2389 in
1225 2345 1337 2403 unum,
1367 2331 1520 2392 invocata
1546 2330 1688 2407 Spiritus
1714 2330 1826 2390 Sancti
1841 2329 1961 2404 gratia,

1167 2426 1324 2488 dilectum
1349 2428 1490 2488 lilium...
1521 2427 1672 2488 abbatem
1704 2427 1898 2488 monasterii
1922 2428 1962 2487 de

1168 2525 1392 2601 Berardingis,
1411 2526 1496 2602 quod
1513 2526 1553 2586 ad
1573 2526 1666 2586 tuum
1680 2525 1866 2586 coenobium
1881 2541 1961 2602 per-

1168 2622 1274 2683 tinere
1297 2623 1513 2698 dignoscitur,
1541 2623 1575 2682 in
1591 2623 1742 2684 abbatem
1767 2639 1863 2683 suum
1888 2622 1961 2682 919-

1168 2720 1278 2794 gerint
1288 2721 1321 2781 91
1330 2722 1507 2797 pastorem,
1521 2721 1729 2782 devotionem
1740 2721 1831 2782 tuam
1846 2735 1965 2780 mone-

1169 2833 1252 2890 mus,
1269 2835 1328 2894 per
1341 2818 1530 2895 Apostolica
1540 2818 1602 2880 tibi
1613 2819 1736 2895 scripta
1752 2818 1960 2890 mandantes,

1169 2916 1331 2991 quatenus
1349 2915 1456 2977 eidem
1477 2933 1496 2976 a
1514 2917 1658 2990 vinculo,
1676 2933 1740 2995 quo
1760 2916 1962 2977 monasterio

1168 3014 1208 3073 de
1223 3013 1595 3089 Berardingis'tenetur,
1612 3015 1744 3092 penitus
1755 3013 1905 3075 absoluto
1920 3013 1963 3073 ad

1168 3110 1348 3172 Alberanse
1361 3115 1598 3174 monasterium
1615 3112 1810 3174 transeundi
1833 3111 1962 3174 tribuas

1169 3208 1964 3282 liberamfacultatem.DatumLaterani,Xlea·

1168 3305 1284 3368 lendas
1305 3308 1428 3381 martii,
1444 3324 1532 3370 anno
1548 3309 1675 3370 octava.

1499 3584 1634 3670 CXXV

1316 3737 1367 3797 Aa
1381 3737 1524 3794 Ericum
1539 3749 1658 3824 repam
1671 3735 1808 3796 Soettcc.

1426 3864 1461 3922 20
1474 3863 1607 3922 februarii
1624 3866 1702 3923 lati.

1261 3987 1523 4051 [Liljegremswenskt
1533 3987 1650 4052 diplom,
1659 3989 1678 4047 l,
1687 3989 1741 4048 138,
1760 4003 1786 4038 n.
1799 3989 1866 4054 211]

1878 4057 1884 4066 ι

1168 4115 1203 4171 111
1215 4112 1343 4183 quiescat
1355 4112 1535 4186 presbyteros
1549 4115 1708 4172 9191911999
1720 4115 1802 4189 regni
1818 4115 1861 4172 sui
1871 4130 1958 4188 expe·

1203 4199 1338 4257 ditionem
1353 4203 1481 4274 angariis
1496 4211 1524 4260 91
1539 4204 1591 4260 alis
1603 4203 1787 4262 saecularibus
1801 4204 1958 4261 9119911911-

1202 4288 1255 4347 bus
1270 4303 1432 4362 aggravare
1445 4299 1473 4348 ct
1486 4294 1647 4350 molestare.

1207 4419 1385 4491 Honorius,
1398 4419 1472 4491 919,
1486 4420 1660 4481 carissimo
1671 4420 1844 4482 inebriato
1853 4421 1959 4482 11119...

1167 4515 1288 4577 illustri
1300 4516 1395 4591 regni
1409 4517 1542 4585 Svetiac,
1559 4517 1710 4578 salutem.

1208 4613 1387 4674 Remittere
1412 4615 1656 4676 consueverunt
1677 4630 1774 4690 reges
1801 4615 1963 4678 Catholici

1168 4711 1329 4782 ecclesiis,
1342 4711 1375 4774 91
1390 4711 1521 4772 clericis
1537 4711 1672 4774 obtentu
1696 4712 1818 4774 divinae
1829 4712 1963 4788 pietatis

1168 4808 1336 4883 angarias,
1354 4810 1452 4870 91999
1467 4825 1486 4869 a
1500 4809 1717 4870 saecularihus
1733 4809 1962 4872 exactionibus

1168 4905 1322 4967 liberare.
1338 4905 1431 4966 Unde
1450 4923 1512 4967 nac
1526 4907 1582 4968 tuo
1607 4907 1801 4969 conveniret
1826 4907 1958 4980 honori,

1168 5019 1229 5065 nec
1243 5003 1344 5064 saluti
1359 5003 1458 5064 etiam
1478 5004 1662 5080 expediret,
1679 5005 1715 5066 ut
1741 5020 1760 5064 a
1775 5005 1962 5066 catholico-

1167 5117 1241 5161 rum
1257 5117 1372 5176 ragum
1384 5101 1528 5179 tramite,
1546 5117 1686 5178 quornm
1708 5103 1741 5163 te
1756 5102 1851 5164 decet
1868 5104 1963 5180 sequi

1167 5199 1319 5274 vestigia,
1331 5198 1480 5270 devians,
1490 5199 1630 5261 clericos
1643 5215 1845 5276 aggravares
1859 5216 1965 5276 anga-

1164 5297 1241 5361 riis.
1272 5297 1305 5357 et
1328 5299 1443 5358 contra
1469 5295 1731 5358 ecclesiasticam
1760 5298 1964 5374 deprimeres

1168 5391 1365 5456 libertatem.
1395 5394 1666 5469 Significantibus
1686 5411 1767 5458 sana
1794 5397 1889 5471 regni
1915 5397 1965 5458 tui

1169 5491 1345 5568 episcopis,
1359 5490 1561 5568 presbyteris
1574 5491 1606 5552 91
1620 5491 1697 5552 aliis
1713 5491 1845 5554 clericis
1864 5493 1966 5554 intel-

1169 5589 1323 5659 leximus,
1350 5589 1435 5665 quod
1461 5589 1498 5650 tu
1528 5589 1660 5650 eosdem
1690 5589 1904 5666 presbyteros
1933 5596 1982 5658 91,
