4244 6374
132 251 192 310 549
1710 255 1770 316 550

740 235 1180 316 armmunaumsmu.

131 408 255 470 terram
267 407 389 469 nohilis
398 409 499 468 viri...
510 407 764 482 ducisAustriae,
775 426 810 471 se
820 411 926 471 trans·
1020 411 1146 472 Vestrae
1161 409 1346 471 devotionis
1362 410 1521 472 habemus
1536 411 1664 474 litteras
1688 428 1779 498 con·-x

130 503 229 576 ferre,
247 503 489 566 iraternitateiu
511 505 602 566 tuam
625 520 780 580 rogamus
796 507 924 568 ethor-
979 506 1135 577 tinentes,
1159 506 1243 583 quod
1268 505 1468 567 venerabilis
1491 509 1594 569 irater
1617 511 1766 574 noster...

130 599 241 661 tamur
264 602 403 672 amente,
427 606 591 678 quatenus
617 601 709 662 tuum
731 602 840 663 adhuc
862 602 924 662 sibi
979 603 1770 682 Norvicensisepiscopus,tunceloctusetcame-

131 696 308 758 consilium
329 698 361 758 et
377 697 540 758 auxilium
559 698 759 774 tanquamin
773 698 925 760 adversi·
979 699 1090 760 rarius
1109 702 1232 771 noster,
1249 701 1363 776 quinta
1379 699 1461 762 feria
1481 703 1554 787 post
1573 702 1691 762 festum
1708 705 1770 764 lte-¹

130 792 198 853 tate
208 793 397 870 hujusmodi
410 795 635 856 necessarium
648 794 832 856 liberaliter
842 797 874 856 et
888 795 925 854 li·
979 797 1195 856 surrectionis
1204 797 1382 858 Dominicae
1398 797 1596 874 qrringentas
1609 799 1727 874 viginti
1737 801 1770 860 et

130 888 246 950 henter
273 890 484 966 impendens,
499 891 546 951 ita
566 891 651 967 quod
667 891 732 966 ipsi
746 891 876 952 consilii
892 893 925 951 et
979 907 1078 952 uuam
1089 908 1234 952 marcam
1257 895 1378 969 septem
1394 893 1528 964 salidos,
1542 895 1574 954 et
1586 895 1697 955 decem
1711 895 1770 954 de·

130 985 251 1046 auxilii
271 986 320 1047 tui
345 1001 406 1062 ope
430 986 576 1058 suffulto,
600 987 675 1063 post
697 986 923 1064 tempestatem
979 988 1091 1048 uarios
1118 988 1352 1066 sterlingorum
1377 1006 1537 1050 novorum
1564 991 1599 1050 in
1625 991 1769 1067 quinque

130 1081 346 1158 tranquillum
365 1083 399 1144 at
417 1081 572 1146 sor'enum
587 1084 662 1170 post
675 1083 824 1144 nubilum
838 1085 925 1144 tam·
978 1085 1120 1145 sacculis
1148 1087 1282 1147 nomine
1321 1088 1433 1147 nostro
1465 1087 1622 1147 custodiae
1649 1091 1768 1150 vestrae

130 1176 203 1238 dem
219 1179 310 1240 liant.
328 1180 446 1240 Datum
460 1178 629 1251 Laterani,
647 1181 723 1240 VIII
739 1181 814 1240 Kal.
834 1195 924 1240 mar·
979 1181 1151 1244 commisit.
1180 1184 1340 1254 Quocirca
1356 1183 1548 1244 discretioni
1572 1184 1691 1245 vestrae
1711 1185 1770 1260 per

130 1273 181 1347 tii,
195 1275 406 1352 pontificatus
419 1277 527 1340 nostri
542 1293 630 1339 anno
646 1277 773 1338 octavo.
976 1278 1167 1354 apostolica
1208 1282 1330 1357 scripta
1366 1281 1572 1353 mandamus,
1605 1281 1768 1358 quatenus

977 1389 1038 1450 per
1052 1389 1169 1436 manus
1184 1375 1385 1438 venerahilis
1398 1377 1510 1439 fratris
1530 1377 1672 1438 nostri...
1690 1380 1768 1438 Mu-

423 1551 636 1638 CXXXVII

289 1703 555 1775 coepiscopum
575 1703 756 1777 Reginum.

420 1829 455 1888 23
475 1828 531 1887 seb.
553 1830 630 1888 liii.

223 1951 354 2016 [Theinsm
371 1951 432 2004 God.
446 1952 508 2017 dipl.
524 1951 829 2016 dominiitemp.,1‚79.]

130 2075 163 2133 Ei
177 2075 310 2134 concedit
323 2075 542 2226 ΒυιιάειέιιωΑᾱὲ
560 2076 695 2176 liuucillis
712 2081 741 2132 et
755 2073 923 2134 Bradanum

448 2178 465 2219 e
510 2179 523 2219 r
544 2177 621 2226 uiuo.

168 2280 248 2339 Gum
259 2280 453 2340 Bundenum
465 2280 505 2342 de
514 2279 676 2342 Buncillis
684 2278 922 2341 etBundenum

129 2375 170 2436 de
184 2375 343 2446 Arduino,
372 2393 445 2453 quae
471 2392 515 2438 ex
542 2375 721 2450 donatione
744 2375 922 2437 comitissae

128 2473 302 2534 Mathildis
315 2473 356 2533 ad
378 2476 561 2535 Romanam
577 2473 726 2550 spactant
740 2471 922 2534 Ecclesiam

127 2571 165 2630 in
181 2569 237 2632 tua
249 2571 316 2632 sint
330 2571 465 2632 diaecesi
477 2570 677 2646 coustituta3
694 2585 754 2630 uos
770 2570 811 2630 de
826 2585 921 2631 com-

127 2666 220 2726 muni
245 2666 385 2728 fratrum
409 2667 598 2728 nostrorum
615 2681 768 2737 assensu,
785 2681 825 2726 ea
847 2681 922 2728 cum
952 2725 953 2740 ,

126 2763 336 2838 pertinentiis
349 2763 420 2836 tibi,
434 2765 467 2826 et
477 2762 727 2825 successorihus
739 2763 806 2824 tuis
817 2777 922 2838 usque

127 2859 169 2918 ad
185 2859 322 2935 triginta
337 2875 443 2921 annos
458 2860 602 2921 tenenda
617 2858 840 2930 concedimus,
860 2859 922 2918 sub

126 2955 264 3031 triginta
280 2955 442 3017 librarum
457 2955 726 3033 proveniensium
742 2970 844 3016 censu
859 2959 922 3017 Ro·

125 3068 225 3113 mano
241 3053 406 3121 Pontifici,
420 3053 477 3129 qui
492 3067 551 3127 pro
561 3052 709 3128 tempore
724 3050 835 3124 luerit,
850 3067 921 3128 per·

126 3149 284 3210 solvendo
299 3165 359 3225 pro
372 3149 569 3210 investitura
582 3147 729 3208 locorum
744 3149 920 3223 ipsoruma

125 3247 159 3308 ie
174 3245 280 3318 nohis,
298 3247 331 3308 et
345 3246 469 3307 eisdem
480 3245 638 3306 iratribus
651 3245 773 3306 uostris
788 3243 922 3306 trecen-

125 3343 169 3403 tis
179 3342 273 3403 libris
281 3341 559 3419 proveniensihus
568 3339 757 3418 persolutis.
765 3341 919 3403 Termino

125 3441 236 3501 autem
249 3441 406 3502 veniente
420 3438 578 3516 praedicto
592 3438 678 3515 quod
690 3437 777 3500 inter
791 3441 918 3500 Roma-

124 3551 202 3597 nam
216 3536 398 3598 Ecclesiam
410 3551 510 3612 super
522 3535 595 3607 hoc,
610 3537 683 3598 ette
699 3535 732 3597 et
746 3551 921 3598 successo-

125 3649 181 3694 res
197 3636 271 3694 tuos
284 3634 487 3704 convenerit,
503 3632 697 3694 observetur
714 3632 801 3709 quod
816 3633 846 3693 si
860 3633 917 3694 ni-

124 3730 174 3791 hil
188 3731 391 3802 convenerit,
413 3730 486 3790 loca
514 3730 641 3801 eadem,
668 3730 785 3790 solutis
810 3729 918 3807 primo

125 3827 276 3889 ecclosiae
285 3828 483 3904 Reginensis
492 3827 649 3904 expensis
657 3827 804 3898 utilibus,
817 3828 849 3888 et
858 3843 919 3888 ne-

124 3925 292 3996 cessariis,
308 3925 411 3986 libere
426 3924 468 3985 ad
484 3924 601 3986 sedem
617 3923 840 4000 Apostolicam
857 3939 916 3986 rs-

123 4023 307 4084 vertantur.
331 4022 424 4082 Nulli
437 4036 527 4096 ergo,
545 4021 608 4082 etc.
622 4023 739 4082 Datum
761 4021 917 4082 Laterani

123 4118 264 4194 septimo
278 4117 439 4178 kalendas
454 4117 565 4179 martii
585 4117 794 4193 pontificatus
809 4117 915 4179 nostri
948 4164 950 4172 .

123 4229 214 4275 enno
226 4215 354 4276 octavo.

405 4489 638 4576 CXXXVIII

121 4641 175 4699 Act
191 4641 348 4713 priorem
363 4638 398 4698 et
418 4639 623 4701 conventum
637 4641 671 4700 S.
688 4641 855 4700 Jolacnrzis
876 4643 914 4700 to
946 4681 947 4688 .

345 4737 460 4798 emate
473 4739 691 4799 Botwaieasc‘.

378 4853 413 4921 id
434 4863 566 4922 februarii
582 4866 660 4924 lati.

134 4987 305 5052 [Regest.‚lib.
317 4987 383 5047 vill,
392 4986 466 5051 epist.
479 4985 534 5039 288.
551 4988 609 5038 idas.
625 4989 744 5041 LaPorte
756 4989 790 5041 d'u
802 4989 896 5053 rheti]

122 5111 237 5170 Mandat
255 5121 287 5170 ut
298 5111 451 5185 quamdam
466 5113 594 5184 pecuniae
608 5127 760 5180 summam,
779 5113 821 5169 eis
835 5127 912 5170 com·

169 5201 297 5269 missam,
313 5200 479 5258 marchione
491 5199 691 5258 Montisterrati
703 5202 862 5274 assignent.

161 5335 339 5406 Honorius
366 5338 441 5407 etc,
462 5335 592 5397 dilectis
609 5335 725 5398 tiliis...
751 5336 855 5412 priori
881 5337 914 5398 et

121 5434 296 5496 conventui
311 5433 423 5497 Sancti
437 5433 600 5506 iohannis
618 5419 657 5496 in
672 5434 783 5494 monte
799 5435 912 5495 Bono-

121 5529 241 5598 niensi,
258 5529 408 5599 salutem,
426 5531 489 5590 etc,

978 1471 1091 1531 nensis
1108 1472 1254 1548 episcopi
1267 1473 1457 1549 praedictam
1472 1474 1620 1550 pecuniae
1636 1476 1771 1550 quanti-

977 1566 1079 1627 tatem
1094 1567 1197 1628 nohili
1211 1571 1323 1632 viro...
1338 1570 1770 1632 marchioniMontisierrati

979 1663 1151 1738 assignare
1170 1667 1306 1727 minime
1333 1665 1505 1728 differatis.
1527 1669 1644 1728 Datum
1668 1668 1768 1729 Late-

978 1760 1064 1830 rani,
1082 1763 1176 1824 sexto
1195 1762 1356 1824 kalendas
1381 1764 1503 1835 martii,
1528 1779 1615 1825 anno
1640 1765 1766 1825 octavo.

1141 2215 1193 2272 Ad
1205 2213 1361 2274 aurarem
1373 2217 1415 2274 de
1429 2211 1598 2275 Colanica,

1238 2342 1273 2398 ai
1286 2339 1420 2399 februarii
1435 2343 1514 2400 lati.

994 2465 1112 2526 [Regest.,
1125 2463 1169 2514 lib.
1184 2464 1251 2520 viii,
1267 2465 1342 2528 epist.
1355 2461 1410 2514 290.
1422 2465 1479 2514 lise.
1493 2467 1530 2516 La
1540 2466 1614 2515 Porto
1626 2459 1660 2515 du
1674 2465 1754 2516 Theti.
1768 2478 1772 2486 ’

1011 2587 1091 2646 idem
1104 2596 1304 2662 argumentum
1320 2603 1406 2662 quam
1421 2589 1576 2662 superioris
1595 2591 1732 2663 epistolae.

1015 2720 1194 2795 Honorius,
1219 2724 1295 2795 etc,
1312 2723 1434 2784 dilecto
1457 2723 1564 2784 tilios..
1596 2723 1707 2786 abbati
1730 2724 1770 2786 de

952 2839 953 2862 2
976 2820 1144 2892 Columba,
1164 2821 1352 2882 salutemet
1373 2821 1768 2897 etpostolicambenadic·¹

952 2959 955 2968 .
975 2917 1113 2978 tionem.

1014 3016 1093 3074 Tuae
1117 3013 1301 3075 devotionis
1320 3012 1480 3075 hahemus
1504 3015 1633 3078 litteras
1657 3015 1770 3078 conti-‘

974 3110 1103 3180 nentes,
1119 3111 1205 3188 quod
1220 3111 1385 3173 solutione
1409 3112 1506 3188 plene
1533 3111 1620 3173 iacta
1641 3113 1769 3174 nuntiis
1882 3115 1884 3120 ’

974 3206 1094 3268 nobilis
1109 3207 1211 3269 viri...
1227 3208 1432 3270 marchionis
1442 3208 1692 3282 Montislerrati‚
1710 3225 1767 3270 se-

974 3304 1117 3366 cundum
1132 3305 1411 3382 computationem
1425 3307 1584 3382 ipsorum,
1599 3307 1768 3382 octoginta

973 3417 1094 3463 marcae
1115 3403 1191 3462 auri
1218 3403 1259 3464 de
1283 3403 1424 3465 Palliola
1453 3399 1485 3464 et
1510 3403 1647 3464 dimidia
1666 3419 1769 3480 penes

973 3500 1763 3576 monasteriumtuumindepositoremanserunt.

973 3596 1133 3667 Quocirca
1148 3599 1363 3673 praesentium
1374 3597 1435 3659 tibi
1450 3597 1648 3658 auctoritate
1665 3613 1765 3658 man-

950 3752 951 3760 ,
973 3692 1099 3764 damus,
1115 3696 1277 3770 quatenus
1299 3695 1475 3770 praedictas
1488 3693 1653 3768 octoginta
1670 3675 1765 3754 mar-‘⁸

973 3805 1028 3851 cas
1044 3793 1103 3867 per
1117 3805 1236 3854 manus
1251 3789 1452 3851 venerahilis
1467 3789 1581 3852 fratris
1604 3791 1762 3851 nostri...

949 3889 951 3899 ⁴
972 3886 1169 3948 Mutinensis
1189 3886 1337 3962 episcopi
1351 3885 1672 3953 eidem'marchione
1697 3902 1763 3948 uon

972 3983 1107 4044 differas
1121 3983 1305 4058 assignare.
1322 3983 1440 4044 Datum
1455 3983 1622 4070 Laterani,
1637 3986 1680 4046 vl
1696 3983 1762 4044 lia-⁴

971 4079 1087 4141 modas
1103 4079 1225 4154 martii,
1242 4079 1472 4142 arroasiam.

988 4536 1040 4594 Ad
1053 4533 1207 4594 othotam
1231 4533 1485 4592 alacrimoniam
1509 4535 1550 4594 de
1564 4535 1738 4594 Leucadio:
1754 4575 1757 4580 ·

1228 4661 1263 4720 24
1275 4659 1406 4720 februarii
1422 4661 1501 4720 fflda

984 4787 1102 4851 [Regest.,
1114 4786 1160 4836 lib.
1180 4785 1246 4844 vili,
1255 4785 1329 4849 epist.
1340 4785 1394 4834 289.
1407 4785 1465 4836 uss.
1476 4785 1512 4835 La
1524 4785 1599 4834 Porta
1608 4783 1642 4833 du
1651 4783 1744 4849 rhen]
1799 4815 1805 4822 ‚

1001 4909 1082 4970 idem
1097 4916 1297 4984 argumentum
1314 4923 1400 4982 quam
1419 4909 1574 4981 superioris
1586 4909 1723 4980 epistolae.

1007 5045 1186 5110 Honorius,
1208 5045 1284 5114 ete,
1310 5041 1441 5104 dilectis
1463 5041 1578 5110 filiis...
1600 5041 1712 5106 abbati
1728 5045 1761 5104 et

968 5143 1144 5205 conventui
1160 5141 1200 5202 de
1215 5139 1389 5210 Leucadio,
1408 5139 1558 5209 salutem,
1576 5141 1638 5202 etc.

1006 5241 1133 5302 Vestrae
1157 5237 1342 5300 devotionis
1355 5235 1514 5298 habemus
1528 5236 1658 5298 litteras
1673 5253 1757 5298 con-

966 5337 1121 5403 tinentes,
1138 5334 1223 5412 quod
1246 5349 1305 5396 vos
1332 5349 1351 5394 a
1378 5333 1498 5394 dilecto
1527 5334 1597 5395 illio
1622 5335 1759 5411 AEgidio

968 5433 1169 5494 subdiacono
1182 5433 1215 5492 et
1229 5429 1401 5506 capellano
1425 5433 1539 5492 nostro
1565 5431 1626 5491 sub
1647 5435 1758 5493 vestra

968 5533 999 5592 et
1012 5529 1161 5604 ecclesiae
1183 5528 1303 5589 vestrae
1319 5527 1468 5588 custodia
1484 5528 1655 5603 recepistis
1670 5543 1757 5603 qua-
