4226 6372
772 351 1000 413 EPIS'POLAE.
1025 351 1102 410 LIB.
1125 349 1165 408 X.

478 523 607 609 XLIII

173 689 225 748 Ad
241 688 544 759 archiepiscopum,
561 685 727 742 decanum
742 681 775 741 31
789 682 907 742 333131-

322 785 504 842 diaconum
519 783 756 840 Rbenaonsam.

426 912 443 968 1
464 909 558 968 octob.
575 909 654 966 lata.

118 1004 122 1012 Ι
184 1032 303 1102 [itemst.
315 1035 359 1084 lib.
373 1035 404 1094 X,
417 1034 490 1098 epist.
502 1033 541 1082 ib.
553 1033 609 1081 1133.
622 1032 657 1081 La
667 1031 743 1080 Porta
756 1030 789 1078 du
802 1027 895 1092 Their]

143 1160 262 1218 Mandat
285 1162 327 1217 eis
354 1165 385 1216 ut
409 1157 566 1216 sententias
585 1153 888 1212 excommunicationis
909 1152 938 1207 in

180 1250 347 1322 praepositos
360 1246 496 1304 scabinos
516 1245 643 1315 aliosque
658 1245 881 1301 cameracenses
895 1241 936 1298 oi-

179 1335 301 1408 3331313
316 1336 389 1392 13133
403 1333 567 1394 solemniter
581 1329 686 1388 iaciant
701 1330 842 1387 renovari.

183 1470 363 1540 Honorius,
381 1471 457 1538 etc,
469 1465 654 1528 venerabili
669 1463 801 1524 fratri...
812 1461 939 1523 archie-

144 1563 630 1645 31333333131133113111113....
656 1561 794 1632 decano,
820 1562 853 1621 et
878 1575 938 1620 ar-

141 1664 340 1726 chidiacono
361 1659 528 1733 Remensi,
556 1659 697 1722 salutem
723 1661 756 1722 et
772 1655 939 1734 Apostoli-

142 1777 216 1822 cam
241 1757 516 1822 benedictionem.

185 1858 399 1935 Speravimns
426 1856 599 1925 hactenus,
615 1855 650 1915 ut
665 1853 836 1930 praepositi
859 1854 940 1912 Soa-

143 1957 227 2026 bini,
245 1953 349 2016 313111
364 1953 453 2014 31333
467 1954 722 2013 cameracenses
738 1967 757 2011 a
773 1949 941 2010 33331331-

142 2055 191 2114 tia
218 2052 346 2122 moniti,
368 2049 588 2120 mollirentur,
606 2048 662 2108 sed
678 2048 865 2108 mollientes
880 2060 941 2121 po-

142 2152 211 2212 tins
226 2150 260 2209 in
275 2146 488 2218 contrarium,
514 2147 662 2222 percussi
682 2161 749 2206 nou
769 2145 893 2213 dolent,
908 2148 940 2208 et

145 2247 282 2309 contriti
293 2242 940 2320 renuuntreciperedisciplinam,quare

142 2346 298 2406 timemus
312 2357 353 2403 ne
365 2343 512 2418 ipsorum
537 2342 634 2418 plaga
659 2341 696 2402 nt
710 2339 938 2416 desperabilis,

143 2458 246 2518 quum
275 2457 314 2501 eo
341 2439 539 2500 insanabilis
571 2455 635 2515 quo
659 2437 866 2500 insensibilis
898 2439 941 2499 sit

142 2539 275 2600 effecta.
295 2538 356 2598 Sed
380 2553 423 2598 ne
446 2537 531 2597 forte
558 2537 643 2596 alios
668 2537 825 2612 exempli,
854 2535 939 2611 quod

142 2635 242 2707 absit,
257 2634 408 2695 inliciant
420 2633 618 2710 corruptela,
635 2633 682 2694 uti
698 2633 847 2708 cogimur
861 2648 937 2693 con-

141 2732 196 2793 tra
221 2747 277 2792 eos
293 2731 403 2806 gladio
426 2730 542 2806 rigidae
567 2729 714 2790 ultionis.
743 2732 824 2788 cum
850 2729 939 2789 enim

141 2827 345 2892 venerabilis
365 2828 467 2888 frater
487 2828 600 2887 noster
620 2829 671 2895 G„
691 2825 939 2886 cameracensis

141 2927 332 3002 episcopus,
357 2924 435 2984 olim
459 2924 494 2982 in
519 2923 713 2998 praepositos
740 2923 879 2998 juratos,
909 2924 942 2982 et

142 3023 306 3086 Scabinos
326 3023 581 3081 cameracenses
596 3035 655 3095 pro
668 3033 707 3079 eo
724 3018 809 3096 quod
823 3035 939 3096 quem-

141 3115 941 3192 damclericumiudebitepulsatacampanaban·

142 3217 309 3288 niverant,
344 3216 377 3276 et
404 3214 536 3276 domum
572 3213 745 3290 cujusdam
788 3212 940 3274 canonici

144 3314 261 3376 Sancti
299 3311 475 3387 congeriei
510 3311 674 3372 violenter
702 3311 879 3382 intrarant,
909 3311 941 3372 31

143 3410 305 3472 33333133
324 3407 442 3468 moniti
464 3405 584 3467 exinde
606 3405 799 3467 satisfacere
834 3407 938 3468 dene-

143 3507 278 3582 gabant,
303 3505 420 3582 primo,
446 3505 480 3565 31
501 3503 708 3580 postmodum
740 3504 775 3563 13
809 3505 939 3564 centum

143 3601 365 3679 quadraginta
414 3600 505 3660 cives
552 3600 809 3660 cameracenses
853 3615 939 3676 quo-

144 3715 218 3759 rum
255 3697 405 3768 consilio,
442 3698 476 3758 et
510 3695 707 3758 auctoritate
744 3695 775 3755 id
817 3696 940 3757 factum

144 3795 253 3858 fuerat
269 3794 622 3856 excommunicationis
643 3792 843 3855 sententiam
859 3810 939 3870 pro-

145 3893 286 3962 tulisset,
312 3907 451 3969 3333333
484 3907 585 3952 unam
615 3907 674 3967 per
701 3893 739 3952 R.
774 3891 936 3952 decanum

147 3989 259 4050 Sancti
271 3989 378 4058 Pauli,
395 3989 428 4049 et
443 4004 520 4050 suos
532 3987 733 4062 conjudices,
746 3988 845 4048 aliam
857 4005 939 4050 vero

145 4101 205 4161 per
218 4088 248 4146 J.
266 4085 479 4168 praepositum
496 4085 608 4144 Sancti
629 4083 806 4156 Lamberti,
821 4086 939 4162 atejus

146 4181 291 4258 collegas
313 4182 516 4257 delegatosa
543 4179 637 4240 nobis
653 4180 796 4242 obtinuit
817 4183 939 4257 conflr-

145 4280 249 4352 mari;
265 4280 398 4340 tandem
420 4279 498 4354 quia
513 4278 665 4354 populus,
683 4281 777 4355 cujus
793 4279 939 4355 potentia

145 4377 178 4437 31
191 4376 304 4437 133333
318 4377 368 4435 1111
379 4377 592 4436 excesserant
605 4375 798 4437 satisfacere
808 4378 936 4449 moniti,

143 4477 177 4536 et
194 4473 344 4550 requisiti
363 4473 569 4549 spreverunt,
585 4487 653 4543 eos,
671 4474 825 4549 exigente
836 4475 939 4550 13311-

143 4573 202 4644 113,
217 4570 318 4631 simili
341 4571 504 4631 sententia
525 4569 707 4642 innodavit,
732 4587 804 4647 quae
825 4587 884 4646 per
907 4574 935 4632 J.

144 4671 305 4730 decanum
317 4667 573 4729 Ambianensem
583 4668 615 4728 et
626 4683 703 4727 suos
716 4667 906 4744 conjudices
919 4685 937 4729 a

145 4767 229 4828 Sede
243 4765 433 4842 apostolica
448 4763 616 4838 delegatos
632 4765 741 4824 extitit
760 4765 939 4825 confirma-

143 4867 221 4926 tam.
245 4867 367 4924 Verum
392 4877 466 4922 cum
487 4861 627 4937 3333133
656 4862 726 4938 1333
742 4878 808 4922 333
829 4862 937 4922 serlum

143 4977 239 5024 3333
254 4959 460 5022 contumacia
483 4958 618 5018 minime
642 4959 856 5035 resipiscens,
874 4977 936 5020 ve-

143 5077 216 5121 rum
232 5059 331 5121 etiam
354 5055 562 5133 iniquitatem
582 5055 750 5131 iniquitati
763 5057 936 5133 adJiciens,

144 5153 938 5232 dictumepiscopumcoutraprivilegiorumsuo·

144 5270 217 5315 rum
231 5253 382 5314 tenorem
404 5250 633 5326 33311131131133
647 5251 850 5322 molestaret,
867 5252 938 5328 ipse

144 5351 223 5412 ad...
240 5350 430 5426 episcopum
446 5348 704 5408 Noviomensem
731 5344 851 5424 atejus
868 5349 938 5409 col-

143 5450 235 5522 legas
251 5461 350 5521 super
369 5445 431 5504 boe
456 5445 584 5505 litteras
606 5444 813 5520 Apostolicas
833 5445 939 5520 impe-

144 5545 255 5614 travit,
268 5543 325 5620 qui
340 5541 485 5616 legitime
494 5541 709 5616 procedentes
725 5542 760 5601 13
773 5557 884 5614 33333,
902 5543 937 5603 13

144 5639 938 5717 eosipsorumcontumaciaexigente,excommu-

1663 307 1666 312 '
1708 340 1786 408 ,aas
1825 356 1827 371 ι

896 489 904 500 ’
962 507 1171 580 13133113313
1201 503 1400 566 3331331133
1434 503 1653 578 protulerunt,
1687 517 1785 578 quam
1842 528 1855 540 ν

991 599 1788 676 crescentecontumaciaeorumdemperRemen-

993 719 1061 762 sem
1081 701 1284 778 provinciam
1302 702 1334 759 et
1352 697 1517 757 nundinas
1533 698 1567 756 in
1588 697 1744 756 Remensi
1756 695 1788 755 et

994 799 1178 858 Senonensi
1201 796 1381 873 provInciis
1408 794 1613 864 constitutas,
1641 793 1789 853 iecerunt

993 895 1186 956 solemniter
1207 893 1380 970 publicari.
1408 893 1450 952 At
1474 890 1535 960 illi,
1564 891 1620 966 qui
1643 890 1683 952 ad
1713 903 1790 964 per-

993 991 1172 1052 cutientem
1197 1005 1233 1051 se
1256 990 1398 1050 rediisse
1420 987 1603 1048 debuerant
1634 987 1789 1046 malleum

994 1089 1086 1150 velut
1098 1087 1253 1164 stipulam
1269 1085 1473 1164 reputantes,
1497 1099 1557 1144 nec
1584 1083 1632 1144 313
1656 1082 1791 1143 331131-

994 1201 1070 1246 3333
1098 1185 1259 1245 hactenus
1289 1183 1502 1252 curaverunt,
1531 1181 1662 1258 quando
1689 1181 1789 1242 etiam

994 1281 1128 1358 quidam
1149 1283 1297 1357 ipsorum
1317 1280 1423 1340 nuntii
1440 1280 1480 1338 ad
1498 1279 1614 1340 Sedem
1628 1276 1791 1352 Apostoli·

994 1395 1067 1439 cam
1080 1378 1286 1448 accedentes,
1303 1376 1381 1436 licet
1406 1391 1448 1435 ex
1463 1375 1556 1450 33313
1576 1374 1790 1436 communita-

993 1476 1037 1537 tis
1067 1473 1286 1536 absolutionis
1311 1471 1553 1550 postulaverint
1580 1471 1789 1543 beneficium,

995 1572 1071 1648 quia
1085 1573 1196 1633 tamen
1217 1571 1494 1640 satisfactionem,
1520 1569 1572 1630 vel
1601 1569 1793 1630 satisdatio-

995 1685 1069 1729 nem
1082 1670 1242 1745 praestare
1266 1667 1434 1738 nolebant,
1451 1682 1470 1726 3
1495 1666 1590 1727 33113
1606 1667 1678 1725 3133
1694 1665 1792 1726 abso-

996 1766 1123 1828 lutione
1146 1767 1178 1827 et
1204 1765 1337 1826 licentia
1367 1763 1588 1824 recesserunt.
1616 1765 1657 1824 Ut
1689 1763 1792 1836 igitur

995 1863 1107 1924 acrior
1121 1879 1218 1938 poena
1243 1861 1367 1938 pungat
1382 1875 1464 1936 quos
1484 1859 1653 1936 poenitudo
1676 1859 1792 1918 bacte-

996 1976 1059 2020 nus
1074 1975 1140 2020 non
1154 1959 1357 2034 compunxit,
1375 1957 1568 2018 discretioni
1591 1957 1710 2017 vestrae
1732 1971 1791 2031 333

995 2053 1792 2132 Apostolicascriptamandamus,quatenusdic-

994 2152 1046 2213 tas
1073 2152 1255 2213 sententias
1271 2165 1330 2227 per
1350 2153 1547 2218 Remensem
1574 2152 1606 2209 31
1627 2153 1792 2208 senonen·

996 2265 1064 2311 sem
1079 2249 1279 2326 provincias,
1292 2251 1324 2309 et
1337 2247 1505 2308 nundinas
1526 2247 1561 2306 13
1575 2247 1700 2306 eisdem
1715 2261 1794 2321 pro-

995 2347 1115 2407 vinciis
1131 2345 1327 2406 constitutas
1337 2344 1479 2419 singulis
1490 2343 1606 2404 diebus
1618 2343 1792 2407 dominicis

996 2446 1029 2505 et
1056 2443 1184 2505 festivis
1205 2442 1397 2504 solemniter
1422 2441 1631 2512 innovantes
1659 2441 1793 2502 eosdem

994 2543 1153 2617 tanquam
1180 2540 1483 2600 excommunIcatos
1511 2537 1643 2599 13313113
1671 2553 1690 2598 3
1717 2538 1793 2614 qni-

995 2637 1136 2699 buslibet
1162 2637 1286 2698 3331133
1316 2636 1446 2696 3311331.
1485 2635 1631 2694 Clericus
1663 2651 1792 2710 quoque

995 2736 1052 2812 qui
1068 2735 1116 2794 eis
1131 2733 1387 2803 communicare,
1405 2747 1444 2792 33
1465 2732 1577 2792 divina
1593 2733 1714 2792 temere
1735 2746 1793 2792 ce-

995 2831 1125 2892 lebrare
1141 2829 1414 2906 praesumpserint
1426 2842 1524 2904 poena
1547 2828 1720 2899 33333133,
1739 2843 1793 2886 33·

995 2928 1084 2988 blato
1111 2925 1344 3002 appellationis
1376 2924 1557 2996 obstaculo,
1589 2925 1789 3000 percellatis.

996 3024 1087 3097 Quod
1116 3023 1145 3084 si
1177 3039 1244 3084 non
1273 3037 1403 3094 omnes,
1431 3022 1493 3082 eto.
1524 3023 1642 3082 Datum
1670 3023 1788 3093 Reate,

996 3123 1038 3183 IV
1052 3135 1156 3191 nonas
1171 3120 1326 3192 octobris,
1343 3135 1431 3181 anno
1448 3119 1587 3180 decimo.

1332 3353 1455 3439 XLIV

1023 3507 1073 3566 Ad
1094 3505 1235 3566 11131331
1253 3507 1549 3578 archiepiscopum
1564 3503 1597 3563 ct
1612 3502 1766 3564 abbatem

1222 3605 1257 3664 S·
1279 3604 1382 3664 Ponit
1401 3605 1562 3662 Pisonos.

1280 3729 1404 3788 133131).
1428 3729 1505 3787 itta.

1097 3852 1495 3918 1311333133,1131133133331333
1508 3854 1526 3910 1,
1542 3851 1581 3912 23,
1593 3866 1619 3901 3.
1632 3851 1685 3917 21]

994 3981 1029 4038 111
1053 3979 1150 4037 Pisani
1182 3979 1335 4052 quemdam
1365 3975 1479 4034 fratrem
1508 3977 1654 4034 Lucanum
1684 3977 1791 4035 ordinis

1029 4069 1171 4126 Minorem
1196 4083 1212 4124 3
1239 4081 1355 4124 carcere
1380 4067 1510 4134 liberent,
1535 4065 1714 4135 3333313131
1740 4081 1790 4123 eus

1030 4157 1159 4214 censuris
1176 4155 1378 4212 ecclesiasticis
1393 4148 1562 4211 coerceant.¹

1706 4237 1714 4252 Ι

1033 4283 1217 4354 Η3333133,
1237 4283 1313 4353 etc,
1327 4280 1513 4342 venerabili
1525 4279 1621 4342 133131
1635 4283 1786 4342 333133...

994 4381 1256 4456 3333133133333,
1270 4379 1432 4440 etdilecto
1443 4377 1512 4438 filio
1524 4378 1634 4441 abbati
1648 4381 1680 4440 S.
1694 4381 1789 4441 Pauli

996 4478 1140 4538 Pisanis.

1033 4577 1070 4635 In
1084 4590 1134 4646 eo,
1152 4575 1236 4650 quod
1253 4575 1451 4645 audivimus
1463 4574 1648 4652 quemdam,
1661 4573 1788 4634 ordinis

993 4672 1159 4732 Minorum
1170 4671 1205 4730 in
1214 4671 1329 4733 babitu
1342 4688 1402 4732 suo
1414 4687 1487 4731 cum
1500 4669 1698 4746 quibusdam
1711 4671 1787 4732 aliis

993 4770 1141 4844 eiusdem
1167 4768 1293 4828 ordinis
1318 4769 1405 4828 Pisis
1430 4768 1603 4828 inventum
1629 4783 1689 4843 pro
1715 4769 1788 4830 cive

993 4869 1126 4927 Lucano
1137 4882 1193 4926 3...
1211 4866 1383 4940 331331313,
1397 4865 1430 4926 31
1442 4863 1644 4944 333311133113
1656 4865 1787 4926 Ρ133313

993 4965 1136 5040 captum,
1152 4964 1186 5023 et
1199 4960 1343 5022 vinculis
1355 4960 1590 5037 mancipatum,
1606 4961 1708 5022 iidem
1723 4978 1787 5038 po·

992 5061 1094 5122 testas
1118 5061 1151 5121 et
1169 5059 1354 5119 consiliarii
1370 5074 1437 5118 333
1456 5058 1621 5118 immerito
1636 5061 1785 5134 possunt,

993 5157 1022 5217 si
1036 5173 1090 5218 res
1105 5157 1152 5218 ita
1168 5171 1203 5216 33
1221 5155 1331 5226 habet,
1349 5155 1435 5232 quod
1454 5155 1591 5216 multum
1607 5155 1789 5218 defecerint

992 5253 1034 5315 ab
1059 5268 1172 5314 eorum
1200 5269 1300 5313 sensu
1328 5255 1362 5312 et
1389 5253 1522 5324 virtute,
1550 5253 1671 5314 notari.
1695 5254 1787 5316 Licet

993 5351 1082 5412 enim
1104 5349 1281 5427 praedictus
1307 5348 1411 5410 frater
1430 5349 1470 5410 de
1497 5350 1631 5412 civitate
1650 5353 1786 5414 Lucana

992 5447 1091 5506 ducat
1116 5443 1291 5520 originem,
1318 5461 1392 5504 cum
1425 5446 1536 5505 tamen
1574 5461 1634 5520 pro
1673 5461 1785 5508 amore

992 5542 1114 5604 christi
1129 5557 1284 5616 egressus
1295 5542 1335 5602 de
1349 5543 1439 5602 terra
1451 5544 1484 5602 et
1497 5543 1695 5616 cognatione
1710 5560 1782 5616 333,

992 5643 1025 5703 31
1038 5639 1229 5702 eurumdem
1245 5637 1387 5702 fratrum
1399 5638 1594 5714 religionem
1610 5639 1783 5714 ingressus
