4222 6374
294 228 332 291 31
915 223 1091 288 HONORII
1113 225 1159 286 111
1173 224 1327 286 OPERA.
1899 221 1941 282 32

292 387 397 450 donis
407 383 603 460 intringere.
618 383 655 444 Si
668 381 743 459 quis
756 383 879 455 autem,
893 383 955 446 etc.
970 383 1090 445 Datum

293 482 462 555 Laterani,
477 483 539 544 XII
558 479 719 542 kalendas
734 479 931 554 decembris,
955 481 1092 559 pontill-

293 583 388 644 catus
403 579 509 642 nostri
523 592 611 640 anno
627 577 733 638 sexto.

611 798 775 887 XXXIV

352 955 406 1016 Ad
418 951 574 1015 abbatem
588 950 623 1013 et
636 949 842 1011 concentum
859 951 1033 1010 Dotenses.

538 1083 572 1142 lo
585 1079 749 1140 novembris
764 1079 843 1140 llll.

324 1209 447 1274 [liegest.‚
458 1206 503 1258 lib.
514 1205 557 1266 VI,
566 1205 641 1271 epist.
653 1205 707 1256 los.
720 1205 778 1255 ltss.
789 1204 826 1254 La
834 1201 953 1254 Portsdn
964 1201 1060 1270 rosit]

295 1332 434 1393 statutum
445 1331 562 1392 concilii
571 1331 715 1405 generalis
728 1330 764 1387 de
775 1328 938 1404 provisione
950 1341 1089 1404 congrua,

427 1435 486 1478 non
498 1419 570 1478 tollit
583 1419 775 1493 provisionem
790 1417 955 1492 specialem.

334 1547 513 1620 Honorius,
526 1549 601 1619 ete,
614 1546 744 1608 dilectis
760 1545 839 1607 filiis
851 1543 963 1608 abbati
973 1545 1007 1607 et
1016 1559 1092 1606 con·

294 1645 410 1708 ventui
424 1643 618 1706 monasterii
634 1644 748 1706 Dolon.

334 1743 415 1802 Cum
436 1741 516 1803 olim
538 1755 638 1818 super
666 1739 844 1818 partitione
869 1739 1090 1818 proventuum

293 1837 522 1910 eeclesiarum,
545 1837 581 1898 in
608 1835 727 1914 quibus
751 1838 899 1898 vestrum
922 1837 1091 1898 monaste-

293 1936 381 1998 rinm
398 1937 455 2012 jhs
470 1933 597 1996 obtinet
610 1933 815 2011 patronatus,
831 1931 985 1994 iacienda
1001 1933 1091 1996 inter

293 2033 423 2110 priores
443 2031 476 2094 et
495 2030 684 2106 capellanos
705 2030 853 2106 ipsarum
872 2029 1090 2092 Bituricensis

294 2128 467 2199 dioecesis,
490 2128 628 2205 quaestio
655 2142 767 2189 coram
790 2126 899 2188 felicis
921 2127 1090 2188 memoriae

219 2267 222 2274 ·
293 2224 486 2287 Innocentio
501 2227 603 2301 Papa,
620 2223 865 2302 predecessore
882 2224 996 2286 nostro
1011 2222 1090 2285 tuis·

294 2323 345 2385 set
358 2322 482 2382 diutius
498 2321 635 2397 agitata,
653 2321 787 2382 tandem
807 2321 878 2397 ipse
899 2321 1090 2399 hm'usmodi

293 2418 510 2496 quaestionem
537 2417 670 2495 sapiens
697 2417 899 2493 providendo
928 2417 1088 2479 determi-

292 2515 396 2587 navit,
410 2515 495 2592 quod
508 2514 638 2591 priores
654 2512 786 2592 quidem
806 2513 1015 2591 perciperent
1027 2529 1088 2576 ea-

292 2611 429 2689 pellani,
454 2611 540 2674 sicut
562 2611 598 2672 in
626 2615 698 2689 ejus
725 2611 845 2673 litteris
869 2611 965 2673 lactis
989 2624 1090 2688 super

292 2709 484 2787 provisione
516 2709 705 2786 huiusmodi
733 2709 905 2770 evidenter
937 2709 1086 2786 apparet.

294 2808 357 2869 Sed
373 2806 506 2885 quidam
518 2806 682 2883 capellani
698 2807 915 2868 ecelesiarum
927 2805 1086 2883 ipsarum,

292 2905 467 2966 occasione
482 2904 596 2966 statuti
616 2902 757 2966 concilii
770 2903 951 2980 generalis,
966 2917 1029 2980 quo
1042 2902 1089 2964 di-

292 3001 389 3072 citur,
420 3001 457 3062 ut
483 3001 629 3077 provisio
663 3015 809 3076 congrua
844 3000 1087 3077 parochialium

291 3097 508 3160 ecclesiarum
528 3095 740 3174 presbyteria,
762 3096 1000 3158 nonobstante
1022 3113 1086 3173 pa-

291 3195 379 3257 troni
390 3193 641 3264 consuetudine,
652 3194 852 3268 assignetur,
863 3193 1087 3270 provisionem

273 3365 275 3370 ¹
291 3291 452 3361 eamdem,
470 3289 557 3351 siout
570 3289 731 3362 asseritis,
749 3289 933 3366 intringere
949 3291 1088 3352 moliun-

289 3389 355 3452 tur.
372 3390 479 3459 Quum
498 3403 576 3465 ergo
591 3387 740 3463 generali
760 3388 881 3449 statuto
896 3403 963 3448 non
984 3387 1087 3450 tolla-

289 3485 345 3548 tur
368 3487 515 3562 provisio
535 3483 701 3561 specialia,
719 3499 779 3544 nos
800 3484 841 3544 de
858 3485 999 3546 consilio
1018 3484 1089 3546 lra-

290 3584 378 3645 trum
413 3584 602 3644 nostrorum
639 3581 861 3658 provisionem
893 3582 1087 3658 jamdictam

291 3679 487 3742 auctoritate
505 3678 696 3756 apostoliea
717 3677 924 3751 roborantes,
948 3679 1086 3740 distric-

288 3778 355 3840 tius
370 3777 559 3838 inhibemus
574 3775 704 3852 nequis
724 3775 783 3836 illa
801 3776 975 3838 occasione
999 3793 1087 3854 praem

290 3874 378 3936 diota
397 3874 565 3935 contrarie
581 3875 771 3950 praesumat.
793 3873 885 3934 Nulli
901 3889 993 3949 erg0,
1010 3874 1084 3944 etc,

289 3973 411 4034 nostrae
432 3969 642 4038 inhibitionis
657 3969 852 4046 intringere.
875 3971 1004 4048 Siquis
1025 3987 1087 4031 au-

289 4071 367 4141 tem,
385 4069 448 4129 eto.
469 4067 637 4139 Laterani,
653 4069 697 4129 Vl
718 4067 879 4130 kalendas
900 4067 1085 4130 decembris

289 4180 377 4228 anno
390 4164 496 4226 sexto.

616 4403 758 4492 XXXV
790 4413 808 4460 ''

289 4561 340 4620 Ad
354 4558 649 4631 archiepiscopum
665 4558 871 4635 Remensem
885 4555 1085 4630 Apostotieae

546 4655 643 4713 Sedis
662 4651 824 4728 legatum.

535 4782 570 4840 27
583 4781 747 4840 novembris
759 4781 839 4839 lati.

321 4911 443 4982 thagast,
456 4907 503 4957 lih.
516 4907 560 4965 Vl,
571 4905 646 4970 epist.
659 4903 698 4954 32.
710 4905 767 4954 llss.
780 4905 816 4955 La
827 4905 901 4955 Poris
912 4904 946 4954 dn
957 4902 1054 4969 nteit]

288 5034 421 5107 indulget
444 5047 481 5090 66
505 5031 620 5104 legatus
644 5029 719 5088 trahi
741 5029 830 5103 possit
855 5035 934 5086 66666
961 5042 1083 5101 regnum

332 5121 460 5181 Francia
474 5119 610 5192 quamdin
624 5118 777 5192 legationis
791 5115 886 5176 oitlcio
899 5115 1036 5190 iungitur.

325 5247 505 5318 Honorius,
531 5246 605 5317 etc,
633 5243 819 5307 venerabili
845 5241 941 5304 fratri
965 5242 1081 5304 archi-

286 5346 441 5425 episcopo
454 5346 590 5406 Romen.
604 5340 802 5419 apostolicae
818 5339 913 5401 Sedis
926 5339 1046 5415 legato.

327 5444 370 5506 Ut
392 5441 561 5503 efficacius
580 5437 753 5501 intendere
772 5437 886 5498 valcas
904 5435 1082 5512 legationis

286 5542 407 5612 cilicio,
421 5538 507 5616 quod
527 5535 587 5599 tibi
602 5550 662 5613 pro
680 5534 813 5610 negotio
829 5533 907 5596 fidoi
926 5532 1081 5596 duximus

1144 381 1424 454 committendum,
1438 379 1637 444 auctoritate
1648 379 1709 445 tihi
1724 379 1940 458 6666666666

1144 479 1365 556 indulgemus,
1386 495 1429 540 ne
1456 478 1615 557 quamdiu
1646 477 1762 538 eodem
1789 476 1941 554 iungeris

1145 576 1255 638 cilicio
1277 577 1313 638 in
1338 591 1473 638 causam
1501 577 1598 638 extra
1625 589 1764 650 regnum
1788 575 1940 638 Franciae

1144 673 1234 735 trahi
1254 673 1362 750 possis
1384 689 1445 751 per
1463 672 1593 734 litteras
1612 687 1633 732 a
1654 671 1738 733 Sede
1751 671 1941 748 Apostolica

1145 770 1190 846 da
1205 770 1326 832 6666666
1345 769 1581 847 impetrandas.
1602 767 1696 830 Nulli
1715 781 1795 844 ergo
1817 769 1940 831 nostrae

1145 867 1370 930 concessionis
1384 866 1580 944 infringere.
1598 867 1634 928 Si
1648 866 1723 942 quis
1737 867 1859 939 autem,
1875 867 1937 928 eto.

1146 965 1263 1026 Datum
1271 962 1649 1038 Lateranilllralendas
1658 962 1841 1026 decembris
1851 978 1940 1026 anno

1146 1063 1251 1126 sexto.

1461 1293 1624 1383 XXXVI

1144 1456 1197 1516 nu
1207 1454 1344 1518 moeres
1356 1433 1590 1531 sanctssimi
1600 1455 1758 1518 Novom.
1775 1452 1810 1516 et
1820 1454 1941 1516 66666

1182 1555 1329 1613 loannis
1342 1554 1380 1613 tn
1396 1554 1512 1614 Vincis
1526 1565 1568 1613 ac
1577 1551 1788 1628 necaturum
1798 1553 1840 1612 de
1852 1552 1941 1626 seri-

1185 1648 1477 1720 tute‚ccnontcum
1485 1649 1938 1720 sanctemonaomvmets,

1183 1747 1477 1808 Sucastmwasem.

1403 1875 1438 1934 29
1453 1874 1585 1934 novemb.
1604 1877 1682 1934 litt.

1167 1997 1289 2066 megae,
1301 1997 1348 2050 lib.
1361 1997 1404 2059 Vl,
1417 1999 1492 2066 epist.
1504 1999 1545 2050 66.
1562 1998 1621 2051 tiss.
1635 1999 1672 2050 La
1683 1997 1760 2050 Porto
1772 1998 1807 2048 66
1822 1995 1915 2064 Thali]

1144 2123 1259 2184 Mandat
1271 2131 1301 2184 66
1314 2121 1468 2182 informent
1479 2122 1515 2182 de
1527 2122 1666 2182 electione
1680 2123 1709 2182 in
1724 2123 1857 2182 abbatem
1870 2125 1939 2184 Cor·

1179 2212 1304 2270 beiensis
1320 2218 1480 2270 conventus
1498 2220 1526 2269 et
1541 2211 1576 2269 66
1591 2226 1678 2270 causa
1693 2227 1757 2285 666
1773 2211 1848 2269 inter
1860 2213 1938 2284 epis-

1179 2315 1283 2375 copum
1293 2299 1517 2359 Anmianensem
1533 2315 1569 2359 ex
1585 2314 1642 2360 una
1657 2307 1747 2374 parte,
1763 2308 1792 2359 et
1806 2299 1940 2358 eumdem

1178 2397 1350 2448 conventum
1361 2405 1396 2446 ex
1411 2387 1509 2447 altera.

1182 2515 1361 2588 Honorius,
1378 2516 1454 2588 666,
1471 2514 1601 2578 dilectis
1616 2515 1695 2577 tiliis
1712 2515 1824 2578 Sancti
1839 2514 1939 2592 Eligii

1143 2612 1352 2686 Noviomen.,
1369 2613 1402 2676 et
1417 2613 1530 2675 Sancti
1542 2613 1681 2675 Joannis
1696 2613 1731 2674 in
1743 2612 1859 2674 Vincis
1874 2613 1938 2674 ab·

1142 2708 1284 2784 batibus,
1312 2710 1345 2772 et
1369 2711 1529 2787 magistro
1558 2711 1600 2771 66
1623 2709 1755 2772 feritate
1777 2711 1938 2774 canonico

1145 2808 1257 2870 Sancti
1274 2809 1413 2872 Joannis
1426 2808 1462 2868 in
1475 2807 1593 2871 Vincis
1609 2807 1823 2869 Suessionen.

1271 2906 1379 2977 Prior,
1395 2907 1428 2966 66
1444 2906 1625 2966 conventus
1647 2903 1843 2966 monasterii
1858 2905 1940 2966 Gor-

1142 3001 1287 3063 beiensis
1301 3001 1502 3070 immediate,
1520 3002 1565 3062 ad
1581 3001 1697 3062 Sedem
1712 3000 1938 3078 Apostolicam

1142 3099 1337 3177 pertinentis
1367 3100 1436 3160 suis
1461 3099 1556 3160 nobis
1578 3099 1700 3160 litteris
1728 3099 1937 3166 intimarunt,

1143 3196 1227 3274 quod
1248 3213 1362 3258 eorum
1384 3197 1527 3259 ecclesia
1549 3199 1684 3272 pastore
1702 3197 1854 3268 vacante,
1873 3195 1939 3272 ipsi

1142 3297 1314 3371 Hugonem
1342 3295 1490 3371 ejusdem
1516 3293 1710 3355 monasterii
1738 3293 1939 3354 monachum

1142 3392 1262 3460 virum,
1279 3393 1315 3454 nt
1334 3391 1499 3463 asserunt,
1516 3389 1690 3468 providum
1712 3393 1746 3452 et
1762 3391 1938 3452 honestum

1142 3489 1177 3548 in
1192 3505 1289 3550 suum
1301 3487 1452 3550 abbatem
1464 3487 1673 3550 concorditer
1681 3486 1866 3562 elegerunt,
1878 3501 1939 3564 per

1142 3602 1238 3662 quem
1273 3585 1408 3664 sperant
1432 3585 1671 3648 monasterium
1695 3584 1805 3662 ipsum
1831 3584 1937 3661 spiri·

1143 3683 1275 3745 tualiter
1303 3684 1336 3746 et
1364 3683 1591 3768 temporaliter
1621 3682 1756 3746 auctore
1784 3681 1936 3754 Domino,

1141 3780 1360 3857 profuturum,
1386 3780 1481 3842 nobis
1509 3779 1682 3841 humiliter
1711 3778 1937 3857 supplicantes

1141 3878 1177 3940 ut
1198 3878 1395 3940 confirmare
1411 3877 1607 3939 electionem
1622 3876 1769 3954 ipsorum
1784 3876 1818 3939 66
1831 3875 1937 3938 666666

1141 3991 1260 4038 munus
1290 3974 1532 4036 benedictionis
1560 3973 1746 4035 laceremus
1776 3973 1936 4052 impendi.

1140 4073 1341 4149 Adjecerunt
1366 4070 1532 4134 etiamad
1558 4069 1723 4132 cautelam
1747 4070 1835 4147 quod
1858 4086 1935 4132 ven.

1140 4169 1244 4232 frater
1269 4171 1383 4231 noster
1399 4167 1640 4230 ambianensis
1668 4168 1855 4245 episcopus,
1876 4183 1936 4244 pro

1140 4283 1179 4329 eo
1194 4266 1281 4344 quod
1303 4264 1436 4344 quidam
1451 4280 1566 4326 eorum
1583 4264 1739 4328 monachi
1760 4263 1937 4341 quamdam

1139 4363 1383 4441 possessionem
1406 4363 1605 4426 auctoritato
1623 4363 1749 4434 nostra,
1768 4376 1872 4423 causa
1886 4361 1936 4422 rei

1140 4461 1323 4534 servandae,
1349 4460 1573 4540 adjudicatam
1593 4459 1730 4533 eisdem,
1754 4459 1934 4531 intrarunt,

1140 4559 1254 4620 eodem
1267 4558 1422 4636 episcopo
1432 4557 1609 4629 renitente,
1622 4556 1656 4618 in
1669 4573 1727 4618 eos
1737 4557 1936 4620 auctoritate

1116 4693 1117 4696 =
1139 4652 1636 4733 propriaexcommunicationis
1653 4654 1850 4716 sententiam
1862 4669 1936 4730 pro·

1138 4754 1308 4830 molgavit
1327 4769 1424 4830 quam
1439 4752 1505 4829 ipsi
1527 4752 1685 4828 tanquam
1707 4767 1774 4813 non
1794 4767 1854 4812 suo
1871 4754 1934 4829 ju-

1138 4851 1210 4912 dice
1225 4851 1479 4929 promulgatam,
1494 4865 1596 4926 quum
1616 4849 1653 4909 in
1667 4849 1717 4911 eis
1726 4848 1935 4926 iurisdictio-

1138 4963 1213 5010 nem
1241 4947 1387 5025 aliquam
1411 4962 1477 5008 non
1501 4947 1633 5018 habeat,
1649 4946 1776 5008 nullam
1800 4945 1934 5023 penitus

1136 5046 1347 5123 reputantes,
1378 5059 1587 5122 nequaquam
1625 5059 1699 5104 eam
1744 5043 1933 5106 servarunt.

1137 5145 1246 5214 Quare
1267 5141 1497 5220 supplicarunt
1522 5141 1699 5213 instanter,
1722 5139 1769 5212 ut,
1788 5155 1831 5201 ne
1855 5155 1935 5217 pro-

1137 5241 1210 5318 pter
1229 5240 1303 5312 hoc,
1333 5240 1450 5302 contra
1472 5238 1668 5300 electionem
1689 5239 1758 5298 tam
1788 5252 1932 5298 concor·

1137 5339 1224 5400 diter
1251 5337 1467 5410 celebratam,
1497 5335 1702 5398 turbationes
1735 5333 1871 5410 possent
1896 5333 1933 5393 66

1136 5451 1271 5498 enorme
1299 5435 1509 5512 dispendium
1532 5430 1727 5494 monasterii
1755 5428 1930 5502 concitari,

1136 5533 1367 5596 nuntiaremus
1386 5547 1461 5594 eam
1481 5531 1613 5609 penitus
1629 5543 1695 5591 non
1718 5529 1843 5590 666666.
1865 5529 1932 5588 Pro
