4244 6374
295 217 352 276 571

201 411 203 418 ·
296 386 397 450 super
425 370 561 440 terram,
588 366 624 428 in
651 379 724 426 eam
752 361 885 424 devenit
912 362 1089 434 insaniam,

295 468 383 548 quod
398 465 530 528 tandem
551 461 718 526 horrenda
735 459 840 522 morte
863 459 1016 538 spiritum
1031 474 1093 522 ex-

283 541 1092 640 ‘halavitAdjeceruntinsuper,quodpraepositus

295 661 481 724 antedictus
492 659 533 719 ad
543 654 764 718 damnationis
774 652 1020 714 suaecumulum
1029 651 1093 712 lra-

296 759 383 820 trum
405 755 630 818 consessiones
646 751 777 828 publice
796 749 947 810 revelare
963 764 1092 825 praesu-

295 871 401 925 mens,
423 853 458 912 in
480 851 564 914 illud
587 847 780 911 detestabile
804 847 933 912 vitium,
957 846 1093 924 propter

296 950 383 1028 quod
420 949 470 1009 ira
506 948 566 1008 Dei
596 946 687 1008 venit
714 945 749 1006 in
776 943 862 1004 filios
883 943 1090 1010 diffidentiae,

294 1045 364 1110 tam
382 1043 617 1106 miserabiliter
639 1043 689 1104 est
715 1041 894 1116 collapsus,
918 1039 1011 1115 quod
1025 1055 1091 1100 non

295 1143 404 1205 solum
416 1143 533 1203 domus
554 1141 638 1216 ipsa,
652 1154 768 1200 verum
784 1139 885 1198 eliam
909 1136 1002 1210 regio
1022 1135 1093 1196 lere

294 1239 365 1301 tota
374 1239 473 1316 hujus
489 1239 567 1298 nota
578 1235 726 1298 infamiae
741 1234 893 1296 redditur
906 1232 1090 1294 diffamata.

296 1337 376 1396 Cum
392 1335 503 1411 igitur,
515 1332 696 1394 secundum
706 1331 912 1407 Apostolum,
931 1329 1092 1390 instantia

296 1433 411 1494 nostra
430 1429 622 1510 quotidiana
643 1427 687 1490 sit
709 1427 856 1492 omnium
872 1426 1092 1488 ecclesiarum

297 1527 487 1589 sollicitudo
500 1526 668 1595 continua,
686 1524 879 1586 discretioni
895 1523 1015 1587 vestrae
1032 1535 1092 1598 per

295 1624 486 1701 Apostolica
511 1622 635 1700 scripta
650 1621 856 1692 mandamus,
875 1621 1037 1696 quatenus
1050 1619 1091 1678 ad

296 1719 471 1782 ecelesiam
499 1718 714 1781 memoratam
740 1715 961 1794 personaliter
989 1729 1090 1776 acce-

296 1816 421 1892 dentes,
436 1817 469 1878 ot
480 1815 639 1878 hahentes
652 1830 720 1890 prae
731 1812 838 1874 oculis
852 1811 958 1872 solum
974 1814 1089 1883 Deum,

294 1913 328 1976 ei
347 1915 421 1977 vice
444 1913 557 1972 nostra
572 1909 773 1973 visitationis
795 1908 941 1972 osticium
957 1908 1090 1984 impen-

296 2009 393 2081 datis,
411 2011 444 2070 et
458 2007 613 2085 quicquid
629 2005 823 2066 inveneritis
842 2004 986 2064 fideliter
998 2004 1092 2066 redi-

297 2107 414 2181 gentes
433 2104 473 2180 ,in
498 2103 641 2178 scriptis,
657 2101 740 2162 illud
756 2101 816 2162 sub
835 2101 956 2162 vestris
971 2101 1092 2176 sigillis

297 2200 339 2262 ad
355 2201 502 2261 nostram
515 2199 728 2275 praesentiam
736 2198 979 2268 transmittatis,
990 2197 1094 2274 utper

296 2297 441 2358 vestram
469 2295 666 2357 relationem
692 2293 847 2356 instructi
878 2294 1027 2354 securius
1055 2294 1092 2354 in

296 2393 369 2474 ipso
412 2392 544 2468 negotio
588 2391 816 2468 procedamus.
855 2391 1090 2452 contradicto-

297 2505 363 2560 res,
376 2491 439 2550 etc.
456 2488 548 2561 Quod
561 2488 666 2548 sinon
680 2503 804 2560 omnes,
819 2489 882 2549 eto.
892 2489 1012 2548 Datum
1026 2489 1093 2549 La-

295 2586 416 2658 terani,
433 2587 480 2647 111
494 2585 568 2646 idus
582 2585 705 2655 martii,
720 2599 808 2646 anno
822 2585 951 2646 octavo.

648 2885 744 2974 clx

403 3040 453 3100 Ad
468 3037 672 3112 Leopoldom
686 3038 806 3095 ducem
823 3037 982 3096 Aoslrloe.

576 3163 608 3219 13
624 3163 718 3220 martii
733 3163 812 3220 laad.

461 3285 551 3348 [bojon
564 3284 625 3336 cod.
640 3283 758 3348 diplom..
774 3285 817 3342 lll,
828 3299 845 3334 1.
860 3281 927 3349 lot]

297 3413 370 3472 Eum
382 3415 466 3482 rogat
475 3415 507 3465 ut
517 3408 613 3465 Belem
624 3421 723 3480 regem
736 3407 770 3465 ad
782 3407 904 3465 Androm
915 3409 994 3482 regis
1004 3411 1092 3482 petris

379 3498 424 3556 sui
436 3495 618 3554 devotionem
633 3503 661 3552 et
675 3497 864 3554 reverentiam
883 3503 1008 3554 moneat.

337 3631 504 3694 Honorius
533 3630 723 3708 episcopus,
752 3631 830 3702 otc,
868 3629 987 3693 dilecto
1023 3633 1092 3694 tilio

297 3730 402 3792 nobili
415 3729 499 3800 viro,
517 3728 592 3789 duci
613 3727 767 3799 Austriae,
790 3727 939 3796 salutem,
954 3729 1014 3790 etc.

338 3829 393 3889 Sic
419 3825 545 3888 habere
566 3825 600 3886 te
623 3824 790 3885 credimus
813 3825 966 3887 timorem
988 3825 1092 3888 divini

297 3924 442 3987 nominis
467 3923 499 3985 et
521 3936 678 3990 amorem,
696 3921 731 3981 ut
747 3937 819 3998 quae
842 3921 981 3984 honesta
1003 3925 1090 3996 sunt,

297 4023 418 4096 diligas
434 4021 466 4081 et
482 4017 658 4079 inhonesta
673 4017 748 4078 odio
765 4017 888 4080 habeas
900 4019 932 4078 et
953 4019 1089 4080 devites.

297 4117 516 4179 Fiducialiter
537 4116 648 4192 itaque
670 4113 875 4175 nobilitatem
888 4119 979 4176 tuam
994 4132 1093 4194 roga-

297 4231 372 4275 mus
387 4215 419 4276 et
434 4213 607 4274 hortamur
621 4211 756 4282 attento,
771 4212 935 4288 quatenus
953 4215 1092 4274 carissi-

297 4327 386 4372 mum
406 4311 441 4370 in
458 4309 587 4368 Christo
608 4307 712 4368 lilium
731 4309 889 4380 nostrum,
906 4309 1020 4371 Belam
1038 4327 1094 4372 re-

188 4420 191 4429 ’
297 4423 384 4484 gem,
402 4407 515 4467 natum
528 4404 693 4464 carissimi
708 4405 743 4464 in
755 4405 886 4467 Christo
901 4407 962 4466 lilii
974 4409 1090 4482 nostri,

296 4505 439 4567 Andreae
461 4500 601 4562 illustris
618 4501 706 4576 regis
724 4501 915 4580 Hungariae,
932 4505 974 4564 ad
989 4507 1092 4582 patris

917 204 1093 265 HONORII
1114 204 1160 264 ΙΙΙ
1182 206 1331 267 OPERA.

1486 393 1603 478 CLXI

1238 543 1290 602 Ad
1309 543 1501 604 Henlt'cum
1516 556 1635 616 repam
1649 543 1849 618 Arzplorcno.

1430 670 1656 728 limentiilttl.

1367 793 1479 857 [llymen
1489 795 1602 852 Foedero,
1614 795 1633 852 l,
1643 809 1661 852 1,
1672 794 1725 859 m]

1146 916 1179 970 Ei
1194 917 1325 989 suggerit
1339 923 1368 974 et
1385 919 1507 975 consulit
1521 916 1596 975 hona
1618 917 1672 976 fide
1695 926 1723 976 ut
1743 918 1897 992 prudenter
1912 937 1947 980 se

1329 1005 1432 1062 habeat
1446 1021 1514 1078 ergo
1530 1021 1599 1063 suos
1611 1007 1758 1064 vassallos.

1186 1131 1942 1208 Honoriusepiscopus,servusservorumDei,

1147 1225 1320 1290 carissimo
1354 1228 1389 1290 in
1421 1228 1550 1290 Christo
1583 1229 1652 1290 fllio
1680 1232 1842 1301 ilenrico,
1870 1231 1946 1308 regi

1146 1324 1329 1398 anglorum
1344 1325 1479 1398 illustri,
1498 1325 1652 1400 salutem,
1667 1327 1741 1390 etc.¹

1187 1421 1375 1484 Gaudemus
1389 1423 1425 1483 in
1440 1422 1590 1496 Domino,
1610 1427 1643 1486 et
1661 1425 1693 1486 ei
1708 1426 1857 1506 aetiopes
1877 1441 1944 1490 ex·

1147 1517 1306 1578 solvimus
1329 1520 1524 1594 gratiarum,
1542 1521 1628 1598 quod
1651 1522 1737 1583 sicut
1751 1523 1864 1584 dilecti
1881 1523 1944 1586 lilii

1146 1614 1305 1689 magister
1321 1616 1507 1692 Stephanus
1529 1618 1570 1679 de
1592 1620 1690 1679 Lucis
1706 1621 1739 1680 et
1754 1619 1875 1680 nobilis
1889 1621 1944 1682 vir

1148 1713 1185 1770 G.
1200 1711 1240 1771 de
1257 1713 1427 1773 Cracumh.
1447 1715 1556 1775 nuntii
1573 1715 1634 1786 tui,
1650 1715 1715 1776 viri
1731 1717 1845 1793 utique
1863 1733 1945 1793 pro-

1146 1807 1215 1868 vidi
1243 1809 1276 1870 et
1299 1808 1425 1882 fideles,
1450 1811 1544 1872 nohis
1573 1812 1605 1874 et
1631 1809 1789 1873 iratribus
1818 1813 1943 1873 nostris

1146 1919 1227 1965 voce
1256 1921 1401 1967 consona
1434 1908 1634 1980 retulerunt,
1665 1910 1698 1971 to
1723 1911 1759 1969 in
1788 1909 1944 1970 omnihus

1147 2001 1359 2064 laudabiliter
1380 2005 1480 2080 geris,
1502 2005 1549 2066 ita
1574 2007 1609 2066 ut
1630 2006 1692 2066 llos
1707 2006 1944 2068 adolescentiae

1146 2097 1212 2158 tuae
1233 2101 1345 2174 gratos
1366 2103 1398 2162 et
1416 2101 1636 2178 acceptabiles
1656 2101 1783 2164 fructus
1803 2103 1943 2164 indubi-

1147 2195 1257 2256 tanter
1268 2198 1460 2273 promittere
1475 2199 1638 2272 videatur,
1654 2215 1834 2277 superque
1849 2201 1943 2262 tanto

1147 2292 1300 2368 ampliori
1335 2293 1507 2358 alacritate
1540 2295 1785 2374 perfundimur,
1818 2297 1943 2374 quanto

1146 2404 1322 2464 personam
1337 2391 1427 2453 tuam
1443 2393 1475 2453 et
1490 2408 1628 2469 regnum
1644 2394 1838 2456 sincerioris
1854 2394 1945 2454 cari-

1146 2486 1224 2548 tatis
1244 2486 1391 2550 brachiis
1407 2489 1648 2566 amplexamur.

1186 2583 1266 2654 Quia
1281 2600 1371 2656 vero,
1386 2586 1472 2646 sicut
1486 2585 1589 2647 facies
1605 2587 1652 2648 ita
1667 2588 1700 2649 et
1715 2589 1819 2648 animi
1832 2588 1944 2650 homi-

1146 2695 1225 2739 num
1238 2681 1315 2742 sunt
1330 2681 1464 2754 diversi,
1475 2685 1571 2760 juxta
1588 2683 1668 2744 illud
1682 2685 1857 2762 poeticum,

1181 2827 1261 2886 ullo
1271 2829 1417 2886 lominum
1426 2831 1539 2900 species,
1547 2835 1574 2888 et
1586 2847 1684 2888 rerum
1693 2831 1815 2890 discolor
1824 2848 1904 2900 osus,

1186 2915 1262 2976 Velle
1275 2920 1469 2990 enumeratque
1479 2923 1529 2984 cal,
1543 2935 1592 2978 occ
1605 2925 1667 2978 voto
1681 2921 1789 2980 diodor
1803 2937 1870 2978 uno.

1186 3049 1326 3136 Expedit
1347 3063 1393 3132 ut,
1411 3061 1498 3123 sicut
1516 3064 1749 3128 universorum
1769 3057 1943 3140 hominum

1146 3155 1252 3232 ipsius
1287 3159 1382 3234 regni
1416 3162 1599 3222 communis
1623 3177 1659 3223 es
1684 3163 1862 3232 Dominus,
1895 3163 1943 3225 ita

1146 3267 1272 3314 morem
1286 3268 1404 3330 gerere
1419 3257 1552 3318 studeas
1568 3260 1787 3320 communiter
1801 3261 1942 3322 univer-

1147 3350 1204 3422 sis,
1235 3349 1423 3415 exhibendo
1446 3357 1479 3415 te
1502 3355 1643 3430 singulis
1672 3356 1890 3418 favorabilem
1910 3357 1944 3422 et

1146 3446 1342 3526 benignum3
1356 3450 1429 3511 etsi
1442 3451 1573 3528 quando
1586 3453 1704 3514 incidit
1714 3455 1943 3516 controversia

1146 3537 1317 3616 intereos,
1336 3563 1395 3624 pro
1413 3547 1500 3612 utin
1519 3549 1611 3610 tanta
1626 3549 1836 3612 multitudine
1852 3552 1944 3613 acci-

1147 3639 1226 3702 dere
1252 3645 1435 3717 consuevit,
1464 3661 1529 3707 non
1556 3645 1724 3708 declinare
1752 3648 1787 3708 in
1815 3649 1942 3725 partem

1147 3738 1352 3812 alterutram,
1370 3741 1427 3802 sed
1441 3742 1614 3820 utramque
1631 3744 1704 3820 pari
1721 3743 1854 3818 affectu,
1869 3747 1942 3824 pari

1148 3833 1335 3911 diligentia,
1361 3839 1435 3916 pari
1464 3839 1572 3901 studio
1599 3841 1782 3917 corrigere,
1811 3858 1940 3918 regere,

1147 3931 1348 4008 gubernare3
1362 3935 1409 3996 ita
1425 3937 1589 4002 uteorum
1603 3937 1753 4013 quilibet,
1771 3939 1806 3999 in
1820 3941 1853 4001 te
1867 3955 1943 4002 reo-

1147 4029 1320 4091 titudinem
1343 4033 1443 4108 regiae
1468 4032 1641 4110 dignitatis
1660 4049 1857 4110 agnoscens,
1875 4053 1942 4098 non

1148 4127 1271 4188 metuat
1294 4129 1328 4188 in
1353 4128 1430 4193 sinu
1449 4130 1507 4191 tuo
1531 4145 1654 4208 ponere
1676 4147 1811 4193 causam
1833 4149 1939 4206 suam,

1148 4222 1204 4283 sed
1223 4223 1264 4286 de
1283 4226 1326 4296 te,
1346 4225 1432 4286 siout
1446 4224 1554 4287 fidelis
1569 4227 1720 4291 vassalus
1738 4229 1778 4292 do
1797 4230 1941 4306 benigno

1147 4319 1298 4390 Domino,
1313 4322 1347 4383 et
1361 4322 1446 4382 sicut
1462 4322 1597 4384 humilis
1612 4323 1701 4384 filius
1715 4325 1755 4385 de
1767 4326 1822 4402 pio
1836 4328 1939 4402 patre,

1148 4417 1308 4479 considat.
1806 4439 1811 4447 '

1189 4515 1354 4590 Rogamus
1385 4514 1487 4594 igitur
1511 4517 1577 4578 tuae
1603 4518 1795 4580 serenitatis
1821 4520 1940 4580 indus-

297 4603 350 4664 sui
365 4600 583 4670 devotionem,
595 4599 627 4658 et
639 4597 860 4660 reverentiam
871 4617 1005 4663 moneas
1013 4619 1092 4682 pro·
1147 4609 1257 4683 triam,
1269 4613 1431 4688 quatenus
1444 4611 1516 4674 haec
1531 4613 1657 4674 scribas
1672 4615 1707 4675 in
1722 4614 1844 4676 tabulis
1861 4632 1939 4677 cor-

297 4700 433 4778 pensius
455 4698 487 4758 et
506 4695 665 4770 inducas;
683 4711 779 4772 quem
795 4695 895 4758 etiam
917 4699 1093 4761 sollicitius
1148 4707 1198 4767 dis
1219 4707 1280 4780 tui,
1297 4710 1330 4770 et
1344 4724 1509 4785 reponens
1533 4709 1567 4770 in
1588 4711 1654 4773 tuae
1670 4711 1789 4772 mentis
1805 4717 1939 4785 arcana,

297 4794 545 4866 exhorteris,ut
557 4791 817 4854 familiaritatem
828 4791 951 4858 devitet
965 4813 1091 4870 eorum,
1147 4803 1330 4879 producas,
1358 4822 1433 4866 cum
1457 4822 1539 4884 opus
1569 4807 1683 4880 suerit,
1711 4809 1748 4869 in
1776 4809 1939 4880 effectum,

297 4895 354 4974 qui
378 4893 465 4954 inter
485 4892 594 4968 ipsum
618 4891 650 4952 et
674 4891 801 4966 patrem
816 4907 911 4952 suum
927 4895 1093 4955 seminare
1149 4917 1213 4962 non
1234 4902 1430 4964 declinando
1447 4903 1480 4963 in
1496 4907 1624 4980 partem
1641 4903 1803 4982 aliquam3
1822 4907 1878 4968 sed
1896 4907 1939 4978 te,

296 4991 508 5060 discordiam,
523 4989 554 5048 et
565 4987 606 5048 ad
617 4987 704 5048 hona
714 4987 838 5050 vellent
851 4989 961 5050 aliena
976 4993 1093 5052 exten·
1147 4997 1234 5060 siout
1267 5014 1380 5075 regern
1417 5001 1522 5072 decet,
1554 5018 1761 5064 communem
1790 5003 1941 5064 omnihus

297 5089 375 5150 dere
391 5104 509 5148 manus
533 5101 629 5158 suas;
646 5085 693 5147 ita
709 5085 795 5162 quod
815 5102 876 5147 nos
892 5087 932 5149 de
945 5087 1093 5150 bonitate
1148 5095 1345 5170 exhibendo,
1364 5099 1397 5159 et
1415 5097 1489 5160 tuas
1511 5099 1611 5162 etiam
1633 5099 1873 5161 dissimulando
1887 5100 1943 5160 in-

295 5183 419 5247 indolis
434 5200 502 5244 suae
518 5181 612 5253 certi,
627 5183 668 5242 ad
682 5183 820 5244 honoris
835 5184 868 5244 et
880 5184 1092 5248 exaltationis
1143 5194 1264 5270 jurias,
1275 5211 1348 5256 cum
1359 5197 1517 5272 expedire
1528 5195 1693 5260 videbitur
1702 5213 1772 5273 pru,
1784 5197 1941 5260 scandalo

297 5286 370 5364 ejus
386 5282 597 5356 augmentum
624 5295 754 5358 semper
777 5281 949 5344 intendere
971 5285 1091 5348 valea·
1147 5291 1311 5352 evitando.
1329 5291 1413 5353 illud
1432 5293 1543 5354 autem
1567 5293 1764 5355 nominatim
1781 5295 1846 5356 tuae
1863 5311 1942 5370 sug-

296 5398 381 5442 mus.
399 5379 516 5441 Datum
531 5375 698 5448 Laterani,
716 5379 761 5438 ΙΙΙ
776 5377 849 5438 idus
866 5381 988 5449 martii,
1005 5398 1091 5458 pon·
1147 5388 1294 5463 gerimus
1307 5388 1497 5452 celsitudini
1510 5389 1543 5450 et
1552 5389 1757 5452 consulimus
1766 5390 1854 5454 bona
1865 5392 1939 5463 lide,

297 5479 442 5538 tiflcatus
458 5473 563 5535 nostri
579 5488 667 5532 amlO
682 5477 809 5535 Octavo·
1147 5486 1183 5544 ut
1196 5500 1269 5545 cum
1280 5485 1435 5548 vassallis
1446 5486 1511 5547 tuis
1525 5502 1589 5546 non
1603 5502 1705 5562 ponas
1720 5487 1780 5548 hoc
1795 5489 1941 5566 tempore
