4274 6388
323 349 384 410 327

322 507 615 581 tem,etc.1)atum
632 505 801 577 Laterani,
822 505 868 568 ill
887 505 962 568 idus
984 505 1114 584 aprilis,

323 605 534 684 pontificatus
547 603 653 666 nostri
667 618 756 666 anno
770 602 921 679 septimo.

676 868 761 956 CIX

421 1052 474 1114 Aa
487 1049 657 1112 westrem
670 1061 789 1121 regem
807 1047 1013 1121 ascoperam.

604 1179 636 1236 ιι
651 1177 749 1250 opens
760 1177 839 1234 mas.

934 346 1112 408 HONORII
1135 347 1179 413 111
1202 349 1351 412 OPERA.

1905 355 1966 416 aba

1487 519 1598 605 ·GX

1171 669 1224 729 Ab
1233 667 1372 730 abbates
1383 671 1425 730 de
1438 671 1642 742 Hbdesleoe,
1653 669 1687 732 ai
1701 672 1742 730 cte
1757 671 1966 732 Sedebebefrc

1336 765 1370 826 et
1379 767 1608 838 prepositum
1624 769 1786 828 Arnessc.
1914 829 1917 838 ,

1435 903 1470 962 lt
1489 904 1588 977 aprilis
1607 905 1686 962 lata.

1243 1023 1417 1090 [haselbach
1432 1025 1493 1077 Cod.
1505 1027 1673 1087 Pomerania,
1687 1027 1706 1087 l,
1720 1027 1775 1088 iti,
1787 1043 1812 1078 n.
1824 1027 1893 1094 lla]

1171 1150 1206 1207 Ut
1220 1150 1386 1222 episcopum
1404 1157 1433 1208 et
1450 1152 1605 1224 capitulum
1627 1153 1813 1210 ceninenses
1833 1153 1869 1210 ad
1890 1153 1960 1212 aba·

1108 1241 1111 1248 “
1204 1235 1341 1296 dientiam
1358 1237 1548 1297 exhihendam
1568 1238 1809 1314 llagdaburgensi
1825 1241 1965 1316 episcopo

457 1301 548 1368 [delen
559 1301 621 1354 God.
635 1299 742 1364 diplom.
754 1299 797 1357 lll,
809 1313 828 1357 r,
838 1311 903 1363 paga
911 1299 981 1363 tlt]

322 1423 377 1481 Pro
393 1418 514 1488 damnis,
537 1431 589 1490 per
606 1415 727 1472 comites
740 1413 899 1481 Nicolaum,
915 1419 945 1470 et
958 1411 1061 1483 Other,
1082 1427 1116 1471 ac

356 1505 495 1581 quosdam
509 1504 678 1571 ismaelitas,
690 1500 846 1559 mandante
864 1500 978 1558 Andrea
993 1503 1031 1571 ll,
1045 1515 1115 1574 rege

324 1627 327 1633 ·
356 1595 521 1667 hungaria,
530 1593 625 1660 illatis,
641 1589 865 1663 satisfactionem
878 1589 1027 1662 Gregorio,
1042 1603 1114 1663 prae·

354 1684 448 1758 posito
459 1680 618 1749 Orodleosi,
629 1677 757 1751 impendi
771 1684 866 1751 urget.

359 1813 1112 1894 Honoriusepiscopus,servasservorumbel‚

319 1917 443 1980 illustri
463 1915 536 1990 regi
563 1909 756 1988 Hungariae,
772 1909 913 1972 salutem
929 1911 961 1972 et
972 1913 1115 1988 Aposto-

258 2039 262 2047 ·
319 2015 419 2080 licam
431 2011 705 2074 benedictionem.

361 2113 467 2184 Quum
479 2107 558 2170 olim
571 2107 662 2169 tuam
678 2103 871 2166 fecissemus
882 2103 1112 2168 excellentiam

319 2205 536 2279 commoneri,
563 2203 599 2265 ut
623 2203 753 2264 dilectis
777 2201 856 2265 filiis
882 2201 1059 2279 praeposito
1082 2201 1114 2264 et

319 2287 463 2384 capitulo
493 2301 689 2378 orodiensis
713 2297 863 2384 ecciesiae
902 2299 1113 2362 satisfaceres

319 2403 359 2466 de
372 2400 513 2472 damnis,
529 2414 601 2478 quae
617 2399 658 2458 N.
677 2400 710 2459 et
731 2399 768 2458 Ο.
785 2395 922 2457 comites
937 2408 997 2473 par
1009 2410 1057 2468 se,
1073 2409 1113 2457 ac

318 2516 378 2580 per
393 2495 725 2576 quosdam'paganos,
742 2494 775 2554 te
790 2493 969 2554 mandante
984 2492 1112 2569 irroga·

317 2601 398 2660 runt
410 2594 546 2662 eisdem,
562 2592 631 2653 tam
654 2591 689 2651 in
710 2590 807 2651 honis
827 2589 932 2668 ipsius
948 2589 1110 2662 ecclesiae,

317 2713 417 2776 quam
441 2693 541 2754 etiam
568 2691 603 2750 in
630 2688 830 2766 patrimonio
854 2685 1024 2764 praepositi
1049 2703 1111 2748 su-

318 2791 477 2874 pradicti;
499 2789 532 2852 te
556 2787 624 2849 illis
651 2785 846 2847 satisfacere
869 2801 936 2846 non
960 2784 1110 2856 curante,

317 2887 502 2956 venerabili
521 2885 618 2947 fratri
632 2883 746 2945 nostro
763 2881 984 2958 Strigoniensi
1000 2880 1113 2942 arohi-

1107 1335 1110 1346 '
1205 1329 1321 1398 cogant

1209 1449 1376 1510 Honorius
1386 1450 1573 1527 episcopus,
1581 1467 1698 1514 servus
1707 1467 1880 1516 servorum
1888 1453 1961 1526 Dei,

1169 1545 1299 1608 dilectis
1311 1547 1391 1608 filiis
1403 1547 1444 1608 de
1454 1547 1645 1624 Hildesleve
1655 1549 1687 1612 et
1697 1549 1739 1612 de
1749 1549 1964 1613 Sedekeheke

1169 1639 1342 1704 abhatibus
1368 1645 1400 1705 et
1427 1646 1605 1722 praeposito
1627 1647 1669 1708 de
1692 1649 1849 1720 Arnesse,
1875 1647 1963 1708 Hal-

1168 1738 1392 1802 herstadensis
1406 1742 1440 1804 et
1455 1742 1636 1804 verdensis
1655 1742 1849 1817 dioecesum,
1871 1745 1964 1806 salu·

1168 1838 1235 1899 tem
1250 1839 1283 1900 et
1295 1839 1518 1914 Apostolioam
1532 1840 1809 1903 benedictionem.

1208 1935 1416 1996 Venerabilis
1424 1936 1528 1999 frater
1536 1940 1660 2011 noster,
1668 1939 1964 2015 magdeburgensis

1168 2031 1452 2109 archiepiscopus,
1472 2034 1568 2098 nohis
1591 2037 1824 2113 conquerendo
1850 2052 1965 2098 mons-

1167 2127 1379 2205 travit,quod
1400 2131 1604 2192 uenerabilis
1623 2132 1726 2196 frater
1747 2136 1859 2196 noster
1873 2135 1965 2212 epis-

1169 2241 1272 2302 copus
1289 2229 1323 2286 et
1335 2227 1517 2304 capitulum
1528 2230 1724 2291 (laminense
1738 2231 1882 2292 debitam
1897 2231 1962 2294 sibl

1168 2323 1392 2386 obedientiam
1406 2325 1439 2388 et
1451 2327 1674 2390 reverentiam
1689 2328 1848 2390 exhihere
1862 2345 1963 2392 recu·

1168 2421 1253 2482 sant.
1273 2421 1416 2499 Ideoque
1435 2421 1629 2486 discretioni
1641 2425 1761 2487 uestrae
1773 2430 1960 2506 perhpose

1167 2517 1267 2580 tolica
1295 2518 1419 2596 scripta
1443 2520 1650 2594 mandamus,
1666 2522 1837 2600 'quatenus
1856 2523 1963 2585 dictos

1167 2614 1358 2692 episcopum
1373 2617 1406 2678 et
1421 2617 1616 2692 capitulum,
1631 2619 1668 2681 ut
1685 2619 1828 2680 debitam
1841 2619 1873 2682 ei
1886 2620 1963 2682 obe·

1167 2711 1327 2774 dientiam
1348 2713 1380 2774 et
1398 2714 1621 2778 reverentiam
1640 2715 1832 2789 exhibeant,
1853 2719 1889 2778 ut
1906 2718 1962 2779 te-

1167 2809 1298 2881 nentur,
1330 2809 1512 2870 monitione
1546 2811 1731 2888 praemissa,
1763 2812 1962 2876 auctoritate

1167 2905 1299 2977 nostra,
1333 2905 1464 2968 sublato
1503 2906 1737 2986 appellationis
1772 2907 1959 2984 obstaculo,

317 2991 472 3068 θΡῙὸθθΡθ
488 2985 521 3045 Ol
536 2981 673 3056 0⁰llessiss
693 2982 766 3057 ejus
786 2979 937 3040 dedimus
949 2979 996 3088 21¹¹
1016 2993 1113 3040 man·
1162 3002 1294 3080 justitia
1308 3003 1475 3065 mediante
1490 3005 1626 3080 cogatis.
1641 3006 1756 3066 Testes
1769 3007 1961 3083 autem,qui

318 3087 415 3156 datis,
433 3082 469 3143 ut
488 3093 587 3155 subtr
609 3077 662 3137 his
685 3075 792 3136 eidem
815 3076 993 3152 Pl'ael'03110
1009 3076 1042 3135 θῗ
1056 3087 1113 3134 ⁰⁰·
1166 3099 1290 3162 fuerint
1307 3083 1486 3173 nominati,
1501 3103 1529 3162 si
1548 3118 1583 3162 se
1606 3103 1726 3178 gratia,
1741 3103 1829 3176 odic,
1845 3102 1960 3165 velii-

318 3181 430 3259 clesiae
455 3173 602 3238 facerent
621 3173 786 3250 Justitiam
816 3170 979 3233 exliiberi.
1006 3173 1111 3244 Quum
1166 3212 1258 3258 more
1272 3196 1511 3267 subtraxerint,
1526 3201 1959 3276 percensurameccpesias.

319 3279 429 3343 autem
452 3273 552 3334 iidem
572 3286 707 3332 causam
729 3269 836 3345 ipsam
855 3284 961 3344 nuper
984 3267 1025 3328 ad
1050 3283 1111 3329 ¹¹⁰⁸
1165 3296 1277 3366 ticam,
1301 3295 1524 3372 appellatione
1546 3299 1709 3370 cessante,
1725 3298 1852 3374 cogatis
1874 3299 1963 3360 reri·

318 3370 526 3440 remisissent
549 3367 756 3438 instructam,
784 3363 986 3426 venerahilis
1009 3362 1112 3425 frater
1167 3391 1227 3451 tati
1254 3391 1480 3454 testimonium
1513 3392 1701 3468 perhibere·
1720 3395 1811 3465 Quod
1835 3395 1864 3454 εἰ
1891 3409 1960 3456 non

319 3474 433 3536 noster
447 3462 718 3542 wesprimiensis
737 3461 913 3538 ⁰PiS⁰⁰P¹¹⁸
934 3460 967 3521 et
989 3462 1027 3521 D·
1051 3475 1111 3520 ⁶³·
1167 3503 1280 3549 omnes
1293 3488 1347 3548 his
1357 3489 1579 3564 exsequendis
1593 3490 1767 3565 potueritis
1782 3491 1959 3556 interesse,

319 3567 495 3634 merarius
508 3565 540 3626 θῖ
550 3561 709 3636 magister
722 3563 759 3622 G·
774 3557 887 3619 nuncii
902 3557 951 3619 tui
964 3573 1007 3619 ⁰¹
1017 3559 1112 3634 P³st⁰
1165 3585 1231 3647 duo
1252 3585 1399 3646 vestrum
1425 3599 1465 3646 ea
1487 3585 1704 3647 nihilominus
1721 3587 1957 3663 exsequantur.

319 3670 377 3732 tua
393 3681 467 3728 0¹11ss
482 3660 641 3723 instantia
655 3656 831 3734 Petierunt*
849 3655 884 3716 ut
899 3654 1006 3731 ipsum
1020 3669 1110 3730 ΡΜ·
1166 3684 1284 3748 Datum
1304 3682 1471 3754 Laterani,
1488 3685 1518 3743 Il
1537 3682 1613 3744 idus
1634 3682 1764 3760 aprilis,
1781 3684 1961 3762 pontifica-

317 3763 474 3844 positum,
488 3755 545 3834 qui
560 3756 694 3832 propter
706 3751 770 3812 hoc
783 3751 823 3812 ad
840 3750 958 3811 Sedam
970 3749 1112 3826 Aposto—
1165 3783 1219 3842 ωδ
1231 3779 1337 3842 nostri
1349 3795 1438 3840 anno
1453 3779 1605 3858 septimo·

318 3847 417 3926 licam
443 3851 665 3923 laboraverat,
681 3850 714 3911 et
737 3863 865 3909 moram
888 3845 934 3908 ihi
962 3848 1112 3909 traxerat

317 3957 514 4034 longiorem,
531 3951 572 4012 ad
592 3951 658 4012 tuae
678 3945 869 4008 serenitatis
890 3944 1032 4020 gratiam
1056 3961 1113 4007 re-

318 4057 449 4119 mittere
464 4049 688 4125 dignaremur,
712 4041 972 4104 satisfactionem
991 4040 1111 4119 plena-

317 4155 403 4217 riam
426 4147 653 4224 recepturum;
678 4141 831 4217 idemque
854 4138 1052 4215 praepositus
1075 4139 1111 4199 in

316 4253 382 4312 hoc
403 4249 511 4324 ipsum
533 4257 593 4320 pro
609 4242 666 4303 tua
686 4235 873 4300 reverentia
888 4235 921 4298 et
935 4235 1123 4308 devotionex
1520 4125 1605 4214 CXI
1844 4307 1851 4320 .

317 4342 498 4411 consensit.
512 4343 623 4416 Ipsum
635 4335 736 4411 igitur
745 4333 787 4394 ad
798 4335 888 4396 tuam
902 4331 1110 4393 clementiam
1165 4308 1217 4366 Ad
1237 4307 1268 4365 J.
1287 4307 1409 4366 thbea.
1430 4303 1463 4364 et
1482 4307 1514 4364 J.
1544 4306 1732 4365 Vtrdurrcn.
1752 4307 1961 4367 carceratam-

318 4439 518 4508 tiduoialiter
543 4433 758 4504 remittentes,
782 4429 995 4492 serenitatem
1022 4435 1109 4490 tuam
1204 4415 1277 4473 '²⁰⁸2
1302 4403 1336 4462 ⁰5
1362 4404 1403 4463 R·
1427 4404 1469 4462 αθ
1492 4403 1619 4474 Ρθνῖαι
1642 4405 1849 4463 camimum
1882 4405 1960 4464 ΠΥ·

316 4553 474 4620 rogamus
499 4513 669 4602 attentius,
693 4531 726 4590 et
749 4527 932 4599 hortamur,
948 4527 1109 4605 quatenus
1206 4501 1331 4560 dunen·

318 4637 498 4703 secundum
514 4629 600 4709 quod
616 4643 728 4689 coram
752 4625 847 4688 nohis
869 4639 912 4685 ax
935 4626 1029 4699 parte
1052 4624 1110 4684 tua

317 4737 414 4801 nobis
427 4725 652 4812 promiserunt
662 4724 840 4802 episcopus
862 4721 894 4782 et
913 4719 972 4782 alii
988 4735 1110 4797 supra·
1182 4713 1512 4784 [aegest.‚1n›.v11,epist.
1526 4713 1579 4764 aaa.
1593 4715 1651 4764 mss.
1666 4715 1702 4765 ua
1713 4715 1788 4766 rorte
1798 4714 1833 4766 au
1849 4713 1944 4780 mail]

316 4834 408 4905 dicii,
427 4829 535 4892 &idem
551 4821 739 4902 Pl'aepffliw’
759 4821 791 4882 et
806 4818 955 4880 ⁶⁰⁰¹⁰⁸iae
975 4833 1035 4895 pm
1050 4832 1108 4878 ¹¹⁰*
1199 4850 1321 4926 {llandat
1341 4857 1372 4906 ut
1394 4845 1466 4904 duos
1486 4845 1735 4906 archidiaconatus
1755 4848 1919 4921 primicerio

1438 4576 1471 4632 la
1491 4573 1588 4647 aprilis
1607 4573 1686 4634 1223.

315 4929 466 4996 verentia
491 4923 615 4993 divina,
632 4920 665 4981 et
683 4918 798 4981 nostra
819 4915 865 4978 iia
884 4915 1034 4992 plenarie
1054 4929 1110 4976 sa-

316 5029 478 5098 tisfacias,
502 5019 590 5102 quod
613 5033 673 5098 per
699 5015 763 5077 hoc
791 5017 858 5075 Deo
884 5011 1029 5089 placeas,
1052 5013 1108 5091 qui

317 5127 387 5188 odit
400 5123 570 5202 injuriam,
580 5118 613 5180 et
623 5113 731 5190 diligit
742 5111 946 5189 aequitatem3
960 5110 993 5172 et
1002 5110 1109 5172 eidem

313 5213 514 5304 ¹praepositus
529 5216 562 5276 et
576 5211 757 5289 capitulum
770 5207 812 5270 ad
834 5223 895 5269 nos
910 5221 978 5268 non
992 5220 1109 5268 recur-

316 5321 392 5384 rant
408 5311 590 5392 deposituri
603 5305 783 5387 querelam,
798 5305 856 5366 sed
875 5305 1001 5381 gratias
1015 5303 1108 5364 rela-

315 5415 528 5483 turi-Datum
543 5405 711 5478 Laterani,
728 5405 774 5466 lli
788 5403 864 5464 idus
880 5400 1008 5479 aprilis
1024 5413 1110 5476 pon-

314 5517 460 5582 tificatus
473 5507 578 5575 nostri
594 5521 681 5568 anuo
697 5501 848 5580 septimo.

1349 4935 1523 4996 virdunensi
1538 4950 1596 4993 non
1611 4935 1771 4996 conferant.

1203 5061 1383 5134 Honorius,
1398 5062 1473 5134 etc,
1488 5061 1618 5123 dilectis
1638 5061 1717 5124 filiis
1738 5064 1768 5124 J.
1785 5061 1907 5124 Jullen.
1926 5063 1959 5126 et

1161 5165 1193 5225 J.
1209 5161 1392 5223 virdunen.
1406 5158 1665 5230 archidiaconis,
1682 5161 1715 5221 et
1736 5159 1775 5220 R.
1796 5157 1837 5220 de
1858 5157 1958 5220 Porta

1163 5258 1325 5320 canonico
1333 5257 1528 5328 virdunen,
1537 5255 1677 5318 salutem
1690 5257 1723 5317 et
1735 5255 1958 5330 Apostolicam

1163 5354 1438 5418 benedictionem.

1202 5453 1251 5514 Ad
1275 5451 1422 5514 nostram
1437 5450 1597 5514 noveritis
1614 5449 1818 5510 audientiam
1839 5464 1960 5526 perve-

1163 5551 1264 5624 nisse,
1281 5549 1367 5627 quod
1382 5551 1412 5612 J.
1427 5547 1639 5625 primicerius
1654 5545 1851 5616 Virdunen„
1868 5562 1958 5623 prae-

1163 5651 1214 5714 ter
1235 5646 1512 5726 primiceriatum,
1536 5645 1620 5706 duos
1646 5643 1955 5718 archidiaconatus,
