<?xml version="1.0" encoding="UTF-8"?>
<!DOCTYPE html PUBLIC "-//W3C//DTD XHTML 1.0 Transitional//EN"
    "http://www.w3.org/TR/xhtml1/DTD/xhtml1-transitional.dtd">
<html xmlns="http://www.w3.org/1999/xhtml" xml:lang="en" lang="en">
 <head>
  <title>
</title>
<meta http-equiv="Content-Type" content="text/html;charset=utf-8" />
  <meta name='ocr-system' content='tesseract 3.04.00' />
  <meta name='ocr-capabilities' content='ocr_page ocr_carea ocr_par ocr_line ocrx_word'/>
</head>
<body>
  <div class='ocr_page' id='page_1' title='image "./mediiaevibiblio00unkngoog_0127.png"; bbox 0 0 4274 6388; ppageno 0'>
   <div class='ocr_carea' id='block_1_1' title="bbox 159 251 1800 358">
    <p class='ocr_par' dir='ltr' id='par_1_1' title="bbox 159 251 1800 358">
     <span class='ocr_line' id='line_1_1' title="bbox 159 251 1800 358; baseline 0.002 -4"><span class='ocrx_word' id='word_1_1' title='bbox 159 293 220 354; x_wconf 81' lang='lat'><strong>233</strong></span> <span class='ocrx_word' id='word_1_2' title='bbox 768 295 997 358; x_wconf 73' lang='lat' dir='ltr'><strong>aristone.</strong></span> <span class='ocrx_word' id='word_1_3' title='bbox 1021 297 1098 358; x_wconf 80' lang='lat' dir='ltr'><strong>uus.</strong></span> <span class='ocrx_word' id='word_1_4' title='bbox 1121 297 1191 358; x_wconf 89' lang='lat' dir='ltr'><strong>vu.</strong></span> <span class='ocrx_word' id='word_1_5' title='bbox 1568 319 1579 344; x_wconf 60' lang='grc' dir='ltr'><em>ι</em></span> <span class='ocrx_word' id='word_1_6' title='bbox 1663 251 1669 266; x_wconf 56' lang='lat'><strong>,</strong></span> <span class='ocrx_word' id='word_1_7' title='bbox 1714 256 1800 358; x_wconf 74' lang='lat' dir='ltr'><strong>&#39;aar</strong></span> 
     </span>
    </p>
   </div>
   <div class='ocr_carea' id='block_1_2' title="bbox 154 451 1839 2082">
    <p class='ocr_par' dir='ltr' id='par_1_2' title="bbox 154 451 1839 2082">
     <span class='ocr_line' id='line_1_2' title="bbox 198 451 1438 554; baseline 0.006 -40"><span class='ocrx_word' id='word_1_8' title='bbox 198 451 345 516; x_wconf 84' lang='lat' dir='ltr'><strong>Dilectus</strong></span> <span class='ocrx_word' id='word_1_9' title='bbox 356 453 444 515; x_wconf 88' lang='lat' dir='ltr'><strong>illius</strong></span> <span class='ocrx_word' id='word_1_10' title='bbox 453 457 630 532; x_wconf 83' lang='lat' dir='ltr'><strong>Juqulntus</strong></span> <span class='ocrx_word' id='word_1_11' title='bbox 644 454 866 519; x_wconf 87' lang='lat' dir='ltr'><strong>subdiaconus</strong></span> <span class='ocrx_word' id='word_1_12' title='bbox 877 471 952 519; x_wconf 89' lang='lat' dir='ltr'><strong>nos·</strong></span> <span class='ocrx_word' id='word_1_13' title='bbox 1321 469 1326 476; x_wconf 85' lang='grc'><em>·</em></span> <span class='ocrx_word' id='word_1_14' title='bbox 1362 467 1438 554; x_wconf 78' lang='grc' dir='ltr'><strong>ΧΠ</strong></span> 
     </span>
     <span class='ocr_line' id='line_1_3' title="bbox 157 551 1350 632; baseline 0.004 -20"><span class='ocrx_word' id='word_1_15' title='bbox 157 551 221 622; x_wconf 88' lang='lat' dir='ltr'><strong>ter,</strong></span> <span class='ocrx_word' id='word_1_16' title='bbox 237 551 580 617; x_wconf 86' lang='lat' dir='ltr'><strong>canonicusbasilicae</strong></span> <span class='ocrx_word' id='word_1_17' title='bbox 595 553 952 632; x_wconf 80' lang='lat' dir='ltr'><strong>Principisltpostolo-</strong></span> <span class='ocrx_word' id='word_1_18' title='bbox 1348 585 1350 588; x_wconf 96' lang='lat'>·</span> 
     </span>
     <span class='ocr_line' id='line_1_4' title="bbox 159 647 950 728; baseline 0.004 -20"><span class='ocrx_word' id='word_1_19' title='bbox 159 661 244 719; x_wconf 84' lang='lat' dir='ltr'><strong>rum,</strong></span> <span class='ocrx_word' id='word_1_20' title='bbox 261 647 357 708; x_wconf 89' lang='lat' dir='ltr'><strong>nobis</strong></span> <span class='ocrx_word' id='word_1_21' title='bbox 378 648 549 712; x_wconf 86' lang='lat' dir='ltr'><strong>humiliter</strong></span> <span class='ocrx_word' id='word_1_22' title='bbox 568 651 778 728; x_wconf 82' lang='lat' dir='ltr'><strong>supplicavit,</strong></span> <span class='ocrx_word' id='word_1_23' title='bbox 796 653 832 713; x_wconf 92' lang='lat' dir='ltr'><strong>ut</strong></span> <span class='ocrx_word' id='word_1_24' title='bbox 850 667 950 728; x_wconf 86' lang='lat' dir='ltr'><strong>quum</strong></span> 
     </span>
     <span class='ocr_line' id='line_1_5' title="bbox 159 731 1507 822; baseline 0.002 -18"><span class='ocrx_word' id='word_1_25' title='bbox 159 742 200 804; x_wconf 90' lang='lat' dir='ltr'><strong>ob</strong></span> <span class='ocrx_word' id='word_1_26' title='bbox 224 745 446 806; x_wconf 89' lang='lat' dir='ltr'><strong>reverentiam</strong></span> <span class='ocrx_word' id='word_1_27' title='bbox 471 748 669 822; x_wconf 76' lang='lat' dir='ltr'><strong>apostolice</strong></span> <span class='ocrx_word' id='word_1_28' title='bbox 693 747 788 808; x_wconf 86' lang='lat' dir='ltr'><strong>Sedis</strong></span> <span class='ocrx_word' id='word_1_29' title='bbox 812 749 845 809; x_wconf 88' lang='lat' dir='ltr'><strong>et</strong></span> <span class='ocrx_word' id='word_1_30' title='bbox 869 763 950 810; x_wconf 87' lang='lat' dir='ltr'><strong>nos·</strong></span> <span class='ocrx_word' id='word_1_31' title='bbox 1296 731 1330 787; x_wconf 74' lang='lat'><strong>¹²</strong></span> <span class='ocrx_word' id='word_1_32' title='bbox 1349 736 1405 788; x_wconf 70' lang='lat'><strong>⁰⁰²·</strong></span> <span class='ocrx_word' id='word_1_33' title='bbox 1428 731 1507 788; x_wconf 74' lang='lat'><strong>²²²²·</strong></span> 
     </span>
     <span class='ocr_line' id='line_1_6' title="bbox 158 835 1765 920; baseline 0 -17"><span class='ocrx_word' id='word_1_34' title='bbox 158 841 256 912; x_wconf 89' lang='lat' dir='ltr'><strong>tram,</strong></span> <span class='ocrx_word' id='word_1_35' title='bbox 273 841 449 902; x_wconf 88' lang='lat' dir='ltr'><strong>ecclesiam</strong></span> <span class='ocrx_word' id='word_1_36' title='bbox 471 841 511 903; x_wconf 90' lang='lat' dir='ltr'><strong>de</strong></span> <span class='ocrx_word' id='word_1_37' title='bbox 534 847 682 920; x_wconf 82' lang='lat' dir='ltr'><strong>Larraga</strong></span> <span class='ocrx_word' id='word_1_38' title='bbox 701 844 735 904; x_wconf 90' lang='lat' dir='ltr'><strong>in</strong></span> <span class='ocrx_word' id='word_1_39' title='bbox 753 844 950 906; x_wconf 80' lang='lat' dir='ltr'><strong>beneficium</strong></span> <span class='ocrx_word' id='word_1_40' title='bbox 1036 835 1274 900; x_wconf 63' lang='lat' dir='ltr'><strong>[aegestatem</strong></span> <span class='ocrx_word' id='word_1_41' title='bbox 1287 837 1362 902; x_wconf 67' lang='lat' dir='ltr'><strong>spur.</strong></span> <span class='ocrx_word' id='word_1_42' title='bbox 1375 837 1415 886; x_wconf 80' lang='lat'><strong>¹³·</strong></span> <span class='ocrx_word' id='word_1_43' title='bbox 1427 839 1655 889; x_wconf 63' lang='lat' dir='ltr'><strong>nesteronem</strong></span> <span class='ocrx_word' id='word_1_44' title='bbox 1670 839 1765 903; x_wconf 73' lang='lat' dir='ltr'><strong>rhen]</strong></span> 
     </span>
     <span class='ocr_line' id='line_1_7' title="bbox 158 937 1795 1017; baseline 0.003 -20"><span class='ocrx_word' id='word_1_45' title='bbox 158 938 224 998; x_wconf 86' lang='lat' dir='ltr'><strong>sibi</strong></span> <span class='ocrx_word' id='word_1_46' title='bbox 242 937 405 1000; x_wconf 85' lang='lat' dir='ltr'><strong>duxeritis</strong></span> <span class='ocrx_word' id='word_1_47' title='bbox 432 941 689 1014; x_wconf 79' lang='lat' dir='ltr'><strong>concedendam,</strong></span> <span class='ocrx_word' id='word_1_48' title='bbox 705 957 747 1002; x_wconf 89' lang='lat' dir='ltr'><strong>ne</strong></span> <span class='ocrx_word' id='word_1_49' title='bbox 775 942 950 1004; x_wconf 79' lang='lat' dir='ltr'><strong>occasione</strong></span> <span class='ocrx_word' id='word_1_50' title='bbox 1004 942 1120 1000; x_wconf 81' lang='lat' dir='ltr'><strong>Mandat</strong></span> <span class='ocrx_word' id='word_1_51' title='bbox 1130 950 1160 1000; x_wconf 86' lang='lat' dir='ltr'><strong>ut</strong></span> <span class='ocrx_word' id='word_1_52' title='bbox 1175 957 1239 1000; x_wconf 89' lang='lat' dir='ltr'><strong>curn</strong></span> <span class='ocrx_word' id='word_1_53' title='bbox 1255 945 1374 1001; x_wconf 86' lang='lat' dir='ltr'><strong>consilio</strong></span> <span class='ocrx_word' id='word_1_54' title='bbox 1387 945 1465 1016; x_wconf 80' lang='lat' dir='ltr'><strong>ragis</strong></span> <span class='ocrx_word' id='word_1_55' title='bbox 1476 951 1504 1001; x_wconf 86' lang='lat' dir='ltr'><strong>et</strong></span> <span class='ocrx_word' id='word_1_56' title='bbox 1516 945 1693 1017; x_wconf 83' lang='lat' dir='ltr'><strong>prelatorum</strong></span> <span class='ocrx_word' id='word_1_57' title='bbox 1707 948 1795 1002; x_wconf 79' lang='lat' dir='ltr'><strong>Fran·</strong></span> 
     </span>
     <span class='ocr_line' id='line_1_8' title="bbox 158 1023 1798 1116; baseline 0.001 -36"><span class='ocrx_word' id='word_1_58' title='bbox 158 1035 384 1097; x_wconf 65' lang='lat' dir='ltr'><strong>concessionis</strong></span> <span class='ocrx_word' id='word_1_59' title='bbox 399 1036 589 1112; x_wconf 71' lang='lat' dir='ltr'><strong>hujusmodi</strong></span> <span class='ocrx_word' id='word_1_60' title='bbox 611 1041 685 1114; x_wconf 68' lang='lat' dir='ltr'><strong>post</strong></span> <span class='ocrx_word' id='word_1_61' title='bbox 699 1039 837 1100; x_wconf 60' lang='lat' dir='ltr'><strong>mortem</strong></span> <span class='ocrx_word' id='word_1_62' title='bbox 853 1043 949 1115; x_wconf 62' lang='lat' dir='ltr'><strong>ojus.</strong></span> <span class='ocrx_word' id='word_1_63' title='bbox 1039 1023 1092 1079; x_wconf 83' lang='lat' dir='ltr'><strong>cioe</strong></span> <span class='ocrx_word' id='word_1_64' title='bbox 1108 1023 1144 1080; x_wconf 86' lang='lat' dir='ltr'><strong>de</strong></span> <span class='ocrx_word' id='word_1_65' title='bbox 1160 1038 1230 1096; x_wconf 89' lang='lat' dir='ltr'><strong>pace</strong></span> <span class='ocrx_word' id='word_1_66' title='bbox 1245 1031 1362 1082; x_wconf 88' lang='lat' dir='ltr'><strong>tractata</strong></span> <span class='ocrx_word' id='word_1_67' title='bbox 1379 1025 1451 1081; x_wconf 89' lang='lat' dir='ltr'><strong>inter</strong></span> <span class='ocrx_word' id='word_1_68' title='bbox 1465 1026 1598 1116; x_wconf 81' lang='lat' dir='ltr'><strong>cornitern</strong></span> <span class='ocrx_word' id='word_1_69' title='bbox 1614 1023 1798 1116; x_wconf 70' lang='lat' dir='ltr'><strong>montisfortis</strong></span> 
     </span>
     <span class='ocr_line' id='line_1_9' title="bbox 158 1101 1796 1212; baseline 0.001 -52"><span class='ocrx_word' id='word_1_70' title='bbox 158 1133 232 1194; x_wconf 67' lang='lat' dir='ltr'><strong>dem</strong></span> <span class='ocrx_word' id='word_1_71' title='bbox 247 1135 289 1199; x_wconf 45' lang='lat' dir='ltr'><strong>J„</strong></span> <span class='ocrx_word' id='word_1_72' title='bbox 304 1133 454 1194; x_wconf 64' lang='lat' dir='ltr'><strong>ecclesiae</strong></span> <span class='ocrx_word' id='word_1_73' title='bbox 471 1137 593 1196; x_wconf 60' lang='lat' dir='ltr'><strong>vestm</strong></span> <span class='ocrx_word' id='word_1_74' title='bbox 610 1136 724 1212; x_wconf 51' lang='lat' dir='ltr'><strong>possit,</strong></span> <span class='ocrx_word' id='word_1_75' title='bbox 748 1151 848 1212; x_wconf 60' lang='lat' dir='ltr'><strong>super</strong></span> <span class='ocrx_word' id='word_1_76' title='bbox 862 1136 950 1197; x_wconf 64' lang='lat' dir='ltr'>dicta</span> <span class='ocrx_word' id='word_1_77' title='bbox 1040 1107 1069 1192; x_wconf 79' lang='lat' dir='ltr'><strong>et</strong></span> <span class='ocrx_word' id='word_1_78' title='bbox 1084 1103 1282 1196; x_wconf 68' lang='lat' dir='ltr'><strong>ltaynrundurn</strong></span> <span class='ocrx_word' id='word_1_79' title='bbox 1297 1101 1453 1194; x_wconf 77' lang='lat' dir='ltr'><strong>seeundum</strong></span> <span class='ocrx_word' id='word_1_80' title='bbox 1470 1119 1560 1175; x_wconf 89' lang='lat' dir='ltr'><strong>rpsrus</strong></span> <span class='ocrx_word' id='word_1_81' title='bbox 1574 1105 1719 1162; x_wconf 84' lang='lat' dir='ltr'><strong>Pontrtlcis</strong></span> <span class='ocrx_word' id='word_1_82' title='bbox 1734 1119 1796 1161; x_wconf 90' lang='lat' dir='ltr'><strong>mu·</strong></span> 
     </span>
     <span class='ocr_line' id='line_1_10' title="bbox 157 1181 1839 1324; baseline 0.001 -33"><span class='ocrx_word' id='word_1_83' title='bbox 157 1229 951 1310; x_wconf 82' lang='lat' dir='ltr'><strong>ecclesiadeLarraga,praejudiciumaliquodge·</strong></span> <span class='ocrx_word' id='word_1_84' title='bbox 1039 1188 1098 1241; x_wconf 57' lang='grc' dir='ltr'>Μ</span> <span class='ocrx_word' id='word_1_85' title='bbox 1113 1181 1250 1240; x_wconf 55' lang='lat' dir='ltr'><strong>dehbmt</strong></span> <span class='ocrx_word' id='word_1_86' title='bbox 1266 1183 1601 1256; x_wconf 51' lang='lat' dir='ltr'>ndelneretpffldenoer&#39;</span> <span class='ocrx_word' id='word_1_87' title='bbox 1643 1309 1649 1324; x_wconf 32' lang='lat'><strong>¹</strong></span> <span class='ocrx_word' id='word_1_88' title='bbox 1835 1308 1839 1318; x_wconf 22' lang='lat' dir='ltr'><strong><em>s</em></strong></span> 
     </span>
     <span class='ocr_line' id='line_1_11' title="bbox 156 1308 1799 1406; baseline 0.002 -20"><span class='ocrx_word' id='word_1_89' title='bbox 156 1327 283 1398; x_wconf 87' lang='lat' dir='ltr'><strong>norari,</strong></span> <span class='ocrx_word' id='word_1_90' title='bbox 296 1327 469 1403; x_wconf 88' lang='lat' dir='ltr'><strong>providere</strong></span> <span class='ocrx_word' id='word_1_91' title='bbox 481 1327 542 1388; x_wconf 89' lang='lat' dir='ltr'><strong>tibi</strong></span> <span class='ocrx_word' id='word_1_92' title='bbox 555 1343 656 1404; x_wconf 86' lang='lat' dir='ltr'><strong>super</strong></span> <span class='ocrx_word' id='word_1_93' title='bbox 667 1328 730 1390; x_wconf 89' lang='lat' dir='ltr'><strong>hoc</strong></span> <span class='ocrx_word' id='word_1_94' title='bbox 744 1329 784 1390; x_wconf 91' lang='lat' dir='ltr'><strong>de</strong></span> <span class='ocrx_word' id='word_1_95' title='bbox 796 1329 952 1406; x_wconf 77' lang='lat' dir='ltr'><strong>benigni-</strong></span> <span class='ocrx_word' id='word_1_96' title='bbox 1045 1308 1224 1382; x_wconf 69' lang='lat' dir='ltr'><strong>H0¹²⁰¹²¹¹⁸2</strong></span> <span class='ocrx_word' id='word_1_97' title='bbox 1241 1311 1322 1382; x_wconf 50' lang='lat'><strong>⁰²²2</strong></span> <span class='ocrx_word' id='word_1_98' title='bbox 1346 1309 1530 1370; x_wconf 59' lang='lat' dir='ltr'>venerabili</span> <span class='ocrx_word' id='word_1_99' title='bbox 1555 1310 1689 1372; x_wconf 61' lang='lat' dir='ltr'><strong>flamm</strong></span> <span class='ocrx_word' id='word_1_100' title='bbox 1715 1314 1799 1372; x_wconf 68' lang='lat'><strong>²²0²·</strong></span> 
     </span>
     <span class='ocr_line' id='line_1_12' title="bbox 156 1405 1799 1502; baseline -0.01 -16"><span class='ocrx_word' id='word_1_101' title='bbox 156 1423 226 1486; x_wconf 86' lang='lat' dir='ltr'><strong>tate</strong></span> <span class='ocrx_word' id='word_1_102' title='bbox 239 1423 544 1500; x_wconf 75' lang='lat' dir='ltr'><strong>sedisapostolicae</strong></span> <span class='ocrx_word' id='word_1_103' title='bbox 563 1425 788 1500; x_wconf 81' lang='lat' dir='ltr'><strong>dignaremur.</strong></span> <span class='ocrx_word' id='word_1_104' title='bbox 801 1427 871 1488; x_wconf 82' lang='lat' dir='ltr'><strong>Noa</strong></span> <span class='ocrx_word' id='word_1_105' title='bbox 885 1427 952 1502; x_wconf 83' lang='lat' dir='ltr'><strong>igi·-</strong></span> <span class='ocrx_word' id='word_1_106' title='bbox 1004 1407 1095 1466; x_wconf 64' lang='lat' dir='ltr'>tuen·</span> <span class='ocrx_word' id='word_1_107' title='bbox 1112 1405 1277 1482; x_wconf 67' lang='lat' dir='ltr'><strong>0P²S⁰0l02</strong></span> <span class='ocrx_word' id='word_1_108' title='bbox 1290 1407 1488 1483; x_wconf 72' lang='lat' dir='ltr'><strong>APOStOlicae</strong></span> <span class='ocrx_word' id='word_1_109' title='bbox 1502 1407 1597 1468; x_wconf 81' lang='lat' dir='ltr'><strong>Sedis</strong></span> <span class='ocrx_word' id='word_1_110' title='bbox 1612 1408 1732 1484; x_wconf 81' lang='lat' dir='ltr'><strong>legato,</strong></span> <span class='ocrx_word' id='word_1_111' title='bbox 1743 1423 1799 1468; x_wconf 93' lang='lat' dir='ltr'><strong>sa-</strong></span> 
     </span>
     <span class='ocr_line' id='line_1_13' title="bbox 156 1501 1195 1598; baseline 0 -15"><span class='ocrx_word' id='word_1_112' title='bbox 156 1519 212 1583; x_wconf 89' lang='lat' dir='ltr'><strong>tur</strong></span> <span class='ocrx_word' id='word_1_113' title='bbox 230 1520 376 1596; x_wconf 89' lang='lat' dir='ltr'><strong>ejusdem</strong></span> <span class='ocrx_word' id='word_1_114' title='bbox 389 1520 585 1583; x_wconf 82' lang='lat' dir='ltr'><strong>subdiaconi</strong></span> <span class='ocrx_word' id='word_1_115' title='bbox 602 1522 709 1584; x_wconf 77' lang='lat' dir='ltr'><strong>nostri</strong></span> <span class='ocrx_word' id='word_1_116' title='bbox 723 1523 879 1598; x_wconf 90' lang='lat' dir='ltr'><strong>precibus</strong></span> <span class='ocrx_word' id='word_1_117' title='bbox 894 1524 950 1584; x_wconf 91' lang='lat' dir='ltr'><strong>in·</strong></span> <span class='ocrx_word' id='word_1_118' title='bbox 1005 1501 1117 1574; x_wconf 86' lang='lat' dir='ltr'><strong>lutam,</strong></span> <span class='ocrx_word' id='word_1_119' title='bbox 1133 1505 1195 1566; x_wconf 55' lang='lat'><strong>&amp;²⁰-</strong></span> 
     </span>
     <span class='ocr_line' id='line_1_14' title="bbox 156 1600 1800 1696; baseline 0.002 -36"><span class='ocrx_word' id='word_1_120' title='bbox 156 1616 283 1688; x_wconf 69' lang='lat' dir='ltr'><strong>0pjssfi‚</strong></span> <span class='ocrx_word' id='word_1_121' title='bbox 296 1620 332 1678; x_wconf 66' lang='lat' dir='ltr'><strong>us</strong></span> <span class='ocrx_word' id='word_1_122' title='bbox 342 1619 412 1694; x_wconf 76' lang='lat' dir='ltr'><strong>jsm</strong></span> <span class='ocrx_word' id='word_1_123' title='bbox 427 1617 515 1679; x_wconf 63' lang='lat' dir='ltr'><strong>dista</strong></span> <span class='ocrx_word' id='word_1_124' title='bbox 531 1617 674 1680; x_wconf 62' lang='lat' dir='ltr'><strong>ecclesia</strong></span> <span class='ocrx_word' id='word_1_125' title='bbox 688 1619 729 1679; x_wconf 70' lang='lat' dir='ltr'><strong>ds</strong></span> <span class='ocrx_word' id='word_1_126' title='bbox 741 1620 889 1696; x_wconf 47' lang='grc' dir='ltr'><strong>[ἅψῃ</strong></span> <span class='ocrx_word' id='word_1_127' title='bbox 908 1620 950 1681; x_wconf 70' lang='lat' dir='ltr'><strong>sd</strong></span> <span class='ocrx_word' id='word_1_128' title='bbox 1045 1601 1150 1670; x_wconf 90' lang='lat' dir='ltr'><strong>Quum</strong></span> <span class='ocrx_word' id='word_1_129' title='bbox 1166 1600 1360 1662; x_wconf 90' lang='lat' dir='ltr'><strong>carissimus</strong></span> <span class='ocrx_word' id='word_1_130' title='bbox 1379 1601 1414 1663; x_wconf 91' lang='lat' dir='ltr'><strong>in</strong></span> <span class='ocrx_word' id='word_1_131' title='bbox 1435 1602 1566 1664; x_wconf 89' lang='lat' dir='ltr'><strong>Christo</strong></span> <span class='ocrx_word' id='word_1_132' title='bbox 1581 1602 1671 1664; x_wconf 87' lang='lat' dir='ltr'><strong>lilius</strong></span> <span class='ocrx_word' id='word_1_133' title='bbox 1686 1603 1800 1664; x_wconf 88' lang='lat' dir='ltr'><strong>nostor</strong></span> 
     </span>
     <span class='ocr_line' id='line_1_15' title="bbox 155 1696 1799 1792; baseline 0.002 -18"><span class='ocrx_word' id='word_1_134' title='bbox 155 1714 300 1776; x_wconf 86' lang='lat' dir='ltr'><strong>vestram</strong></span> <span class='ocrx_word' id='word_1_135' title='bbox 317 1715 576 1792; x_wconf 87' lang='lat' dir='ltr'><strong>ecclesiampost</strong></span> <span class='ocrx_word' id='word_1_136' title='bbox 588 1717 728 1778; x_wconf 87' lang='lat' dir='ltr'><strong>mortem</strong></span> <span class='ocrx_word' id='word_1_137' title='bbox 739 1731 834 1776; x_wconf 93' lang='lat' dir='ltr'><strong>suam</strong></span> <span class='ocrx_word' id='word_1_138' title='bbox 846 1717 950 1778; x_wconf 89' lang='lat' dir='ltr'><strong>libere</strong></span> <span class='ocrx_word' id='word_1_139' title='bbox 1005 1696 1079 1768; x_wconf 61' lang='lat' dir='ltr'><strong>Pho</strong></span> <span class='ocrx_word' id='word_1_140' title='bbox 1096 1712 1157 1758; x_wconf 63' lang='lat'><strong>²0¹</strong></span> <span class='ocrx_word' id='word_1_141' title='bbox 1178 1699 1384 1759; x_wconf 66' lang='lat' dir='ltr'><strong>²¹¹³¹¹0⁰ffl¹¹1</strong></span> <span class='ocrx_word' id='word_1_142' title='bbox 1405 1698 1557 1771; x_wconf 55' lang='lat' dir='ltr'><strong>illustri&amp;</strong></span> <span class='ocrx_word' id='word_1_143' title='bbox 1582 1700 1676 1760; x_wconf 63' lang='lat' dir='ltr'>1¹⁰¹)ss</span> <span class='ocrx_word' id='word_1_144' title='bbox 1697 1715 1799 1778; x_wconf 90' lang='lat' dir='ltr'><strong>super</strong></span> 
     </span>
     <span class='ocr_line' id='line_1_16' title="bbox 156 1793 1795 1884; baseline -0.002 -12"><span class='ocrx_word' id='word_1_145' title='bbox 156 1811 353 1882; x_wconf 86' lang='lat' dir='ltr'><strong>revertatur,</strong></span> <span class='ocrx_word' id='word_1_146' title='bbox 391 1811 560 1874; x_wconf 86' lang='lat' dir='ltr'><strong>devotioni</strong></span> <span class='ocrx_word' id='word_1_147' title='bbox 591 1815 723 1884; x_wconf 87' lang='lat' dir='ltr'><strong>vestrae,</strong></span> <span class='ocrx_word' id='word_1_148' title='bbox 752 1814 950 1875; x_wconf 88' lang='lat' dir='ltr'><strong>auctoritate</strong></span> <span class='ocrx_word' id='word_1_149' title='bbox 1004 1793 1189 1870; x_wconf 65' lang='lat' dir='ltr'><strong>lasssslsstel‘</strong></span> <span class='ocrx_word' id='word_1_150' title='bbox 1203 1794 1358 1856; x_wconf 60' lang='lat' dir='ltr'><strong>dilectum</strong></span> <span class='ocrx_word' id='word_1_151' title='bbox 1373 1795 1477 1855; x_wconf 76' lang='lat' dir='ltr'><strong>filium</strong></span> <span class='ocrx_word' id='word_1_152' title='bbox 1493 1796 1637 1859; x_wconf 85' lang='lat' dir='ltr'><strong>nobilem</strong></span> <span class='ocrx_word' id='word_1_153' title='bbox 1650 1798 1795 1858; x_wconf 89' lang='lat' dir='ltr'><strong>virum...</strong></span> 
     </span>
     <span class='ocr_line' id='line_1_17' title="bbox 155 1891 1798 1986; baseline 0.002 -18"><span class='ocrx_word' id='word_1_154' title='bbox 155 1909 371 1984; x_wconf 82' lang='lat' dir='ltr'><strong>praesentium</strong></span> <span class='ocrx_word' id='word_1_155' title='bbox 395 1908 616 1984; x_wconf 80' lang='lat' dir='ltr'><strong>indulgemus.</strong></span> <span class='ocrx_word' id='word_1_156' title='bbox 644 1909 736 1970; x_wconf 92' lang='lat' dir='ltr'><strong>Nulli</strong></span> <span class='ocrx_word' id='word_1_157' title='bbox 765 1925 856 1986; x_wconf 81' lang='lat' dir='ltr'><strong>ergo,</strong></span> <span class='ocrx_word' id='word_1_158' title='bbox 872 1911 947 1983; x_wconf 83' lang='lat' dir='ltr'><strong>etc,</strong></span> <span class='ocrx_word' id='word_1_159' title='bbox 1005 1891 1158 1952; x_wconf 71' lang='lat' dir='ltr'><strong>0⁰ffl²²0¹11</strong></span> <span class='ocrx_word' id='word_1_160' title='bbox 1210 1892 1429 1954; x_wconf 62' lang='lat' dir='ltr'><strong>M⁰ss²²⁵s0l²²⁸</strong></span> <span class='ocrx_word' id='word_1_161' title='bbox 1462 1893 1507 1980; x_wconf 56' lang='lat'><strong>,0¹</strong></span> <span class='ocrx_word' id='word_1_162' title='bbox 1563 1895 1798 1971; x_wconf 72' lang='lat' dir='ltr'><strong>Ramessdllffi</strong></span> 
     </span>
     <span class='ocr_line' id='line_1_18' title="bbox 154 1987 1795 2082; baseline -0.001 -17"><span class='ocrx_word' id='word_1_163' title='bbox 154 2005 280 2065; x_wconf 81' lang='lat' dir='ltr'><strong>nostrae</strong></span> <span class='ocrx_word' id='word_1_164' title='bbox 295 2005 533 2078; x_wconf 89' lang='lat' dir='ltr'><strong>concessionis,</strong></span> <span class='ocrx_word' id='word_1_165' title='bbox 544 2007 606 2067; x_wconf 88' lang='lat' dir='ltr'><strong>etc.</strong></span> <span class='ocrx_word' id='word_1_166' title='bbox 621 2007 655 2066; x_wconf 89' lang='lat' dir='ltr'><strong>Si</strong></span> <span class='ocrx_word' id='word_1_167' title='bbox 666 2007 740 2082; x_wconf 88' lang='lat' dir='ltr'><strong>quis</strong></span> <span class='ocrx_word' id='word_1_168' title='bbox 751 2010 873 2080; x_wconf 88' lang='lat' dir='ltr'><strong>autem,</strong></span> <span class='ocrx_word' id='word_1_169' title='bbox 886 2011 948 2070; x_wconf 86' lang='lat' dir='ltr'><strong>ate.</strong></span> <span class='ocrx_word' id='word_1_170' title='bbox 1005 1987 1110 2048; x_wconf 69' lang='lat' dir='ltr'><strong>fllium</strong></span> <span class='ocrx_word' id='word_1_171' title='bbox 1119 1988 1322 2064; x_wconf 88' lang='lat' dir='ltr'><strong>quondam...</strong></span> <span class='ocrx_word' id='word_1_172' title='bbox 1333 1989 1463 2052; x_wconf 73' lang='lat' dir='ltr'><strong>00milis</strong></span> <span class='ocrx_word' id='word_1_173' title='bbox 1476 1991 1634 2053; x_wconf 74' lang='lat' dir='ltr'><strong>TOlOSani</strong></span> <span class='ocrx_word' id='word_1_174' title='bbox 1642 1994 1795 2064; x_wconf 65' lang='lat' dir='ltr'><strong>tractata,</strong></span> 
     </span>
    </p>
   </div>
   <div class='ocr_carea' id='block_1_3' title="bbox 154 2083 1800 2274">
    <p class='ocr_par' dir='ltr' id='par_1_3' title="bbox 154 2083 1800 2274">
     <span class='ocr_line' id='line_1_19' title="bbox 154 2083 1800 2173; baseline -0.006 -13"><span class='ocrx_word' id='word_1_175' title='bbox 154 2101 275 2162; x_wconf 85' lang='lat' dir='ltr'><strong>Datum</strong></span> <span class='ocrx_word' id='word_1_176' title='bbox 310 2101 477 2173; x_wconf 80' lang='lat' dir='ltr'><strong>Laterani,</strong></span> <span class='ocrx_word' id='word_1_177' title='bbox 506 2105 549 2165; x_wconf 74' lang='grc' dir='ltr'><strong>γι</strong></span> <span class='ocrx_word' id='word_1_178' title='bbox 577 2103 652 2164; x_wconf 76' lang='lat' dir='ltr'><strong>idus</strong></span> <span class='ocrx_word' id='word_1_179' title='bbox 678 2102 835 2172; x_wconf 63' lang='lat' dir='ltr'><strong>octobris,</strong></span> <span class='ocrx_word' id='word_1_180' title='bbox 861 2119 949 2166; x_wconf 65' lang='lat' dir='ltr'><strong>suns</strong></span> <span class='ocrx_word' id='word_1_181' title='bbox 1004 2099 1083 2144; x_wconf 90' lang='lat' dir='ltr'><strong>suas</strong></span> <span class='ocrx_word' id='word_1_182' title='bbox 1106 2083 1235 2145; x_wconf 81' lang='lat' dir='ltr'><strong>litteras</strong></span> <span class='ocrx_word' id='word_1_183' title='bbox 1262 2084 1451 2160; x_wconf 88' lang='lat' dir='ltr'><strong>destinavit,</strong></span> <span class='ocrx_word' id='word_1_184' title='bbox 1479 2103 1541 2148; x_wconf 89' lang='lat' dir='ltr'><strong>nos</strong></span> <span class='ocrx_word' id='word_1_185' title='bbox 1565 2088 1597 2148; x_wconf 90' lang='lat' dir='ltr'><strong>ei</strong></span> <span class='ocrx_word' id='word_1_186' title='bbox 1623 2089 1800 2166; x_wconf 86' lang='lat' dir='ltr'><strong>rescripsi·</strong></span> 
     </span>
     <span class='ocr_line' id='line_1_20' title="bbox 156 2177 1398 2274; baseline -0.017 -15"><span class='ocrx_word' id='word_1_187' title='bbox 156 2197 306 2274; x_wconf 86' lang='lat' dir='ltr'><strong>septimo.</strong></span> <span class='ocrx_word' id='word_1_188' title='bbox 1004 2193 1078 2238; x_wconf 93' lang='lat' dir='ltr'><strong>mus</strong></span> <span class='ocrx_word' id='word_1_189' title='bbox 1092 2177 1127 2236; x_wconf 92' lang='lat' dir='ltr'><strong>in</strong></span> <span class='ocrx_word' id='word_1_190' title='bbox 1141 2178 1229 2238; x_wconf 91' lang='lat' dir='ltr'><strong>hunc</strong></span> <span class='ocrx_word' id='word_1_191' title='bbox 1245 2177 1398 2238; x_wconf 89' lang='lat' dir='ltr'><strong>modum:</strong></span> 
     </span>
    </p>
   </div>
   <div class='ocr_carea' id='block_1_4' title="bbox 1044 2276 1797 2354">
    <p class='ocr_par' dir='ltr' id='par_1_4' title="bbox 1044 2276 1797 2354">
     <span class='ocr_line' id='line_1_21' title="bbox 1044 2276 1797 2354; baseline 0.003 -18"><span class='ocrx_word' id='word_1_192' title='bbox 1044 2277 1253 2336; x_wconf 74' lang='lat' dir='ltr'><strong>«Honorius</strong></span> <span class='ocrx_word' id='word_1_193' title='bbox 1277 2276 1464 2354; x_wconf 89' lang='lat' dir='ltr'><strong>episcopus,</strong></span> <span class='ocrx_word' id='word_1_194' title='bbox 1483 2293 1599 2339; x_wconf 88' lang='lat' dir='ltr'><strong>servus</strong></span> <span class='ocrx_word' id='word_1_195' title='bbox 1624 2293 1797 2340; x_wconf 88' lang='lat' dir='ltr'><strong>servorum</strong></span> 
     </span>
    </p>
   </div>
   <div class='ocr_carea' id='block_1_5' title="bbox 1025 608 1775 688">
    <p class='ocr_par' dir='ltr' id='par_1_5' title="bbox 1025 608 1775 688">
     <span class='ocr_line' id='line_1_22' title="bbox 1025 608 1775 688; baseline 0.001 -19"><span class='ocrx_word' id='word_1_196' title='bbox 1025 611 1077 670; x_wconf 85' lang='lat' dir='ltr'><strong>Ad</strong></span> <span class='ocrx_word' id='word_1_197' title='bbox 1097 608 1266 670; x_wconf 80' lang='lat' dir='ltr'><strong>Portucn.</strong></span> <span class='ocrx_word' id='word_1_198' title='bbox 1282 611 1490 684; x_wconf 81' lang='lat' dir='ltr'><strong>episcopum,</strong></span> <span class='ocrx_word' id='word_1_199' title='bbox 1512 612 1551 670; x_wconf 83' lang='lat' dir='ltr'><strong>A.</strong></span> <span class='ocrx_word' id='word_1_200' title='bbox 1563 613 1597 673; x_wconf 74' lang='lat' dir='ltr'><strong>a&#39;.</strong></span> <span class='ocrx_word' id='word_1_201' title='bbox 1613 610 1775 688; x_wconf 69' lang='lat' dir='ltr'><strong>uratum.</strong></span> 
     </span>
    </p>
   </div>
   <div class='ocr_carea' id='block_1_6' title="bbox 149 2373 1892 5658">
    <p class='ocr_par' dir='ltr' id='par_1_6' title="bbox 1004 2373 1798 2447">
     <span class='ocr_line' id='line_1_23' title="bbox 1004 2373 1798 2447; baseline 0.001 -12"><span class='ocrx_word' id='word_1_202' title='bbox 1004 2373 1074 2447; x_wconf 88' lang='lat' dir='ltr'><strong>Dei,</strong></span> <span class='ocrx_word' id='word_1_203' title='bbox 1091 2373 1264 2436; x_wconf 87' lang='lat' dir='ltr'><strong>carissimo</strong></span> <span class='ocrx_word' id='word_1_204' title='bbox 1280 2373 1315 2434; x_wconf 90' lang='lat' dir='ltr'><strong>in</strong></span> <span class='ocrx_word' id='word_1_205' title='bbox 1338 2373 1470 2434; x_wconf 84' lang='lat' dir='ltr'><strong>Christo</strong></span> <span class='ocrx_word' id='word_1_206' title='bbox 1494 2373 1563 2436; x_wconf 84' lang='lat' dir='ltr'><strong>illio</strong></span> <span class='ocrx_word' id='word_1_207' title='bbox 1587 2373 1660 2447; x_wconf 73' lang='lat' dir='ltr'><strong>Plu,</strong></span> <span class='ocrx_word' id='word_1_208' title='bbox 1675 2375 1798 2436; x_wconf 83' lang='lat' dir='ltr'><strong>illustri</strong></span> 
     </span>
    </p>

    <p class='ocr_par' dir='ltr' id='par_1_7' title="bbox 527 2470 1798 2596">
     <span class='ocr_line' id='line_1_24' title="bbox 527 2470 1798 2596; baseline 0.006 -69"><span class='ocrx_word' id='word_1_209' title='bbox 527 2511 582 2596; x_wconf 76' lang='lat' dir='ltr'><strong>XI</strong></span> <span class='ocrx_word' id='word_1_210' title='bbox 1004 2471 1076 2546; x_wconf 83' lang='lat' dir='ltr'><strong>regi</strong></span> <span class='ocrx_word' id='word_1_211' title='bbox 1100 2471 1317 2542; x_wconf 81' lang='lat' dir='ltr'><strong>Francorum,</strong></span> <span class='ocrx_word' id='word_1_212' title='bbox 1344 2470 1486 2533; x_wconf 90' lang='lat' dir='ltr'><strong>salutem</strong></span> <span class='ocrx_word' id='word_1_213' title='bbox 1515 2473 1548 2533; x_wconf 92' lang='lat' dir='ltr'><strong>et</strong></span> <span class='ocrx_word' id='word_1_214' title='bbox 1572 2473 1798 2550; x_wconf 80' lang='lat' dir='ltr'><strong>apostolicam</strong></span> 
     </span>
    </p>

    <p class='ocr_par' dir='ltr' id='par_1_8' title="bbox 1003 2567 1800 2646">
     <span class='ocr_line' id='line_1_25' title="bbox 1003 2567 1800 2646; baseline 0.005 -18"><span class='ocrx_word' id='word_1_215' title='bbox 1003 2567 1276 2630; x_wconf 87' lang='lat' dir='ltr'><strong>benedictionem.</strong></span> <span class='ocrx_word' id='word_1_216' title='bbox 1288 2569 1430 2630; x_wconf 87' lang='lat' dir='ltr'><strong>Litteras</strong></span> <span class='ocrx_word' id='word_1_217' title='bbox 1444 2585 1526 2645; x_wconf 85' lang='lat' dir='ltr'><strong>quas</strong></span> <span class='ocrx_word' id='word_1_218' title='bbox 1542 2584 1642 2646; x_wconf 90' lang='lat' dir='ltr'><strong>super</strong></span> <span class='ocrx_word' id='word_1_219' title='bbox 1651 2585 1733 2646; x_wconf 90' lang='lat' dir='ltr'><strong>pace</strong></span> <span class='ocrx_word' id='word_1_220' title='bbox 1745 2571 1800 2632; x_wconf 87' lang='lat' dir='ltr'><strong>in·</strong></span> 
     </span>
    </p>

    <p class='ocr_par' dir='ltr' id='par_1_9' title="bbox 176 2660 1799 2824">
     <span class='ocr_line' id='line_1_26' title="bbox 176 2660 1799 2735; baseline 0.002 -13"><span class='ocrx_word' id='word_1_221' title='bbox 176 2663 228 2722; x_wconf 82' lang='lat' dir='ltr'><strong>Ad</strong></span> <span class='ocrx_word' id='word_1_222' title='bbox 239 2661 463 2735; x_wconf 70' lang='lat' dir='ltr'><strong>propositum</strong></span> <span class='ocrx_word' id='word_1_223' title='bbox 480 2660 513 2722; x_wconf 83' lang='lat' dir='ltr'><strong>at</strong></span> <span class='ocrx_word' id='word_1_224' title='bbox 532 2661 737 2723; x_wconf 81' lang='lat' dir='ltr'><strong>concentum</strong></span> <span class='ocrx_word' id='word_1_225' title='bbox 752 2665 793 2724; x_wconf 85' lang='lat' dir='ltr'><strong>da</strong></span> <span class='ocrx_word' id='word_1_226' title='bbox 810 2665 930 2724; x_wconf 82' lang='lat' dir='ltr'><strong>Insula</strong></span> <span class='ocrx_word' id='word_1_227' title='bbox 1003 2666 1055 2729; x_wconf 88' lang='lat' dir='ltr'><strong>ter</strong></span> <span class='ocrx_word' id='word_1_228' title='bbox 1072 2663 1216 2726; x_wconf 90' lang='lat' dir='ltr'><strong>dilecum</strong></span> <span class='ocrx_word' id='word_1_229' title='bbox 1238 2664 1345 2725; x_wconf 85' lang='lat' dir='ltr'><strong>tilium</strong></span> <span class='ocrx_word' id='word_1_230' title='bbox 1363 2664 1508 2726; x_wconf 87' lang='lat' dir='ltr'><strong>nobilem</strong></span> <span class='ocrx_word' id='word_1_231' title='bbox 1526 2665 1672 2726; x_wconf 90' lang='lat' dir='ltr'><strong>virum...</strong></span> <span class='ocrx_word' id='word_1_232' title='bbox 1690 2667 1799 2728; x_wconf 89' lang='lat' dir='ltr'><strong>comi-</strong></span> 
     </span>
     <span class='ocr_line' id='line_1_27' title="bbox 432 2759 1798 2824; baseline 0.002 -4"><span class='ocrx_word' id='word_1_233' title='bbox 432 2760 467 2820; x_wconf 84' lang='lat' dir='ltr'><strong>S.</strong></span> <span class='ocrx_word' id='word_1_234' title='bbox 481 2761 669 2822; x_wconf 73' lang='lat' dir='ltr'><strong>Michaelis.</strong></span> <span class='ocrx_word' id='word_1_235' title='bbox 1003 2761 1069 2824; x_wconf 89' lang='lat' dir='ltr'><strong>tem</strong></span> <span class='ocrx_word' id='word_1_236' title='bbox 1107 2759 1324 2822; x_wconf 86' lang='lat' dir='ltr'><strong>Montislortis</strong></span> <span class='ocrx_word' id='word_1_237' title='bbox 1369 2761 1401 2822; x_wconf 87' lang='lat' dir='ltr'><strong>et</strong></span> <span class='ocrx_word' id='word_1_238' title='bbox 1439 2762 1662 2822; x_wconf 86' lang='lat' dir='ltr'><strong>Raimundum</strong></span> <span class='ocrx_word' id='word_1_239' title='bbox 1692 2761 1798 2824; x_wconf 87' lang='lat' dir='ltr'><strong>filium</strong></span> 
     </span>
    </p>

    <p class='ocr_par' dir='ltr' id='par_1_10' title="bbox 432 2857 1800 2955">
     <span class='ocr_line' id='line_1_28' title="bbox 432 2857 1800 2955; baseline 0.002 -36"><span class='ocrx_word' id='word_1_240' title='bbox 432 2897 464 2955; x_wconf 66' lang='lat' dir='ltr'>ss</span> <span class='ocrx_word' id='word_1_241' title='bbox 484 2895 577 2955; x_wconf 85' lang='lat' dir='ltr'><strong>octob.</strong></span> <span class='ocrx_word' id='word_1_242' title='bbox 599 2897 678 2954; x_wconf 63' lang='lat' dir='ltr'><strong>,m</strong></span> <span class='ocrx_word' id='word_1_243' title='bbox 1004 2858 1208 2936; x_wconf 84' lang='lat' dir='ltr'><strong>quondam...</strong></span> <span class='ocrx_word' id='word_1_244' title='bbox 1235 2857 1364 2919; x_wconf 89' lang='lat' dir='ltr'><strong>comitis</strong></span> <span class='ocrx_word' id='word_1_245' title='bbox 1390 2857 1545 2919; x_wconf 85' lang='lat' dir='ltr'><strong>Tolosani</strong></span> <span class='ocrx_word' id='word_1_246' title='bbox 1569 2859 1714 2920; x_wconf 89' lang='lat' dir='ltr'><strong>tractata</strong></span> <span class='ocrx_word' id='word_1_247' title='bbox 1740 2861 1800 2922; x_wconf 80' lang='lat' dir='ltr'><strong>tua</strong></span> 
     </span>
    </p>

    <p class='ocr_par' dir='ltr' id='par_1_11' title="bbox 157 2954 1802 3326">
     <span class='ocr_line' id='line_1_29' title="bbox 200 2954 1801 3032; baseline 0 -16"><span class='ocrx_word' id='word_1_248' title='bbox 200 3018 207 3029; x_wconf 73' lang='grc'><em>,</em></span> <span class='ocrx_word' id='word_1_249' title='bbox 336 3019 342 3030; x_wconf 71' lang='grc'>,</span> <span class='ocrx_word' id='word_1_250' title='bbox 1005 2954 1099 3016; x_wconf 90' lang='lat' dir='ltr'><strong>nobis</strong></span> <span class='ocrx_word' id='word_1_251' title='bbox 1112 2954 1312 3016; x_wconf 83' lang='lat' dir='ltr'><strong>excellentia</strong></span> <span class='ocrx_word' id='word_1_252' title='bbox 1325 2954 1514 3026; x_wconf 84' lang='lat' dir='ltr'><strong>destinavit,</strong></span> <span class='ocrx_word' id='word_1_253' title='bbox 1529 2954 1626 3017; x_wconf 90' lang='lat' dir='ltr'><strong>solita</strong></span> <span class='ocrx_word' id='word_1_254' title='bbox 1643 2955 1801 3032; x_wconf 80' lang='lat' dir='ltr'><strong>benigni-</strong></span> 
     </span>
     <span class='ocr_line' id='line_1_30' title="bbox 157 3018 1802 3130; baseline 0 -14"><span class='ocrx_word' id='word_1_255' title='bbox 157 3019 764 3086; x_wconf 65' lang='lat' dir='ltr'><strong>[wirtembergischesminoramusuup.</strong></span> <span class='ocrx_word' id='word_1_256' title='bbox 778 3018 948 3084; x_wconf 64' lang='lat'><strong>¹⁵⁰’⁰&#39;⁶⁶3&#39;]</strong></span> <span class='ocrx_word' id='word_1_257' title='bbox 1003 3053 1071 3114; x_wconf 89' lang='lat' dir='ltr'><strong>tate</strong></span> <span class='ocrx_word' id='word_1_258' title='bbox 1094 3052 1297 3128; x_wconf 86' lang='lat' dir='ltr'><strong>recepimus,</strong></span> <span class='ocrx_word' id='word_1_259' title='bbox 1321 3052 1354 3114; x_wconf 93' lang='lat' dir='ltr'><strong>et</strong></span> <span class='ocrx_word' id='word_1_260' title='bbox 1382 3067 1497 3113; x_wconf 92' lang='lat' dir='ltr'><strong>eorum</strong></span> <span class='ocrx_word' id='word_1_261' title='bbox 1522 3055 1676 3114; x_wconf 88' lang='lat' dir='ltr'><strong>tenorem</strong></span> <span class='ocrx_word' id='word_1_262' title='bbox 1700 3055 1802 3130; x_wconf 92' lang='lat' dir='ltr'><strong>pleno</strong></span> 
     </span>
     <span class='ocr_line' id='line_1_31' title="bbox 189 3142 1800 3227; baseline 0.004 -24"><span class='ocrx_word' id='word_1_263' title='bbox 189 3145 334 3218; x_wconf 82' lang='lat' dir='ltr'><strong>Capellam</strong></span> <span class='ocrx_word' id='word_1_264' title='bbox 345 3145 374 3202; x_wconf 88' lang='lat' dir='ltr'><strong>S.</strong></span> <span class='ocrx_word' id='word_1_265' title='bbox 390 3143 512 3202; x_wconf 85' lang='lat' dir='ltr'><strong>Andreae</strong></span> <span class='ocrx_word' id='word_1_266' title='bbox 524 3149 553 3200; x_wconf 90' lang='lat' dir='ltr'><strong>et</strong></span> <span class='ocrx_word' id='word_1_267' title='bbox 567 3143 698 3216; x_wconf 85' lang='lat' dir='ltr'><strong>quaedam</strong></span> <span class='ocrx_word' id='word_1_268' title='bbox 714 3143 768 3201; x_wconf 92' lang='lat' dir='ltr'><strong>alia</strong></span> <span class='ocrx_word' id='word_1_269' title='bbox 783 3142 857 3201; x_wconf 86' lang='lat' dir='ltr'><strong>lona</strong></span> <span class='ocrx_word' id='word_1_270' title='bbox 872 3144 915 3202; x_wconf 87' lang='lat' dir='ltr'><strong>eis</strong></span> <span class='ocrx_word' id='word_1_271' title='bbox 1004 3149 1197 3226; x_wconf 85' lang='lat' dir='ltr'><strong>collegimus</strong></span> <span class='ocrx_word' id='word_1_272' title='bbox 1235 3148 1415 3212; x_wconf 85' lang='lat' dir='ltr'><strong>intellectu.</strong></span> <span class='ocrx_word' id='word_1_273' title='bbox 1457 3150 1620 3212; x_wconf 83' lang='lat' dir='ltr'><strong>Caeterum</strong></span> <span class='ocrx_word' id='word_1_274' title='bbox 1652 3151 1730 3227; x_wconf 88' lang='lat' dir='ltr'><strong>quia</strong></span> <span class='ocrx_word' id='word_1_275' title='bbox 1763 3151 1800 3214; x_wconf 91' lang='lat' dir='ltr'><strong>in</strong></span> 
     </span>
     <span class='ocr_line' id='line_1_32' title="bbox 473 3231 1800 3326; baseline 0.002 -17"><span class='ocrx_word' id='word_1_276' title='bbox 473 3231 634 3289; x_wconf 65' lang='lat' dir='ltr'><strong>⁰⁰¹¹filmfll·</strong></span> <span class='ocrx_word' id='word_1_277' title='bbox 1004 3263 1096 3326; x_wconf 86' lang='lat' dir='ltr'><strong>pace,</strong></span> <span class='ocrx_word' id='word_1_278' title='bbox 1111 3263 1184 3324; x_wconf 80' lang='lat' dir='ltr'><strong>quaa</strong></span> <span class='ocrx_word' id='word_1_279' title='bbox 1205 3263 1317 3309; x_wconf 90' lang='lat' dir='ltr'><strong>coram</strong></span> <span class='ocrx_word' id='word_1_280' title='bbox 1341 3245 1437 3308; x_wconf 88' lang='lat' dir='ltr'><strong>nohis</strong></span> <span class='ocrx_word' id='word_1_281' title='bbox 1461 3247 1572 3310; x_wconf 81' lang='lat' dir='ltr'><strong>extitit</strong></span> <span class='ocrx_word' id='word_1_282' title='bbox 1594 3249 1745 3322; x_wconf 89' lang='lat' dir='ltr'><strong>recitata,</strong></span> <span class='ocrx_word' id='word_1_283' title='bbox 1758 3249 1800 3312; x_wconf 87' lang='lat' dir='ltr'><strong>de</strong></span> 
     </span>
    </p>

    <p class='ocr_par' dir='ltr' id='par_1_12' title="bbox 149 3335 1892 5658">
     <span class='ocr_line' id='line_1_33' title="bbox 194 3335 1799 3426; baseline -0.001 -15"><span class='ocrx_word' id='word_1_284' title='bbox 194 3351 362 3412; x_wconf 86' lang='lat' dir='ltr'><strong>Honorius</strong></span> <span class='ocrx_word' id='word_1_285' title='bbox 394 3335 590 3426; x_wconf 89' lang='lat' dir='ltr'><strong>episcopus,</strong></span> <span class='ocrx_word' id='word_1_286' title='bbox 623 3363 740 3410; x_wconf 88' lang='lat' dir='ltr'><strong>servus</strong></span> <span class='ocrx_word' id='word_1_287' title='bbox 775 3363 948 3410; x_wconf 86' lang='lat' dir='ltr'><strong>servorum</strong></span> <span class='ocrx_word' id='word_1_288' title='bbox 1003 3345 1166 3406; x_wconf 87' lang='lat' dir='ltr'><strong>divisione</strong></span> <span class='ocrx_word' id='word_1_289' title='bbox 1184 3345 1349 3406; x_wconf 89' lang='lat' dir='ltr'><strong>terrarum</strong></span> <span class='ocrx_word' id='word_1_290' title='bbox 1370 3361 1444 3422; x_wconf 86' lang='lat' dir='ltr'><strong>quae</strong></span> <span class='ocrx_word' id='word_1_291' title='bbox 1463 3345 1505 3406; x_wconf 91' lang='lat' dir='ltr'><strong>ad</strong></span> <span class='ocrx_word' id='word_1_292' title='bbox 1524 3347 1616 3406; x_wconf 88' lang='lat' dir='ltr'><strong>tuam</strong></span> <span class='ocrx_word' id='word_1_293' title='bbox 1638 3346 1799 3422; x_wconf 83' lang='lat' dir='ltr'><strong>jurisdic-</strong></span> 
     </span>
     <span class='ocr_line' id='line_1_34' title="bbox 156 3441 1802 3522; baseline -0.002 -12"><span class='ocrx_word' id='word_1_294' title='bbox 156 3449 226 3520; x_wconf 88' lang='lat' dir='ltr'><strong>Dei,</strong></span> <span class='ocrx_word' id='word_1_295' title='bbox 244 3447 375 3509; x_wconf 89' lang='lat' dir='ltr'><strong>dilectis</strong></span> <span class='ocrx_word' id='word_1_296' title='bbox 390 3446 506 3506; x_wconf 87' lang='lat' dir='ltr'><strong>liliis...</strong></span> <span class='ocrx_word' id='word_1_297' title='bbox 523 3446 701 3522; x_wconf 84' lang='lat' dir='ltr'><strong>praeposito</strong></span> <span class='ocrx_word' id='word_1_298' title='bbox 716 3447 748 3508; x_wconf 91' lang='lat' dir='ltr'><strong>et</strong></span> <span class='ocrx_word' id='word_1_299' title='bbox 769 3446 948 3508; x_wconf 84' lang='lat' dir='ltr'><strong>conventui</strong></span> <span class='ocrx_word' id='word_1_300' title='bbox 1003 3442 1126 3504; x_wconf 89' lang='lat' dir='ltr'><strong>tionem</strong></span> <span class='ocrx_word' id='word_1_301' title='bbox 1136 3443 1286 3518; x_wconf 85' lang='lat' dir='ltr'><strong>spectare</strong></span> <span class='ocrx_word' id='word_1_302' title='bbox 1301 3441 1467 3514; x_wconf 90' lang='lat' dir='ltr'><strong>dicuntur,</strong></span> <span class='ocrx_word' id='word_1_303' title='bbox 1483 3443 1605 3504; x_wconf 88' lang='lat' dir='ltr'><strong>mentio</strong></span> <span class='ocrx_word' id='word_1_304' title='bbox 1622 3442 1710 3505; x_wconf 84' lang='lat' dir='ltr'><strong>iacta</strong></span> <span class='ocrx_word' id='word_1_305' title='bbox 1722 3442 1802 3516; x_wconf 85' lang='lat' dir='ltr'><strong>luit,</strong></span> 
     </span>
     <span class='ocr_line' id='line_1_35' title="bbox 154 3539 1800 3618; baseline -0.001 -13"><span class='ocrx_word' id='word_1_306' title='bbox 154 3543 195 3605; x_wconf 91' lang='lat' dir='ltr'><strong>de</strong></span> <span class='ocrx_word' id='word_1_307' title='bbox 217 3545 329 3606; x_wconf 90' lang='lat' dir='ltr'><strong>insula</strong></span> <span class='ocrx_word' id='word_1_308' title='bbox 352 3543 464 3605; x_wconf 86' lang='lat' dir='ltr'><strong>Sancti</strong></span> <span class='ocrx_word' id='word_1_309' title='bbox 490 3541 664 3604; x_wconf 88' lang='lat' dir='ltr'><strong>Michaelis</strong></span> <span class='ocrx_word' id='word_1_310' title='bbox 689 3542 776 3618; x_wconf 88' lang='lat' dir='ltr'><strong>apud</strong></span> <span class='ocrx_word' id='word_1_311' title='bbox 806 3542 946 3614; x_wconf 88' lang='lat' dir='ltr'><strong>Ulmam‚</strong></span> <span class='ocrx_word' id='word_1_312' title='bbox 1002 3541 1156 3616; x_wconf 83' lang='lat' dir='ltr'><strong>gerentes</strong></span> <span class='ocrx_word' id='word_1_313' title='bbox 1181 3539 1221 3600; x_wconf 90' lang='lat' dir='ltr'><strong>de</strong></span> <span class='ocrx_word' id='word_1_314' title='bbox 1248 3541 1304 3601; x_wconf 89' lang='lat' dir='ltr'><strong>tua</strong></span> <span class='ocrx_word' id='word_1_315' title='bbox 1330 3540 1524 3602; x_wconf 87' lang='lat' dir='ltr'><strong>sinceritate</strong></span> <span class='ocrx_word' id='word_1_316' title='bbox 1548 3540 1703 3602; x_wconf 81' lang='lat' dir='ltr'><strong>fiduciam</strong></span> <span class='ocrx_word' id='word_1_317' title='bbox 1726 3541 1800 3618; x_wconf 92' lang='lat' dir='ltr'><strong>ple·</strong></span> 
     </span>
     <span class='ocr_line' id='line_1_36' title="bbox 154 3635 1802 3718; baseline 0 -16"><span class='ocrx_word' id='word_1_318' title='bbox 154 3642 293 3704; x_wconf 88' lang='lat' dir='ltr'><strong>salutem</strong></span> <span class='ocrx_word' id='word_1_319' title='bbox 309 3639 576 3718; x_wconf 88' lang='lat' dir='ltr'><strong>etApostolicam</strong></span> <span class='ocrx_word' id='word_1_320' title='bbox 586 3639 862 3702; x_wconf 85' lang='lat' dir='ltr'><strong>benedictionem.</strong></span> <span class='ocrx_word' id='word_1_321' title='bbox 1003 3637 1144 3709; x_wconf 85' lang='lat' dir='ltr'><strong>aierem,</strong></span> <span class='ocrx_word' id='word_1_322' title='bbox 1161 3653 1263 3714; x_wconf 88' lang='lat' dir='ltr'><strong>super</strong></span> <span class='ocrx_word' id='word_1_323' title='bbox 1277 3635 1331 3697; x_wconf 90' lang='lat' dir='ltr'><strong>his</strong></span> <span class='ocrx_word' id='word_1_324' title='bbox 1346 3636 1519 3699; x_wconf 87' lang='lat' dir='ltr'><strong>serenitati</strong></span> <span class='ocrx_word' id='word_1_325' title='bbox 1536 3637 1602 3698; x_wconf 90' lang='lat' dir='ltr'><strong>tuae</strong></span> <span class='ocrx_word' id='word_1_326' title='bbox 1618 3637 1802 3702; x_wconf 86' lang='lat' dir='ltr'><strong>deserimus</strong></span> 
     </span>
     <span class='ocr_line' id='line_1_37' title="bbox 194 3734 1798 3813; baseline -0.002 -14"><span class='ocrx_word' id='word_1_327' title='bbox 194 3741 298 3810; x_wconf 90' lang='lat' dir='ltr'><strong>Quum</strong></span> <span class='ocrx_word' id='word_1_328' title='bbox 313 3737 444 3800; x_wconf 90' lang='lat' dir='ltr'><strong>anobis</strong></span> <span class='ocrx_word' id='word_1_329' title='bbox 459 3737 593 3813; x_wconf 90' lang='lat' dir='ltr'><strong>petitur,</strong></span> <span class='ocrx_word' id='word_1_330' title='bbox 608 3736 696 3813; x_wconf 84' lang='lat' dir='ltr'><strong>quod</strong></span> <span class='ocrx_word' id='word_1_331' title='bbox 707 3737 835 3813; x_wconf 88' lang='lat' dir='ltr'><strong>justum</strong></span> <span class='ocrx_word' id='word_1_332' title='bbox 851 3737 901 3800; x_wconf 88' lang='lat' dir='ltr'><strong>est</strong></span> <span class='ocrx_word' id='word_1_333' title='bbox 915 3737 956 3799; x_wconf 87' lang='lat' dir='ltr'><strong>et.</strong></span> <span class='ocrx_word' id='word_1_334' title='bbox 1003 3734 1217 3806; x_wconf 83' lang='lat' dir='ltr'><strong>confidenter,</strong></span> <span class='ocrx_word' id='word_1_335' title='bbox 1237 3734 1412 3795; x_wconf 91' lang='lat' dir='ltr'><strong>dummodo</strong></span> <span class='ocrx_word' id='word_1_336' title='bbox 1427 3735 1476 3794; x_wconf 91' lang='lat' dir='ltr'><strong>sic</strong></span> <span class='ocrx_word' id='word_1_337' title='bbox 1500 3735 1713 3810; x_wconf 79' lang='lat' dir='ltr'><strong>provideatur</strong></span> <span class='ocrx_word' id='word_1_338' title='bbox 1731 3736 1798 3796; x_wconf 90' lang='lat' dir='ltr'><strong>ad-</strong></span> 
     </span>
     <span class='ocr_line' id='line_1_38' title="bbox 153 3831 1797 3912; baseline -0.001 -16"><span class='ocrx_word' id='word_1_339' title='bbox 153 3835 341 3907; x_wconf 85' lang='lat' dir='ltr'><strong>honestum,</strong></span> <span class='ocrx_word' id='word_1_340' title='bbox 357 3843 428 3896; x_wconf 86' lang='lat' dir='ltr'><strong>tam</strong></span> <span class='ocrx_word' id='word_1_341' title='bbox 447 3834 544 3910; x_wconf 82' lang='lat' dir='ltr'><strong>vigor</strong></span> <span class='ocrx_word' id='word_1_342' title='bbox 559 3833 725 3912; x_wconf 82' lang='lat' dir='ltr'><strong>aequitatis</strong></span> <span class='ocrx_word' id='word_1_343' title='bbox 743 3849 843 3910; x_wconf 78' lang='lat' dir='ltr'><strong>&lt;luam</strong></span> <span class='ocrx_word' id='word_1_344' title='bbox 867 3834 947 3895; x_wconf 91' lang='lat' dir='ltr'><strong>ordo</strong></span> <span class='ocrx_word' id='word_1_345' title='bbox 1002 3847 1119 3892; x_wconf 87' lang='lat' dir='ltr'><strong>versus</strong></span> <span class='ocrx_word' id='word_1_346' title='bbox 1156 3831 1348 3893; x_wconf 86' lang='lat' dir='ltr'><strong>haereticam</strong></span> <span class='ocrx_word' id='word_1_347' title='bbox 1375 3831 1572 3907; x_wconf 85' lang='lat' dir='ltr'><strong>pravitatem</strong></span> <span class='ocrx_word' id='word_1_348' title='bbox 1608 3833 1640 3894; x_wconf 88' lang='lat' dir='ltr'><strong>et</strong></span> <span class='ocrx_word' id='word_1_349' title='bbox 1672 3833 1797 3909; x_wconf 88' lang='lat' dir='ltr'><strong>pestem</strong></span> 
     </span>
     <span class='ocr_line' id='line_1_39' title="bbox 154 3927 1797 4009; baseline -0.003 -15"><span class='ocrx_word' id='word_1_350' title='bbox 154 3932 259 4009; x_wconf 73' lang='lat' dir='ltr'><strong>exigit</strong></span> <span class='ocrx_word' id='word_1_351' title='bbox 270 3932 421 4004; x_wconf 90' lang='lat' dir='ltr'><strong>rationis,</strong></span> <span class='ocrx_word' id='word_1_352' title='bbox 439 3933 476 3992; x_wconf 90' lang='lat' dir='ltr'><strong>ut</strong></span> <span class='ocrx_word' id='word_1_353' title='bbox 494 3931 530 3992; x_wconf 93' lang='lat' dir='ltr'><strong>id</strong></span> <span class='ocrx_word' id='word_1_354' title='bbox 543 3945 603 4007; x_wconf 84' lang='lat' dir='ltr'><strong>por</strong></span> <span class='ocrx_word' id='word_1_355' title='bbox 618 3930 946 3994; x_wconf 84' lang='lat' dir='ltr'><strong>sollicitudinemol-</strong></span> <span class='ocrx_word' id='word_1_356' title='bbox 1002 3928 1263 4005; x_wconf 86' lang='lat' dir='ltr'><strong>ruptuariorum,</strong></span> <span class='ocrx_word' id='word_1_357' title='bbox 1302 3928 1335 3989; x_wconf 90' lang='lat' dir='ltr'><strong>et</strong></span> <span class='ocrx_word' id='word_1_358' title='bbox 1371 3927 1507 3988; x_wconf 90' lang='lat' dir='ltr'><strong>illorum</strong></span> <span class='ocrx_word' id='word_1_359' title='bbox 1541 3927 1715 4001; x_wconf 88' lang='lat' dir='ltr'><strong>malitiam,</strong></span> <span class='ocrx_word' id='word_1_360' title='bbox 1741 3929 1797 4008; x_wconf 91' lang='lat' dir='ltr'><strong>qui</strong></span> 
     </span>
     <span class='ocr_line' id='line_1_40' title="bbox 153 4023 1797 4105; baseline -0.002 -15"><span class='ocrx_word' id='word_1_361' title='bbox 153 4029 222 4091; x_wconf 86' lang='lat' dir='ltr'><strong>tlcii</strong></span> <span class='ocrx_word' id='word_1_362' title='bbox 234 4030 341 4092; x_wconf 84' lang='lat' dir='ltr'><strong>nostri</strong></span> <span class='ocrx_word' id='word_1_363' title='bbox 352 4029 393 4090; x_wconf 92' lang='lat' dir='ltr'><strong>ad</strong></span> <span class='ocrx_word' id='word_1_364' title='bbox 409 4028 555 4090; x_wconf 90' lang='lat' dir='ltr'><strong>debitum</strong></span> <span class='ocrx_word' id='word_1_365' title='bbox 568 4028 769 4105; x_wconf 86' lang='lat' dir='ltr'><strong>perducatur</strong></span> <span class='ocrx_word' id='word_1_366' title='bbox 780 4027 946 4089; x_wconf 83' lang='lat' dir='ltr'><strong>effectum.</strong></span> <span class='ocrx_word' id='word_1_367' title='bbox 978 4024 1090 4096; x_wconf 50' lang='lat' dir='ltr'><strong>¹hona</strong></span> <span class='ocrx_word' id='word_1_368' title='bbox 1118 4023 1346 4088; x_wconf 88' lang='lat' dir='ltr'><strong>ecclesiastica</strong></span> <span class='ocrx_word' id='word_1_369' title='bbox 1372 4024 1580 4097; x_wconf 89' lang='lat' dir='ltr'><strong>invaserunt,</strong></span> <span class='ocrx_word' id='word_1_370' title='bbox 1603 4026 1689 4104; x_wconf 88' lang='lat' dir='ltr'><strong>quod</strong></span> <span class='ocrx_word' id='word_1_371' title='bbox 1713 4025 1797 4088; x_wconf 86' lang='lat' dir='ltr'><strong>fides</strong></span> 
     </span>
     <span class='ocr_line' id='line_1_41' title="bbox 156 4120 1799 4204; baseline -0.001 -16"><span class='ocrx_word' id='word_1_372' title='bbox 156 4125 204 4188; x_wconf 80' lang='lat' dir='ltr'><strong>ua</strong></span> <span class='ocrx_word' id='word_1_373' title='bbox 225 4127 371 4204; x_wconf 92' lang='lat' dir='ltr'><strong>propter,</strong></span> <span class='ocrx_word' id='word_1_374' title='bbox 390 4125 503 4188; x_wconf 91' lang='lat' dir='ltr'><strong>dilecti</strong></span> <span class='ocrx_word' id='word_1_375' title='bbox 524 4125 560 4186; x_wconf 92' lang='lat' dir='ltr'><strong>in</strong></span> <span class='ocrx_word' id='word_1_376' title='bbox 578 4124 722 4186; x_wconf 88' lang='lat' dir='ltr'><strong>Domino</strong></span> <span class='ocrx_word' id='word_1_377' title='bbox 735 4124 809 4198; x_wconf 85' lang='lat' dir='ltr'><strong>tilii,</strong></span> <span class='ocrx_word' id='word_1_378' title='bbox 827 4125 948 4188; x_wconf 87' lang='lat' dir='ltr'><strong>vestris</strong></span> <span class='ocrx_word' id='word_1_379' title='bbox 1002 4122 1216 4198; x_wconf 80' lang='lat' dir='ltr'><strong>integratam</strong></span> <span class='ocrx_word' id='word_1_380' title='bbox 1237 4120 1345 4198; x_wconf 88' lang='lat' dir='ltr'><strong>quoad</strong></span> <span class='ocrx_word' id='word_1_381' title='bbox 1361 4122 1603 4184; x_wconf 87' lang='lat' dir='ltr'><strong>restitutionem</strong></span> <span class='ocrx_word' id='word_1_382' title='bbox 1618 4123 1799 4200; x_wconf 84' lang='lat' dir='ltr'><strong>possessio</strong></span> 
     </span>
     <span class='ocr_line' id='line_1_42' title="bbox 149 4218 1800 4302; baseline 0 -19"><span class='ocrx_word' id='word_1_383' title='bbox 149 4225 252 4302; x_wconf 89' lang='lat' dir='ltr'><strong>justis</strong></span> <span class='ocrx_word' id='word_1_384' title='bbox 278 4221 558 4302; x_wconf 85' lang='lat' dir='ltr'><strong>postulationihus</strong></span> <span class='ocrx_word' id='word_1_385' title='bbox 590 4225 685 4296; x_wconf 75' lang='lat' dir='ltr'><strong>grato</strong></span> <span class='ocrx_word' id='word_1_386' title='bbox 708 4221 947 4283; x_wconf 87' lang='lat' dir='ltr'><strong>concurrentes</strong></span> <span class='ocrx_word' id='word_1_387' title='bbox 1003 4219 1257 4281; x_wconf 84' lang='lat' dir='ltr'><strong>numhactenus</strong></span> <span class='ocrx_word' id='word_1_388' title='bbox 1278 4218 1536 4292; x_wconf 87' lang='lat' dir='ltr'><strong>subtractarum,</strong></span> <span class='ocrx_word' id='word_1_389' title='bbox 1553 4237 1652 4300; x_wconf 88' lang='lat' dir='ltr'><strong>quam</strong></span> <span class='ocrx_word' id='word_1_390' title='bbox 1666 4221 1707 4283; x_wconf 90' lang='lat' dir='ltr'><strong>ad</strong></span> <span class='ocrx_word' id='word_1_391' title='bbox 1725 4238 1800 4283; x_wconf 88' lang='lat' dir='ltr'><strong>ser-</strong></span> 
     </span>
     <span class='ocr_line' id='line_1_43' title="bbox 153 4315 1798 4397; baseline -0.001 -14"><span class='ocrx_word' id='word_1_392' title='bbox 153 4337 305 4393; x_wconf 87' lang='lat' dir='ltr'><strong>assensu,</strong></span> <span class='ocrx_word' id='word_1_393' title='bbox 334 4319 497 4397; x_wconf 87' lang='lat' dir='ltr'><strong>capellam</strong></span> <span class='ocrx_word' id='word_1_394' title='bbox 513 4317 628 4380; x_wconf 84' lang='lat' dir='ltr'><strong>Sancti</strong></span> <span class='ocrx_word' id='word_1_395' title='bbox 641 4318 784 4380; x_wconf 83' lang='lat' dir='ltr'><strong>Andreae</strong></span> <span class='ocrx_word' id='word_1_396' title='bbox 800 4319 897 4380; x_wconf 92' lang='lat' dir='ltr'><strong>sitam</strong></span> <span class='ocrx_word' id='word_1_397' title='bbox 912 4319 947 4380; x_wconf 89' lang='lat' dir='ltr'><strong>ln</strong></span> <span class='ocrx_word' id='word_1_398' title='bbox 1001 4317 1145 4379; x_wconf 83' lang='lat' dir='ltr'><strong>vendam</strong></span> <span class='ocrx_word' id='word_1_399' title='bbox 1159 4315 1349 4378; x_wconf 84' lang='lat' dir='ltr'><strong>libertatem</strong></span> <span class='ocrx_word' id='word_1_400' title='bbox 1362 4317 1624 4380; x_wconf 87' lang='lat' dir='ltr'><strong>ecclesiasticam</strong></span> <span class='ocrx_word' id='word_1_401' title='bbox 1640 4319 1675 4380; x_wconf 90' lang='lat' dir='ltr'><strong>in</strong></span> <span class='ocrx_word' id='word_1_402' title='bbox 1688 4318 1798 4381; x_wconf 81' lang='lat' dir='ltr'><strong>futuro</strong></span> 
     </span>
     <span class='ocr_line' id='line_1_44' title="bbox 151 4413 1799 4490; baseline -0.001 -10"><span class='ocrx_word' id='word_1_403' title='bbox 151 4419 233 4480; x_wconf 85' lang='lat' dir='ltr'><strong>villa</strong></span> <span class='ocrx_word' id='word_1_404' title='bbox 246 4421 346 4490; x_wconf 79' lang='lat' dir='ltr'><strong>Stoa,</strong></span> <span class='ocrx_word' id='word_1_405' title='bbox 357 4431 419 4479; x_wconf 87' lang='lat' dir='ltr'><strong>nec</strong></span> <span class='ocrx_word' id='word_1_406' title='bbox 433 4431 501 4479; x_wconf 86' lang='lat' dir='ltr'><strong>non</strong></span> <span class='ocrx_word' id='word_1_407' title='bbox 514 4417 547 4477; x_wconf 89' lang='lat' dir='ltr'><strong>et</strong></span> <span class='ocrx_word' id='word_1_408' title='bbox 560 4415 627 4476; x_wconf 88' lang='lat' dir='ltr'><strong>alia</strong></span> <span class='ocrx_word' id='word_1_409' title='bbox 640 4415 727 4477; x_wconf 84' lang='lat' dir='ltr'><strong>hona</strong></span> <span class='ocrx_word' id='word_1_410' title='bbox 738 4415 850 4478; x_wconf 89' lang='lat' dir='ltr'><strong>vestra</strong></span> <span class='ocrx_word' id='word_1_411' title='bbox 862 4416 949 4478; x_wconf 86' lang='lat' dir='ltr'><strong>siout</strong></span> <span class='ocrx_word' id='word_1_412' title='bbox 1003 4416 1154 4476; x_wconf 86' lang='lat' dir='ltr'><strong>servetur</strong></span> <span class='ocrx_word' id='word_1_413' title='bbox 1179 4413 1300 4476; x_wconf 77' lang='lat' dir='ltr'><strong>illaesa.</strong></span> <span class='ocrx_word' id='word_1_414' title='bbox 1315 4414 1478 4487; x_wconf 83' lang='lat' dir='ltr'><strong>Quocirca</strong></span> <span class='ocrx_word' id='word_1_415' title='bbox 1507 4416 1799 4479; x_wconf 88' lang='lat' dir='ltr'><strong>mansuetudinem</strong></span> 
     </span>
     <span class='ocr_line' id='line_1_45' title="bbox 152 4512 1802 4593; baseline -0.002 -13"><span class='ocrx_word' id='word_1_416' title='bbox 152 4533 193 4580; x_wconf 86' lang='lat' dir='ltr'><strong>ea</strong></span> <span class='ocrx_word' id='word_1_417' title='bbox 205 4517 318 4578; x_wconf 88' lang='lat' dir='ltr'><strong>omnia</strong></span> <span class='ocrx_word' id='word_1_418' title='bbox 333 4516 434 4593; x_wconf 85' lang='lat' dir='ltr'><strong>juste,</strong></span> <span class='ocrx_word' id='word_1_419' title='bbox 451 4513 590 4591; x_wconf 83' lang='lat' dir='ltr'><strong>pacifice</strong></span> <span class='ocrx_word' id='word_1_420' title='bbox 601 4528 642 4574; x_wconf 90' lang='lat' dir='ltr'><strong>ac</strong></span> <span class='ocrx_word' id='word_1_421' title='bbox 660 4513 822 4574; x_wconf 88' lang='lat' dir='ltr'><strong>canonica</strong></span> <span class='ocrx_word' id='word_1_422' title='bbox 835 4513 947 4589; x_wconf 89' lang='lat' dir='ltr'><strong>possi·</strong></span> <span class='ocrx_word' id='word_1_423' title='bbox 1001 4513 1093 4573; x_wconf 89' lang='lat' dir='ltr'><strong>tuam</strong></span> <span class='ocrx_word' id='word_1_424' title='bbox 1114 4526 1271 4587; x_wconf 81' lang='lat' dir='ltr'><strong>rogamus</strong></span> <span class='ocrx_word' id='word_1_425' title='bbox 1286 4512 1319 4574; x_wconf 87' lang='lat' dir='ltr'><strong>et</strong></span> <span class='ocrx_word' id='word_1_426' title='bbox 1334 4528 1505 4574; x_wconf 87' lang='lat' dir='ltr'><strong>monemus</strong></span> <span class='ocrx_word' id='word_1_427' title='bbox 1525 4515 1661 4586; x_wconf 88' lang='lat' dir='ltr'><strong>attente,</strong></span> <span class='ocrx_word' id='word_1_428' title='bbox 1679 4515 1802 4592; x_wconf 85' lang='lat' dir='ltr'><strong>quate-</strong></span> 
     </span>
     <span class='ocr_line' id='line_1_46' title="bbox 151 4608 1892 4694; baseline -0.005 -16"><span class='ocrx_word' id='word_1_429' title='bbox 151 4614 248 4685; x_wconf 88' lang='lat' dir='ltr'><strong>detis,</strong></span> <span class='ocrx_word' id='word_1_430' title='bbox 284 4613 380 4676; x_wconf 87' lang='lat' dir='ltr'><strong>vobis</strong></span> <span class='ocrx_word' id='word_1_431' title='bbox 404 4613 436 4674; x_wconf 90' lang='lat' dir='ltr'><strong>et</strong></span> <span class='ocrx_word' id='word_1_432' title='bbox 461 4626 522 4688; x_wconf 85' lang='lat' dir='ltr'><strong>per</strong></span> <span class='ocrx_word' id='word_1_433' title='bbox 554 4626 613 4674; x_wconf 89' lang='lat' dir='ltr'><strong>vos</strong></span> <span class='ocrx_word' id='word_1_434' title='bbox 641 4609 792 4670; x_wconf 80' lang='lat' dir='ltr'><strong>ecclesias</strong></span> <span class='ocrx_word' id='word_1_435' title='bbox 812 4611 947 4680; x_wconf 86' lang='lat' dir='ltr'><strong>vestrae,</strong></span> <span class='ocrx_word' id='word_1_436' title='bbox 1002 4608 1401 4685; x_wconf 85' lang='lat' dir='ltr'><strong>nusquantodducialius</strong></span> <span class='ocrx_word' id='word_1_437' title='bbox 1416 4610 1514 4670; x_wconf 84' lang='lat' dir='ltr'><strong>inhia</strong></span> <span class='ocrx_word' id='word_1_438' title='bbox 1529 4610 1801 4684; x_wconf 80' lang='lat' dir='ltr'><strong>tibidelerimus,</strong></span> <span class='ocrx_word' id='word_1_439' title='bbox 1887 4679 1892 4694; x_wconf 63' lang='lat'><strong>,</strong></span> 
     </span>
     <span class='ocr_line' id='line_1_47' title="bbox 152 4705 1801 4786; baseline -0.004 -12"><span class='ocrx_word' id='word_1_440' title='bbox 152 4711 350 4774; x_wconf 85' lang='lat' dir='ltr'><strong>auctoritate</strong></span> <span class='ocrx_word' id='word_1_441' title='bbox 364 4708 556 4786; x_wconf 78' lang='lat' dir='ltr'><strong>apostolica</strong></span> <span class='ocrx_word' id='word_1_442' title='bbox 568 4707 803 4770; x_wconf 86' lang='lat' dir='ltr'><strong>confirmamus</strong></span> <span class='ocrx_word' id='word_1_443' title='bbox 816 4708 850 4769; x_wconf 90' lang='lat' dir='ltr'><strong>et</strong></span> <span class='ocrx_word' id='word_1_444' title='bbox 861 4721 949 4785; x_wconf 82' lang='lat' dir='ltr'><strong>prae·</strong></span> <span class='ocrx_word' id='word_1_445' title='bbox 1001 4706 1094 4768; x_wconf 92' lang='lat' dir='ltr'><strong>tanto</strong></span> <span class='ocrx_word' id='word_1_446' title='bbox 1114 4705 1304 4766; x_wconf 85' lang='lat' dir='ltr'><strong>accuratius</strong></span> <span class='ocrx_word' id='word_1_447' title='bbox 1320 4706 1467 4779; x_wconf 87' lang='lat' dir='ltr'><strong>studeas,</strong></span> <span class='ocrx_word' id='word_1_448' title='bbox 1483 4709 1519 4767; x_wconf 91' lang='lat' dir='ltr'><strong>ut</strong></span> <span class='ocrx_word' id='word_1_449' title='bbox 1538 4707 1602 4768; x_wconf 87' lang='lat' dir='ltr'><strong>rite</strong></span> <span class='ocrx_word' id='word_1_450' title='bbox 1625 4707 1801 4784; x_wconf 85' lang='lat' dir='ltr'><strong>praemissa</strong></span> 
     </span>
     <span class='ocr_line' id='line_1_48' title="bbox 153 4799 1800 4881; baseline -0.002 -14"><span class='ocrx_word' id='word_1_451' title='bbox 153 4805 259 4868; x_wconf 88' lang='lat' dir='ltr'><strong>sentis</strong></span> <span class='ocrx_word' id='word_1_452' title='bbox 267 4803 382 4880; x_wconf 88' lang='lat' dir='ltr'><strong>scripti</strong></span> <span class='ocrx_word' id='word_1_453' title='bbox 396 4802 581 4881; x_wconf 87' lang='lat' dir='ltr'><strong>patrocinio</strong></span> <span class='ocrx_word' id='word_1_454' title='bbox 589 4801 844 4864; x_wconf 88' lang='lat' dir='ltr'><strong>communimus.</strong></span> <span class='ocrx_word' id='word_1_455' title='bbox 856 4799 948 4862; x_wconf 92' lang='lat' dir='ltr'><strong>Nulli</strong></span> <span class='ocrx_word' id='word_1_456' title='bbox 1002 4801 1114 4864; x_wconf 88' lang='lat' dir='ltr'><strong>omnia</strong></span> <span class='ocrx_word' id='word_1_457' title='bbox 1130 4803 1341 4879; x_wconf 87' lang='lat' dir='ltr'><strong>impleantur.</strong></span> <span class='ocrx_word' id='word_1_458' title='bbox 1357 4805 1475 4864; x_wconf 88' lang='lat' dir='ltr'><strong>Datum</strong></span> <span class='ocrx_word' id='word_1_459' title='bbox 1486 4804 1653 4874; x_wconf 87' lang='lat' dir='ltr'><strong>Laterani,</strong></span> <span class='ocrx_word' id='word_1_460' title='bbox 1669 4805 1711 4865; x_wconf 87' lang='lat' dir='ltr'><strong>IV</strong></span> <span class='ocrx_word' id='word_1_461' title='bbox 1724 4803 1800 4864; x_wconf 84' lang='lat' dir='ltr'><strong>idus</strong></span> 
     </span>
     <span class='ocr_line' id='line_1_49' title="bbox 153 4899 1805 4980; baseline -0.002 -15"><span class='ocrx_word' id='word_1_462' title='bbox 153 4919 233 4980; x_wconf 79' lang='lat' dir='ltr'><strong>ergo</strong></span> <span class='ocrx_word' id='word_1_463' title='bbox 249 4901 384 4964; x_wconf 90' lang='lat' dir='ltr'><strong>omnino</strong></span> <span class='ocrx_word' id='word_1_464' title='bbox 397 4900 569 4962; x_wconf 91' lang='lat' dir='ltr'><strong>hominum</strong></span> <span class='ocrx_word' id='word_1_465' title='bbox 579 4899 679 4964; x_wconf 88' lang='lat' dir='ltr'><strong>liceat</strong></span> <span class='ocrx_word' id='word_1_466' title='bbox 691 4899 778 4960; x_wconf 90' lang='lat' dir='ltr'><strong>hanc</strong></span> <span class='ocrx_word' id='word_1_467' title='bbox 791 4899 948 4976; x_wconf 78' lang='lat' dir='ltr'><strong>paginam</strong></span> <span class='ocrx_word' id='word_1_468' title='bbox 1003 4899 1158 4970; x_wconf 88' lang='lat' dir='ltr'><strong>octobris,</strong></span> <span class='ocrx_word' id='word_1_469' title='bbox 1173 4899 1384 4977; x_wconf 81' lang='lat' dir='ltr'><strong>pontificatus</strong></span> <span class='ocrx_word' id='word_1_470' title='bbox 1397 4901 1503 4961; x_wconf 88' lang='lat' dir='ltr'><strong>nostri</strong></span> <span class='ocrx_word' id='word_1_471' title='bbox 1518 4915 1606 4961; x_wconf 87' lang='lat' dir='ltr'><strong>anno</strong></span> <span class='ocrx_word' id='word_1_472' title='bbox 1622 4901 1805 4977; x_wconf 67' lang='lat' dir='ltr'><strong>septimo.»</strong></span> 
     </span>
     <span class='ocr_line' id='line_1_50' title="bbox 152 4995 1802 5074; baseline 0 -12"><span class='ocrx_word' id='word_1_473' title='bbox 152 4995 848 5072; x_wconf 74' lang='lat' dir='ltr'><strong>nosuaeconnrmationismtringerevelet</strong></span> <span class='ocrx_word' id='word_1_474' title='bbox 863 5011 949 5056; x_wconf 80' lang='lat' dir='ltr'><strong>ausu</strong></span> <span class='ocrx_word' id='word_1_475' title='bbox 1043 4995 1186 5074; x_wconf 90' lang='lat' dir='ltr'><strong>Ideoque</strong></span> <span class='ocrx_word' id='word_1_476' title='bbox 1219 4995 1462 5060; x_wconf 76' lang='lat' dir='ltr'><strong>fraternitatem</strong></span> <span class='ocrx_word' id='word_1_477' title='bbox 1499 4996 1590 5058; x_wconf 91' lang='lat' dir='ltr'><strong>tuam</strong></span> <span class='ocrx_word' id='word_1_478' title='bbox 1628 5013 1802 5062; x_wconf 85' lang='lat' dir='ltr'><strong>monemus</strong></span> 
     </span>
     <span class='ocr_line' id='line_1_51' title="bbox 151 5091 1804 5171; baseline -0.002 -10"><span class='ocrx_word' id='word_1_479' title='bbox 151 5097 331 5161; x_wconf 87' lang='lat' dir='ltr'><strong>temerario</strong></span> <span class='ocrx_word' id='word_1_480' title='bbox 359 5094 541 5158; x_wconf 74' lang='lat' dir='ltr'><strong>conuaire.</strong></span> <span class='ocrx_word' id='word_1_481' title='bbox 565 5093 599 5155; x_wconf 84' lang='lat' dir='ltr'><strong>si</strong></span> <span class='ocrx_word' id='word_1_482' title='bbox 629 5093 703 5171; x_wconf 83' lang='lat' dir='ltr'><strong>quis</strong></span> <span class='ocrx_word' id='word_1_483' title='bbox 738 5094 851 5156; x_wconf 89' lang='lat' dir='ltr'><strong>autem</strong></span> <span class='ocrx_word' id='word_1_484' title='bbox 886 5091 949 5154; x_wconf 75' lang='lat' dir='ltr'><strong>ltoc</strong></span> <span class='ocrx_word' id='word_1_485' title='bbox 1003 5095 1139 5167; x_wconf 89' lang='lat' dir='ltr'><strong>attente,</strong></span> <span class='ocrx_word' id='word_1_486' title='bbox 1172 5109 1232 5170; x_wconf 93' lang='lat' dir='ltr'><strong>per</strong></span> <span class='ocrx_word' id='word_1_487' title='bbox 1254 5094 1443 5171; x_wconf 85' lang='lat' dir='ltr'><strong>Apostolica</strong></span> <span class='ocrx_word' id='word_1_488' title='bbox 1469 5093 1530 5156; x_wconf 88' lang='lat' dir='ltr'><strong>tibi</strong></span> <span class='ocrx_word' id='word_1_489' title='bbox 1554 5094 1679 5171; x_wconf 89' lang='lat' dir='ltr'><strong>scripta</strong></span> <span class='ocrx_word' id='word_1_490' title='bbox 1705 5111 1804 5158; x_wconf 86' lang='lat' dir='ltr'><strong>man-</strong></span> 
     </span>
     <span class='ocr_line' id='line_1_52' title="bbox 154 5190 1800 5272; baseline -0.002 -14"><span class='ocrx_word' id='word_1_491' title='bbox 154 5196 319 5259; x_wconf 86' lang='lat' dir='ltr'><strong>attentare</strong></span> <span class='ocrx_word' id='word_1_492' title='bbox 329 5191 591 5270; x_wconf 79' lang='lat' dir='ltr'><strong>presumpserit,</strong></span> <span class='ocrx_word' id='word_1_493' title='bbox 603 5190 867 5266; x_wconf 82' lang='lat' dir='ltr'><strong>indignationem</strong></span> <span class='ocrx_word' id='word_1_494' title='bbox 878 5205 950 5250; x_wconf 88' lang='lat' dir='ltr'><strong>om·</strong></span> <span class='ocrx_word' id='word_1_495' title='bbox 1004 5192 1132 5263; x_wconf 87' lang='lat' dir='ltr'><strong>dantes,</strong></span> <span class='ocrx_word' id='word_1_496' title='bbox 1150 5192 1313 5268; x_wconf 83' lang='lat' dir='ltr'><strong>quatenus</strong></span> <span class='ocrx_word' id='word_1_497' title='bbox 1335 5207 1410 5252; x_wconf 91' lang='lat' dir='ltr'><strong>cum</strong></span> <span class='ocrx_word' id='word_1_498' title='bbox 1434 5191 1576 5253; x_wconf 90' lang='lat' dir='ltr'><strong>consilio</strong></span> <span class='ocrx_word' id='word_1_499' title='bbox 1600 5193 1691 5269; x_wconf 76' lang='lat' dir='ltr'><strong>regis</strong></span> <span class='ocrx_word' id='word_1_500' title='bbox 1712 5209 1800 5272; x_wconf 88' lang='lat' dir='ltr'><strong>prae-</strong></span> 
     </span>
     <span class='ocr_line' id='line_1_53' title="bbox 154 5285 1804 5370; baseline -0.004 -14"><span class='ocrx_word' id='word_1_501' title='bbox 154 5291 333 5370; x_wconf 83' lang='lat' dir='ltr'><strong>nipoteniis</strong></span> <span class='ocrx_word' id='word_1_502' title='bbox 346 5289 406 5352; x_wconf 87' lang='lat' dir='ltr'><strong>Dei</strong></span> <span class='ocrx_word' id='word_1_503' title='bbox 434 5292 467 5350; x_wconf 89' lang='lat' dir='ltr'><strong>et</strong></span> <span class='ocrx_word' id='word_1_504' title='bbox 487 5288 660 5351; x_wconf 88' lang='lat' dir='ltr'><strong>beatorum</strong></span> <span class='ocrx_word' id='word_1_505' title='bbox 684 5288 775 5349; x_wconf 89' lang='lat' dir='ltr'><strong>Petri</strong></span> <span class='ocrx_word' id='word_1_506' title='bbox 799 5288 833 5348; x_wconf 85' lang='lat' dir='ltr'><strong>et</strong></span> <span class='ocrx_word' id='word_1_507' title='bbox 852 5285 949 5348; x_wconf 89' lang='lat' dir='ltr'><strong>Pauli</strong></span> <span class='ocrx_word' id='word_1_508' title='bbox 1004 5287 1094 5360; x_wconf 89' lang='lat' dir='ltr'><strong>dicti,</strong></span> <span class='ocrx_word' id='word_1_509' title='bbox 1120 5288 1154 5349; x_wconf 82' lang='lat' dir='ltr'><strong>et</strong></span> <span class='ocrx_word' id='word_1_510' title='bbox 1176 5287 1361 5364; x_wconf 83' lang='lat' dir='ltr'><strong>legatorum</strong></span> <span class='ocrx_word' id='word_1_511' title='bbox 1387 5287 1549 5360; x_wconf 69' lang='lat' dir='ltr'><strong>Francia,</strong></span> <span class='ocrx_word' id='word_1_512' title='bbox 1585 5305 1625 5350; x_wconf 93' lang='lat' dir='ltr'><strong>ac</strong></span> <span class='ocrx_word' id='word_1_513' title='bbox 1658 5289 1804 5350; x_wconf 89' lang='lat' dir='ltr'><strong>aliorum</strong></span> 
     </span>
     <span class='ocr_line' id='line_1_54' title="bbox 154 5385 1804 5469; baseline -0.005 -15"><span class='ocrx_word' id='word_1_514' title='bbox 154 5389 384 5469; x_wconf 86' lang='lat' dir='ltr'><strong>apostolorum</strong></span> <span class='ocrx_word' id='word_1_515' title='bbox 409 5389 481 5464; x_wconf 86' lang='lat' dir='ltr'><strong>ejus</strong></span> <span class='ocrx_word' id='word_1_516' title='bbox 512 5401 548 5448; x_wconf 85' lang='lat' dir='ltr'><strong>se</strong></span> <span class='ocrx_word' id='word_1_517' title='bbox 574 5385 705 5447; x_wconf 86' lang='lat' dir='ltr'><strong>noverit</strong></span> <span class='ocrx_word' id='word_1_518' title='bbox 724 5385 948 5449; x_wconf 87' lang='lat' dir='ltr'><strong>incursurum.</strong></span> <span class='ocrx_word' id='word_1_519' title='bbox 1005 5385 1219 5462; x_wconf 71' lang='lat' dir='ltr'><strong>prelatorum</strong></span> <span class='ocrx_word' id='word_1_520' title='bbox 1241 5385 1298 5461; x_wconf 89' lang='lat' dir='ltr'><strong>qui</strong></span> <span class='ocrx_word' id='word_1_521' title='bbox 1319 5385 1360 5445; x_wconf 92' lang='lat' dir='ltr'><strong>ad</strong></span> <span class='ocrx_word' id='word_1_522' title='bbox 1384 5385 1448 5448; x_wconf 85' lang='lat' dir='ltr'><strong>hoc</strong></span> <span class='ocrx_word' id='word_1_523' title='bbox 1468 5385 1594 5448; x_wconf 84' lang='lat' dir='ltr'><strong>suerint</strong></span> <span class='ocrx_word' id='word_1_524' title='bbox 1611 5387 1804 5462; x_wconf 92' lang='lat' dir='ltr'><strong>opportuni,</strong></span> 
     </span>
     <span class='ocr_line' id='line_1_55' title="bbox 155 5481 1804 5560; baseline -0.004 -10"><span class='ocrx_word' id='word_1_525' title='bbox 155 5489 274 5550; x_wconf 88' lang='lat' dir='ltr'><strong>Datum</strong></span> <span class='ocrx_word' id='word_1_526' title='bbox 293 5485 459 5557; x_wconf 87' lang='lat' dir='ltr'><strong>Laterani,</strong></span> <span class='ocrx_word' id='word_1_527' title='bbox 473 5485 501 5546; x_wconf 89' lang='lat' dir='ltr'>V</span> <span class='ocrx_word' id='word_1_528' title='bbox 515 5482 590 5544; x_wconf 88' lang='lat' dir='ltr'><strong>idus</strong></span> <span class='ocrx_word' id='word_1_529' title='bbox 603 5482 759 5555; x_wconf 87' lang='lat' dir='ltr'><strong>octobris,</strong></span> <span class='ocrx_word' id='word_1_530' title='bbox 775 5481 951 5560; x_wconf 81' lang='lat' dir='ltr'><strong>pontifica—</strong></span> <span class='ocrx_word' id='word_1_531' title='bbox 1005 5498 1108 5559; x_wconf 89' lang='lat' dir='ltr'><strong>super</strong></span> <span class='ocrx_word' id='word_1_532' title='bbox 1129 5482 1182 5544; x_wconf 87' lang='lat' dir='ltr'><strong>his</strong></span> <span class='ocrx_word' id='word_1_533' title='bbox 1204 5481 1386 5552; x_wconf 84' lang='lat' dir='ltr'><strong>secundum</strong></span> <span class='ocrx_word' id='word_1_534' title='bbox 1406 5482 1580 5560; x_wconf 88' lang='lat' dir='ltr'><strong>praemissa</strong></span> <span class='ocrx_word' id='word_1_535' title='bbox 1601 5484 1700 5560; x_wconf 86' lang='lat' dir='ltr'><strong>plena</strong></span> <span class='ocrx_word' id='word_1_536' title='bbox 1723 5483 1804 5545; x_wconf 88' lang='lat' dir='ltr'><strong>deli·</strong></span> 
     </span>
     <span class='ocr_line' id='line_1_56' title="bbox 155 5579 1806 5658; baseline -0.002 -8"><span class='ocrx_word' id='word_1_537' title='bbox 155 5588 210 5650; x_wconf 86' lang='lat' dir='ltr'><strong>tus</strong></span> <span class='ocrx_word' id='word_1_538' title='bbox 225 5583 332 5646; x_wconf 86' lang='lat' dir='ltr'><strong>nostri</strong></span> <span class='ocrx_word' id='word_1_539' title='bbox 348 5598 436 5646; x_wconf 88' lang='lat' dir='ltr'><strong>anno</strong></span> <span class='ocrx_word' id='word_1_540' title='bbox 449 5581 601 5658; x_wconf 86' lang='lat' dir='ltr'><strong>septimo.</strong></span> <span class='ocrx_word' id='word_1_541' title='bbox 1006 5580 1102 5642; x_wconf 81' lang='lat' dir='ltr'><strong>heres</strong></span> <span class='ocrx_word' id='word_1_542' title='bbox 1123 5579 1163 5640; x_wconf 92' lang='lat' dir='ltr'><strong>ad</strong></span> <span class='ocrx_word' id='word_1_543' title='bbox 1188 5593 1302 5656; x_wconf 88' lang='lat' dir='ltr'><strong>pacem</strong></span> <span class='ocrx_word' id='word_1_544' title='bbox 1323 5579 1474 5654; x_wconf 86' lang='lat' dir='ltr'><strong>fideliter,</strong></span> <span class='ocrx_word' id='word_1_545' title='bbox 1492 5581 1525 5642; x_wconf 87' lang='lat' dir='ltr'><strong>et</strong></span> <span class='ocrx_word' id='word_1_546' title='bbox 1544 5579 1724 5658; x_wconf 86' lang='lat' dir='ltr'><strong>prudenter</strong></span> <span class='ocrx_word' id='word_1_547' title='bbox 1745 5581 1806 5646; x_wconf 75' lang='lat' dir='ltr'><strong>iu·-</strong></span> 
     </span>
    </p>
   </div>
   <div class='ocr_carea' id='block_1_7' title="bbox 0 0 2142 6388">
    <p class='ocr_par' dir='ltr' id='par_1_13' title="bbox 0 0 2142 6388">
     <span class='ocr_line' id='line_1_57' title="bbox 0 0 2142 6388; baseline 0 0"><span class='ocrx_word' id='word_1_548' title='bbox 0 0 2142 6388; x_wconf 95' lang='lat' dir='ltr'><strong> </strong></span> 
     </span>
    </p>
   </div>
  </div>
 </body>
</html>
