4222 6374
325 275 371 338 87
947 285 1125 348 HONORII
1145 288 1191 349 111
1212 287 1361 352 OPERA.
1653 289 1663 303 '
1935 297 1978 358 88

330 436 403 500 viso
418 435 643 516 competenter
654 437 704 504 ibi
715 438 768 504 vel
783 438 864 502 alibi
876 442 1026 506 ecclesiae
1035 446 1125 521 Jam-

332 532 428 595 dictae
439 533 621 608 canonicis,
629 549 703 598 eam
714 537 754 598 11
763 537 895 600 clericis
907 540 1123 604 saecularibus

331 630 458 691 ordinis
478 631 653 694 dummodo
668 633 866 697 1111111111
880 636 1005 714 absque
1020 655 1122 700 scan-

331 726 418 798 dalo,
433 728 465 789 et
478 729 563 806 Juris
579 731 771 808 praejudicio
787 732 902 794 alieni.
920 736 1038 796 Datum
1053 738 1122 798 La-

330 821 450 896 terani,
463 826 493 886 11
504 842 610 889 nonas
624 827 801 902 februarii„
814 845 901 892 auno
916 832 1021 894 sento.

671 1123 778 1212 CVII

596 1277 649 1336 ,11
677 1279 844 1338 eamdem.

637 1406 747 1465 Eodem
761 1405 817 1466 die.

375 1525 418 1584 De
431 1525 567 1587 vicesima
580 1531 837 1588 aeclesiasticorum
850 1539 1039 1604 proventuum
1053 1533 1082 1590 in

423 1615 581 1674 subsidium
595 1620 689 1678 'lerna
703 1620 815 1678 Sancte
831 1619 1042 1682 convertenda.

370 1741 421 1802 Ex
435 1741 600 1818 parte-tua
615 1743 678 1806 fuit
694 1745 789 1808 nobis
806 1745 984 1809 humiliter
996 1725 1125 1824 suppliss

326 1838 452 1909 natum,
473 1843 510 1901 ut
525 1855 625 1916 quum
640 1842 798 1904 statutum
816 1844 916 1906 inerit
930 1844 1123 1905 vicesimam

240 1975 243 1984 .
329 1935 631 1998 ecclesiasticorum
651 1940 869 2014 proventuum
885 1940 920 2000 in
940 1940 1123 2001 subsidium

328 2033 441 2093 'Perrae
465 2034 595 2095 Sanctae
618 2032 846 2116 [impenderet
862 2036 962 2115 tuque
984 2037 1124 2099 donaria

226 2203 238 2208 „
330 2128 517 2190 reddituum
527 2132 659 2194 nomine
673 2134 836 2195 contineri
849 2150 915 2195 non
926 2135 1123 2207 credens,de

329 2225 413 2301 ipsis
430 2226 622 2289 vicesimam
638 2245 705 2291 non
718 2232 929 2308 persolveris,
947 2246 1047 2311 super
1060 2231 1124 2293 lrcc

330 2324 480 2384 nostrum
490 2323 550 2385 tibi
560 2325 803 2404 beneplacitum
812 2329 996 2391 rescribere
1005 2331 1125 2406 digna-

327 2429 454 2492 remur,
469 2437 489 2481 a
504 2423 667 2486 sententia
681 2425 715 2486 in
726 2426 850 2502 eosqui
862 2427 952 2488 circa
963 2427 1125 2488 bocirau·

330 2515 405 2576 dem
418 2519 660 2585 committerent
677 2523 884 2600 promulgata
899 2521 1121 2603 [eximentes],

330 2611 410 2675 licet
422 2614 458 2675 in
471 2615 534 2677 hac
549 2617 642 2694 parte
659 2619 744 2680 nihil
759 2621 869 2696 egeris
884 2620 1122 2684 fraudulenter.

330 2708 473 2770 Novaria
488 2711 590 2787 igitur
609 2715 760 2774 nostrum
779 2714 1022 2792 beneplacitum
1037 2731 1122 2788 ease,

329 2803 366 2866 ui
385 2804 426 2866 11
451 2807 600 2869 donariis
618 2809 653 2870 in
677 2827 884 2890 quacumque
904 2815 1014 2890 speeie
1029 2814 1124 2875 iactis

330 2917 469 2978 qnorum
485 2904 617 2980 singula
632 2923 798 2969 summam
807 2912 981 2986 sexaginta
994 2911 1123 2972 solido-

328 3014 404 3060 rum
422 3003 562 3064 monetae
584 3005 750 3067 Toronen.
771 3008 945 3081 excedunt,
965 3009 1123 3086 quantum

330 3098 478 3159 recolere
493 3101 627 3176 poteris,
649 3103 759 3164 solvas
780 3103 972 3166 vicesimam
987 3105 1022 3166 in
1037 3121 1126 3183 prae—

330 3193 428 3256 dictae
455 3198 566 3258 'Perrae
594 3198 779 3261 subsidium
807 3203 1073 3274 convertendam,
1104 3217 1124 3264 a

329 3290 449 3352 timere
476 3293 635 3370 praedicto
664 3297 697 3357 te
725 3311 878 3358 securum
909 3299 1130 3376 praesentium:

328 3389 528 3451 auctoritate
553 3391 745 3466 reddentes,
759 3409 834 3455 cum
860 3396 1023 3458 sententia
1051 3397 1125 3474 ipsa

330 3499 539 3564 naquaquam
558 3489 593 3549 in
613 3490 829 3566 probabiliter
851 3491 1049 3566 dubitantes,
1067 3495 1123 3556 sed

205 3660 206 3667 ἵ
332 3581 366 3643 11
396 3585 636 3648 committentes
671 3589 816 3651 scienter
843 3587 994 3652 fraudem
1025 3589 1126 3654 merit

330 3681 550 3758 promulgata.
577 3684 721 3756 Quodsi
748 3685 872 3759 forsan,
898 3703 958 3764 pro
982 3686 1125 3764 pleniori

331 3779 544 3841 conscientiae
565 3782 631 3844 tuae
652 3783 843 3856 securitate,
859 3784 1005 3846 volueris
1020 3801 1040 3846 a
1053 3801 1127 3862 pce-

330 3875 524 3938 nitentiario
539 3877 595 3940 tuo
613 3880 645 3940 ta
660 3881 857 3943 auctoritate
871 3881 984 3946 nostra
998 3884 1125 3946 secreto

330 3971 459 4062 absolvi
473 3973 577 4036 facias
588 3976 628 4037 ad
640 3977 815 4039 cautelam.
829 3979 949 4042 Datum
961 3981 997 4042 ut
1011 3995 1127 4058 supra.

664 4253 792 4342 (ΜΠ

368 4404 421 4464 Aet
433 4404 660 4478 praepositum
677 4405 711 4466 et
727 4407 914 4480 capitutum
935 4407 1083 4468 (11111111.

596 4533 763 4594 1111111111
777 4537 858 4596 lam.

336 4657 433 4720 [Fcuds
445 4659 556 4717 lloraau,
570 4661 639 4717 llas,
654 4663 673 4710 t.
686 4659 981 4724 1111111111111.
996 4657 1109 4723 aetion]

329 4775 368 4842 Ut
380 4786 594 4842 venerationem
605 4783 697 4841 beatae
715 4785 813 4842 1111111
824 4784 953 4862 Virginis
970 4781 1125 4841 hebdoma-

582 4872 677 4929 dalem
694 4873 870 4930 continuent.

370 4999 551 5074 Honorius,
587 4999 663 5068 etc„
697 4999 876 5076 praeposito
912 4999 947 5060 et
980 4997 1126 5076 capitulo

331 5097 474 5156 Gurcen.

373 5192 465 5254 Solet
479 5192 638 5266 annuere,
656 5207 762 5270 uscue
777 5193 953 5270 impertiri.
970 5195 1127 5270 exparte

330 5288 494 5366 siquidem
508 5291 621 5353 vestra
648 5290 710 5354 luit
737 5291 860 5354 nostris
887 5290 1025 5352 auribus
1045 5291 1128 5352 inti-

332 5387 468 5460 matum,
494 5387 580 5464 quod
596 5405 696 5465 quum
712 5388 747 5451 in
762 5389 904 5452 ecclesia
919 5389 1041 5464 vestra,
1054 5405 1127 5468 quae

1177 445 1214 516 in
1223 446 1350 510 bonore
1365 447 1472 512 beatae
1484 451 1601 514 Mariae
1616 467 1748 528 semper
1761 453 1910 530 Virginis
1922 455 1976 517 est

1157 543 1378 618 conpuncta,
1395 546 1499 608 semel
1525 547 1560 608 11
1588 547 1795 611 bebdomada
1826 550 1976 612 osticium

1177 641 1325 716 ejusdem
1340 643 1490 718 Virginis
1504 645 1699 708 solemniter
1713 647 1883 710 celebrare
1897 664 1977 710 con·

1178 738 1355 800 sueveritia
1371 739 1413 800 ab
1428 741 1576 817 antique,
1591 742 1632 804 11
1648 744 1860 816 Ranslroven,
1881 745 1916 806 et
1931 745 1974 806 da

1178 834 1401 912 liicbersperg
1413 839 1583 916 prepositi
1595 840 1843 916 Pabreburgen.
1856 841 1977 904 dioece-

1178 931 1812 1009 11111111111111111111111111111111
1822 939 1977 1016 Salzpur·
2066 939 2069 946 '

1178 1030 1290 1104 gensis
1314 1030 1489 1109 episcopua
1504 1034 1780 1111 metropolitanus
1794 1035 1975 1098 11111111-

1178 1127 1367 1189 sitationem
1382 1144 1451 1191 suae
1466 1131 1648 1206 provinciae
1661 1131 1803 1194 duxerat
1817 1135 1974 1197 commit-

1178 1224 1324 1298 tendum,
1339 1241 1380 1288 ne
1395 1227 1429 1288 11
1450 1227 1490 1289 11
1510 1230 1630 1290 caetero
1652 1229 1806 1292 laceratis
1821 1231 1975 1293 inhibere

1177 1322 1272 1384 vobis
1286 1339 1346 1400 pro
1359 1339 1429 1387 suae
1443 1323 1627 1388 voluntatis
1639 1324 1778 1390 arbitrio
1790 1344 1977 1406 praesump-

1178 1419 1308 1496 serunt3
1320 1425 1456 1500 propter
1468 1423 1554 1501 quod
1566 1425 1606 1485 ad
1619 1424 1738 1485 sedem
1747 1425 1974 1501 Apostolicam

1177 1517 1391 1595 appellastis,
1414 1520 1450 1582 ut
1475 1521 1631 1601 deinceps
1657 1520 1803 1584 cilicium
1826 1522 1975 1599 ejusdem

1176 1615 1336 1691 Virginis
1351 1617 1438 1678 sicut
1457 1618 1675 1681 consuevistis
1688 1618 1860 1694 hactenus,
1880 1619 1975 1681 cele-

1177 1711 1275 1774 brare
1293 1713 1335 1774 11
1359 1716 1472 1777 nostra
1493 1715 1588 1777 vobis
1606 1717 1820 1778 concessione
1841 1717 1972 1791 liceret,

1177 1809 1375 1874 inhibitione
1385 1811 1575 1889 hujusmodi
1586 1813 1821 1876 nonobstante.
1833 1817 1903 1877 Nos
1912 1815 1975 1892 igi-

1177 1907 1364 1970 turveatrls
1374 1911 1473 1986 justis
1488 1910 1766 1987 postulationibus
1781 1913 1975 1988 11111101-

1178 2005 1352 2067 currentes
1366 2021 1518 2078 assensu,
1540 2009 1737 2071 auctoritate
1762 2008 1859 2071 vobis
1881 2025 1973 2095 prae-7

1178 2101 1320 2163 sentium
1345 2103 1557 2164 concedimus
1586 2106 1763 2180 postulata.
1791 2106 1885 2168 Nulli
1912 2121 1971 2167 er-

1177 2213 1234 2274 go,
1248 2199 1323 2270 etc,
1337 2200 1370 2261 et
1384 2200 1508 2262 nostrae
1521 2200 1762 2274 concessionis,
1772 2202 1835 2264 etc.
1850 2203 1886 2264 Si
1898 2203 1974 2281 quia
2046 2211 2054 2230 ·

1178 2294 1299 2365 autem,
1328 2295 1390 2356 etc.
1406 2297 1526 2359 Datum
1541 2297 1708 2370 Laterani,
1737 2299 1767 2359 11
1790 2313 1896 2360 nonas
1918 2297 1974 2360 ie·

1177 2389 1317 2465 bruarii,
1333 2391 1546 2472 pontincaus
1562 2394 1666 2456 nostri
1681 2409 1769 2456 anno
1785 2395 1891 2458 sexto.

1534 2687 1621 2776 CIX

1177 2837 1412 2898 1111111111
1437 2837 1472 2898 et
1502 2838 1714 2900 concentum
1736 2839 1854 2900 Sancti
1873 2840 1975 2900 Petri

1429 2937 1472 2996 dc
1480 2937 1569 2997 Sella
1582 2939 1721 2998 tracen.

1438 3065 1456 3123 11
1474 3063 1607 3123 februarii
1628 3067 1706 3125 1222·
1783 3063 1786 3070 ’

1210 3187 1332 3253 measse,
1341 3189 1386 3240 lib.
1398 3187 1441 3250 VI,
1454 3177 1528 3256 epist.
1539 3190 1660 3243 1131111.
1672 3192 1707 3240 La
1717 3191 1793 3244 Porta
1804 3192 1837 3244 du
1848 3193 1942 3258 rnen]

1295 3315 1344 3372 ffl's
1353 3313 1480 3374 decimas
1494 3315 1530 3374 de
1545 3315 1695 3374 novalibus
1707 3317 1853 3376 concedit.

1219 3442 1406 3511 Honorius,
1436 3444 1510 3514 etc,
1541 3440 1672 3502 dilectis
1699 3441 1778 3501 liliis
1806 3441 1917 3505 abbati
1940 3443 1974 3507 et

1179 3539 1358 3601 conventui
1374 3541 1407 3601 S.
1425 3537 1673 3600 Petri-dasena
1687 3539 1824 3598 Trecen.

1220 3637 1350 3709 Quanto
1361 3636 1525 3697 sincerius
1534 3635 1608 3696 loca
1616 3634 1774 3710 religiosa
1788 3634 1972 3711 diligimus

1179 3735 1279 3795 tanto·
1287 3732 1443 3794 libentius
1459 3731 1633 3809 superbis,
1648 3747 1722 3808 quae
1737 3733 1885 3808 ipsorum
1898 3748 1973 3810 pros

1180 3829 1301 3892 iactum
1320 3829 1514 3907 respiciunt,
1540 3828 1688 3890 favorem
1707 3830 1758 3890 eis
1773 3829 1972 3892 benevolum

1180 3928 1399 4004 impertimur.
1416 3927 1464 3987 Ex
1486 3927 1597 3988 vestra
1619 3940 1700 3987 sane
1720 3927 1813 4003 parte
1834 3926 1896 3990 luit
1913 3943 1976 3989 no·
2013 3937 2017 3949 ·

1179 4024 1238 4085 bis
1266 4023 1437 4084 humiliter
1469 4023 1702 4101 supplicatum,
1737 4025 1774 4084 ut
1802 4039 1907 4100 quum
1933 4023 1976 4086 sit

1179 4121 1513 4182 1111111111111111
1540 4118 1709 4182 laboribus
1733 4121 1900 4182 terrarum
1915 4135 1974 4183 ac·
2081 4195 2090 4206 .

1180 4219 1369 4290 elesiarum,
1390 4233 1463 4294 quae
1477 4217 1608 4280 ratione
1618 4218 1706 4295 juris
1722 4218 1918 4294 patronatus
1933 4217 1975 4280 ad

1179 4331 1240 4378 vos
1256 4317 1407 4393 spectare
1422 4315 1615 4387 noscuntur,
1638 4315 1783 4376 decimas
1799 4315 1975 4377 111111111-

1179 4414 1301 4490 gritate
1325 4413 1497 4491 percipere
1520 4411 1695 4488 indulgere
1723 4411 1817 4473 vobis
1839 4411 1976 4472 miseri·

1119 4543 1121 4548 ·
1180 4510 1326 4572 corditer
1336 4511 1561 4586 dignaremur,
1577 4511 1609 4571 et
1624 4508 1664 4569 de
1674 4509 1786 4582 terris,
1799 4525 1872 4587 quae
1885 4508 1975 4572 inira

1180 4609 1397 4670 ecelesiarum
1424 4609 1571 4685 ipsarum
1595 4603 1780 4686 [terminos]
1806 4605 1975 4668 haberetis

1181 4706 1221 4767 de
1235 4706 1442 4782 indulgentia
1466 4705 1581 4766 nostra
1600 4703 1806 4780 percipiendi
1830 4702 1976 4764 decimas

1181 4803 1383 4866 facultatem.
1398 4804 1466 4864 Nos
1480 4817 1560 4876 ergo
1574 4801 1696 4862 vestris
1705 4801 1805 4879 justis
1824 4800 1976 4877 precibus

1180 4901 1334 4962 inclinati
1348 4898 1561 4976 praesentium
1576 4897 1672 4960 vobis
1690 4897 1888 4960 auctoritate
1902 4913 1978 4959 con·

1181 4997 1346 5071 cedimus„
1360 4998 1396 5057 ut
1408 4997 1495 5056 inira
1517 4995 1683 5056 terrarum
1698 4993 1978 5070 ipsarumtarmi·

1181 5109 1241 5156 ncs
1253 5092 1476 5156 dencvalibus
1486 5092 1657 5170 percipere
1668 5091 1815 5154 decimes
1824 5091 1974 5153 valeatis.

1181 5192 1273 5254 Nulli
1299 5206 1391 5267 argo,
1412 5191 1488 5261 etc,
1516 5190 1638 5251 nostrae
1654 5189 1892 5262 concessionis,
1912 5191 1974 5250 etc.

1183 5291 1218 5352 Si
1232 5291 1307 5368 quis
1320 5289 1442 5361 autem,
1459 5287 1521 5349 etc.
1545 5289 1663 5348 natum
1684 5287 1859 5361 Laterani,
1871 5288 1901 5348 11
1916 5301 1977 5349 no-

1182 5403 1243 5449 nas
1258 5385 1430 5458 februarii,
1448 5400 1536 5447 anno
1551 5383 1658 5447 santo·
