4244 6374
345 297 403 359 631
964 292 1142 354 HONORII
1163 291 1210 352 111
1231 291 1379 352 OPERA.
1929 292 2000 352 032

345 454 414 530 fata
426 454 542 515 domus
551 452 615 515 sita
625 451 676 516 est
685 468 760 514 cum
768 450 1136 530 omnibuspertinentiis
1231 451 1420 523 Honorius,
1454 447 1627 514 catholicae
1657 447 1815 513 Ecclesia
1852 449 1997 528 episco-

345 552 426 625 suis‚
439 551 679 628 possessiones,
703 565 785 627 quas
801 549 929 612 habetis
954 549 1137 611 incivitate
1193 563 1256 624 pus
1268 562 1316 610 ss.

344 665 384 711 ac
413 648 549 710 dioecesi
575 647 769 723 Eugubina3
797 647 1036 724 possessiones,
1054 661 1137 724 quas
1231 647 1299 720 Ego
1321 647 1405 721 Ugo,
1429 645 1577 707 Hostien.
1603 645 1637 706 et
1654 644 1835 706 velletren.
1856 645 1999 722 episco-

345 745 475 808 habetis
499 747 534 806 in
563 744 753 806 civitatibus
767 760 806 806 ac
819 744 1015 806 dioecesibus
1026 747 1136 805 Peru·
1192 756 1252 817 pos
1266 757 1310 802 se.

346 843 423 916 sin„
451 841 642 916 castellan„
660 841 797 914 Callen,
813 841 1135 917 norosempronien„
1232 841 1299 914 Ego
1321 839 1488 915 Pelagius,
1500 840 1662 902 Albanen.
1674 841 1849 917 episcopus
1864 857 1908 902 ss.

345 939 508 1011 Urbinat.,
536 940 697 1012 Arimen„
733 939 920 1010 Ferentio„
940 939 1135 1009 Bononien,
1232 939 1299 1012 Ego
1321 936 1492 1006 Nicolaus,
1509 938 1717 999 Tusculanus
1746 939 1920 1016 episcopus
1940 955 1991 1000 ss.

344 1035 514 1108 Esculan.,
530 1037 690 1108 Firman,
708 1037 929 1097 camerinen..
945 1036 1135 1107 heriman,
1232 1035 1300 1109 Ego
1322 1034 1439 1104 Gnido,
1460 1036 1655 1096 Praenestin.
1672 1037 1850 1112 episcopus
1865 1053 1909 1096 ss.

343 1133 669 1205 Anconitan.,Esin.,
682 1133 1135 1209 senogalien.,etSpoletan.,
1233 1132 1300 1205 Ego
1323 1133 1400 1196 Leo,
1417 1131 1504 1192 tituli
1525 1133 1655 1194 Sanctae
1677 1133 1793 1193 Crucis
1810 1133 1845 1193 in
1859 1134 1991 1193 Hieru-

344 1246 419 1292 cum
428 1231 543 1308 pratis,
557 1226 676 1302 vineis,
693 1231 804 1300 terris,
821 1230 1022 1302 nemoribus,
1037 1245 1139 1291 usna·
1193 1226 1296 1288 salem
1311 1227 1484 1304 presbyter
1498 1229 1681 1290 cardinalis
1695 1245 1740 1290 ss.

343 1327 408 1404 giis
437 1328 469 1389 et
488 1328 633 1404 pascuis,
650 1326 799 1389 inbosco
814 1329 847 1390 et
862 1328 972 1404 plane,
989 1329 1025 1388 iu
1042 1329 1137 1405 aquis
1232 1326 1300 1400 Ego
1323 1325 1521 1402 Stephanae,
1538 1325 1686 1388 basilicae
1698 1326 1872 1388 duodecim
1884 1343 1991 1405 apos·

343 1425 377 1486 et
390 1423 600 1495 molendinis,
614 1424 721 1485 inviis
739 1426 772 1487 et
784 1425 922 1496 semitis,
940 1425 972 1487 et
986 1424 1138 1487 omnibus
1192 1421 1336 1482 telorum
1349 1422 1525 1500 presbyter
1539 1423 1719 1484 cardinalis
1736 1440 1781 1484 ss.

344 1521 420 1582 aliis
455 1520 676 1594 libertatibus,
703 1524 736 1583 et
762 1522 1027 1584 immunitatibus
1056 1523 1135 1583 suis.
1232 1520 1300 1595 Ego
1313 1519 1467 1592 Thomas,
1479 1520 1568 1582 tituli
1580 1523 1709 1583 Sanctae
1720 1521 1883 1582 Praxedis
1896 1537 1990 1598 pres·

308 1657 314 1670 ι
343 1619 449 1689 Quum
473 1617 584 1679 autem
608 1619 764 1694 generale
796 1618 1007 1681 interdictum
1039 1622 1138 1682 terrae
1193 1614 1288 1692 byter
1303 1616 1485 1678 cardinalis
1496 1634 1541 1678 ss.
1572 1624 1574 1628 ’

342 1714 444 1777 fuerit
459 1715 558 1776 liceat
583 1715 678 1778 vobis
694 1717 924 1790 nihilominus,
941 1717 975 1777 in
997 1716 1138 1778 ecclesia
1234 1716 1301 1789 Ego
1310 1714 1522 1786 Octavianus,
1537 1715 1732 1777 Sanctorum
1741 1714 1892 1790 Sergiiet
1902 1717 1990 1778 Bao-

341 1813 465 1884 vestra,
476 1813 622 1874 exclusis
635 1815 930 1876 excommunicatis
939 1815 972 1875 et
985 1814 1139 1877 interdic·
1193 1810 1247 1871 chi
1262 1810 1421 1872 diaconus
1434 1812 1615 1874 cardinalis
1631 1829 1674 1872 ss.

340 1909 396 1981 tis,
414 1909 527 1970 divina
547 1909 658 1971 officia
672 1910 853 1971 celebrare.
879 1911 1029 1972 chrisma
1045 1927 1135 1984 vero,
1231 1910 1299 1984 Ego
1312 1909 1503 1985 Gregorius,
1516 1909 1630 1970 Sancti
1645 1908 1810 1971 Theodori
1825 1899 1987 1972 dlaconus

341 2006 450 2067 oleum
478 2007 646 2079 sanctum,
681 2007 949 2069 consecrationes
981 2009 1137 2069 altarium
1193 2005 1373 2066 cardinalis
1389 2023 1432 2067 ss.

341 2118 400 2164 sen
426 2102 661 2176 basilicarum,
688 2105 914 2166 ordinationes
939 2105 1137 2166 clericorum
1233 2105 1300 2178 Ego
1324 2104 1524 2180 Stephanus,
1542 2103 1656 2166 Sancti
1671 2103 1808 2166 Adriani
1825 2103 1987 2166 diaconus

342 2201 542 2272 vestrorum,
567 2201 623 2278 qui
647 2201 688 2261 ad
712 2217 826 2264 sacros
854 2202 988 2263 ordines
1012 2201 1138 2264 fuerint
1193 2201 1375 2262 cardinalis
1388 2217 1432 2262 ss.

343 2297 570 2372 promovendi,
587 2313 606 2358 a
625 2298 813 2360 dioecesano
842 2300 1031 2376 suscipietis
1049 2301 1139 2376 epis·
1233 2299 1301 2372 Ego
1323 2300 1452 2370 Petrus,
1466 2299 1578 2360 Sancti
1592 2297 1904 2374 Georgiiadvelum
1917 2301 1986 2360 Au-

342 2409 437 2470 copo,
452 2395 614 2471 siquidem
625 2396 808 2457 catholicus
821 2396 931 2468 fuerit,
945 2398 977 2459 et
990 2413 1139 2458 commu·
1192 2409 1285 2456 reum
1296 2397 1456 2458 diaconus
1467 2396 1647 2458 cardinalis
1660 2411 1704 2456 ss.

342 2492 477 2553 aionem
498 2493 718 2554 sacrosanctae
732 2497 889 2554 Romanae
902 2494 995 2556 Sedis
1011 2494 1139 2557 habue-
1233 2494 1352 2554 Datum
1388 2494 1555 2566 Laterani,
1579 2509 1638 2570 per
1670 2480 1805 2554 manum
1833 2493 1985 2570 magistri

341 2588 397 2660 rit,
414 2589 553 2650 etvobis
576 2591 722 2653 voluerit
745 2590 823 2652 siue
841 2593 1004 2668 pravitate
1026 2592 1137 2669 aliqua
1193 2590 1363 2663 cuidonis,
1408 2591 1533 2652 domini
1560 2606 1653 2668 papae
1678 2591 1811 2659 notarii,
1840 2591 1884 2651 llI
1909 2590 1985 2651 idus

342 2685 886 2765 exhibere.Alioquinliceatvcbis
899 2705 1137 2767 quemcumque
1192 2687 1283 2756 maii,
1309 2687 1489 2749 indictione
1510 2690 1583 2760 Xll,
1607 2689 1849 2750 incarnationis
1869 2687 1985 2748 Domi-

340 2782 525 2845 malueritis
541 2783 742 2846 catholicum
757 2786 850 2848 adire
866 2787 1061 2857 antistitem,
1080 2787 1137 2863 qui
1193 2785 1276 2846 nicae
1305 2800 1392 2846 anno
1431 2787 1631 2858 MCCXXIV,
1661 2784 1872 2863 pontificatus
1903 2798 1984 2846 vero

341 2879 455 2941 nostra
471 2880 575 2942 fretus
586 2882 783 2944 auctoritate
796 2882 901 2954 nobie,
919 2883 1006 2959 qnod
1018 2884 1135 2960 postu·
1192 2897 1280 2944 anno
1294 2883 1423 2944 octavo.

338 2974 441 3046 latur.
456 2978 635 3055 impendat.
651 2979 700 3040 Ad
718 2980 790 3040 haec
804 2995 908 3042 nouas
925 2979 958 3040 et
969 2979 1137 3041 indebitas

340 3075 533 3136 exactiones
549 3075 591 3136 ab
616 3077 889 3153 archiepiscopis,
913 3077 1088 3153 episcopis,
1105 3080 1138 3139 et

339 3171 417 3232 aliis
428 3172 580 3233 omnibus
600 3165 762 3245 ecclesiis,
780 3173 1039 3235 saecularibusve
1060 3190 1138 3251 per·
1513 3167 1666 3256 CCXIV

341 3269 434 3329 sonis
447 3270 483 3330 in
500 3269 596 3331 domo
612 3271 724 3332 vestra
739 3270 873 3332 omnino
887 3270 960 3331 fleri
975 3271 1135 3348 prohibe-

340 3381 425 3426 mus.
455 3366 601 3428 Obeunte
625 3370 761 3436 verote,
789 3383 878 3429 nunc
899 3369 1048 3444 ejusdem
1072 3369 1136 3431 loci

340 3465 463 3539 priore,
491 3464 544 3524 vel
569 3466 701 3526 tuorum
724 3464 871 3542 quolibet
892 3481 1134 3539 successorum,

339 3561 454 3621 nullus
468 3562 515 3624 ibi
531 3562 678 3639 qualibet
699 3563 922 3640 subreptionis
938 3564 1061 3626 astutia
1077 3580 1136 3626 seu
1485 3561 1518 3619 ld
1532 3561 1600 3618 maii
1610 3562 1689 3620 litt.

338 3657 499 3720 violentia
526 3662 755 3736 praeponatur,
786 3661 851 3722 nisi
884 3676 981 3738 quem
1017 3661 1136 3723 iratres
1311 3682 1491 3748 [Wurdtwaia
1502 3683 1574 3735 hova
1588 3683 1711 3742 subsidia,
1723 3685 1790 3744 xlll,
1805 3685 1874 3752 alh]

340 3757 692 3831 communiconsensu,
709 3758 762 3820 vel
777 3757 916 3820 fratrum
929 3775 1006 3836 pars
1022 3759 1136 3821 consi-

339 3853 377 3915 lii
406 3855 550 3917 senioris
577 3857 758 3918 secundnm
796 3857 899 3917 Deum
932 3855 1137 3932 providerint

339 3952 543 4028 eligendnm3
569 3953 652 4013 illud
674 3953 856 4015 districtius
880 3953 1079 4027 inhibentes,
1094 3971 1136 4016 ne
1232 3952 1896 4029 Honoriusepiscopus‚servusservorum
1907 3955 1980 4027 Dei,

337 4049 458 4119 terras,
486 4066 546 4112 seu
573 4050 740 4128 quodlibet
766 4050 963 4112 beneficium
985 4051 1135 4113 ecclesiae
1190 4050 1319 4112 dilectis
1335 4049 1413 4110 filiis
1426 4050 1538 4112 abbati
1554 4049 1774 4114 etconventui
1788 4053 1981 4115 monasterii

337 4147 457 4208 vestre
483 4147 640 4208 collatum
666 4147 766 4209 liceat
789 4147 892 4208 alicui
916 4149 1135 4225 personaliter
1189 4148 1435 4220 Novientensis,
1453 4147 1604 4220 salutem,
1620 4150 1681 4211 etc.

337 4243 421 4314 dari,
450 4243 520 4304 sive
546 4244 612 4305 alio
634 4245 730 4306 modo
756 4244 898 4306 alienari
913 4244 1037 4322 absque
1053 4261 1135 4307 con·
1230 4246 1335 4316 Quum
1350 4261 1369 4305 a
1385 4245 1480 4306 nobis
1495 4246 1618 4321 petitur
1641 4245 1726 4323 quod
1736 4248 1862 4323 justum
1878 4247 1929 4308 est
1949 4247 1982 4309 et

339 4354 439 4400 sensu
467 4341 615 4401 omnium
635 4340 785 4412 fratrum,
812 4341 864 4402 vel
879 4343 1017 4418 majone
1032 4345 1065 4405 et
1079 4359 1135 4404 sa·
1190 4341 1376 4412 honestum,
1392 4341 1460 4402 tam
1482 4341 1578 4416 vigor
1592 4343 1758 4419 aequitatis
1780 4358 1879 4419 quam
1898 4343 1979 4404 ordo

1231 3328 1283 3387 Ad
1300 3327 1504 3389 abbatemet
1519 3329 1725 3392 conventam
1739 3328 1946 3391 serasera

1455 3424 1710 3485 Noeteotensls.

1296 3816 1439 3888 Quasdam
1451 3819 1648 3891 possessiones
1660 3819 1702 3876 ais
1714 3817 1874 3878 confirmat.

337 4436 442 4497 nioris
471 4437 576 4513 partis
604 4453 730 4499 eorum.
768 4441 907 4514 Insuper
933 4439 1133 4502 auctoritate
1190 4437 1294 4514 exigit
1304 4437 1455 4510 rationis,
1473 4440 1509 4499 ut
1522 4439 1555 4499 id
1576 4453 1636 4514 per
1657 4439 1914 4500 sollicitudinem
1930 4440 1982 4500 ol-

335 4532 429 4596 vobis
440 4535 630 4611 Apostolica
646 4535 801 4598 duximus
825 4537 1082 4609 concedendum,
1098 4543 1134 4599 ut
1189 4535 1256 4596 ficii
1273 4535 1378 4596 nostri
1394 4535 1435 4596 ad
1446 4535 1591 4596 debitum
1602 4536 1805 4612 perducatur
1814 4536 1978 4598 effectum.

339 4633 614 4711 quandocumque
635 4633 808 4710 injudicio
827 4649 886 4696 vos
901 4636 1036 4710 gravari
1051 4651 1131 4697 sen·
1228 4635 1274 4693 Ea
1289 4633 1432 4708 propter,
1446 4632 1558 4694 dilecti
1570 4633 1604 4692 in
1618 4634 1757 4695 Domino
1773 4633 1846 4706 dlii,
1861 4633 1981 4696 vestris

337 4731 460 4804 seritis,
485 4731 585 4793 liceat
608 4731 701 4793 vobis
717 4731 758 4792 ad
778 4732 894 4794 Sedem
909 4732 1131 4808 Apostolicam
1184 4730 1285 4806 justis
1312 4729 1465 4806 precibus
1481 4729 1644 4802 inclinati,
1669 4731 1710 4790 de
1733 4730 1842 4802 Sulza,
1859 4730 1899 4790 de
1915 4733 1980 4791 Sa-

335 4829 515 4905 appellare.
526 4830 692 4892 Praeterea
709 4846 823 4891 omnes
838 4830 1009 4891 libertates
1024 4831 1056 4891 et
1075 4831 1133 4890 im·
1188 4841 1297 4887 merao
1309 4828 1341 4888 et
1355 4826 1395 4887 de
1412 4826 1644 4903 Sigoltezheim
1660 4829 1693 4889 et
1711 4828 1745 4888 in
1766 4827 1980 4888 Baldenheim

335 4929 514 4989 munitates
524 4943 542 4988 a
554 4927 854 5004 praedecessoribus
870 4927 994 4988 nostris
1007 4929 1133 4988 Roma·
1188 4923 1334 5001 capellas
1347 4940 1421 4984 cum
1436 4924 1569 4986 allodiis
1580 4925 1613 4987 et
1627 4924 1838 5001 pertinentiis
1848 4939 1983 4986 earnm-

334 5025 388 5086 nis
404 5024 614 5102 pontificibus
629 5025 723 5086 vobis
746 5039 932 5095 concessas,
956 5039 1084 5085 necnon
1099 5026 1133 5086 et
1188 5022 1273 5093 dem,
1288 5037 1369 5097 quas
1381 5020 1422 5082 ab
1433 5022 1564 5098 inclytae
1578 5022 1820 5083 recordationis
1836 5023 1981 5084 Henrico

335 5122 506 5184 libertates
519 5124 552 5184 et
562 5122 791 5199 exemptiones
804 5121 1015 5182 saecularium
1030 5137 1132 5182 exac-
1187 5118 1331 5180 secundo
1356 5122 1579 5181 Romanorum
1593 5119 1802 5196 imperatore,
1820 5118 1983 5181 diaecesa-

335 5219 498 5282 ticnnma
528 5219 674 5294 regibus,
692 5219 725 5280 et
742 5217 948 5295 principibus
978 5217 1030 5279 rel
1055 5219 1131 5279 aliis
1187 5231 1304 5278 norum
1326 5216 1556 5292 episcoporum
1582 5217 1614 5276 ct
1642 5197 1864 5292 capitulorum
1890 5216 1982 5292 ipso-

334 5315 488 5377 fidelibus
501 5316 743 5377 rationabiliter
752 5315 846 5377 vobis
859 5314 1005 5376 indultas
1017 5316 1133 5377 aucto·
1186 5329 1260 5373 rum
1285 5313 1467 5374 deliberato
1500 5327 1675 5385 consensu,
1698 5327 1758 5389 pro
1780 5312 1982 5376 liberalitate

335 5414 435 5477 ritate
449 5413 639 5490 Apostolica
650 5413 895 5484 confirmamus,
909 5415 942 5474 et
955 5413 1131 5490 praesentis
1187 5411 1372 5488 proponitis
1387 5409 1591 5473 monasterio
1608 5413 1719 5472 vestro
1730 5425 1918 5484 concessas,
1934 5411 1984 5472 si-

334 5513 449 5588 scripti
456 5511 641 5588 patrocinio
652 5511 905 5572 communimus.
918 5512 1131 5572 Decernimus
1187 5508 1242 5569 cut
1256 5523 1314 5569 eas
1325 5507 1426 5584 juste,
1442 5507 1602 5569 canonice
1625 5509 1659 5568 et
1672 5507 1811 5584 pacifice
1822 5508 1982 5584 possidet,

335 5623 426 5683 ergo
442 5609 504 5672 etc.
1186 5608 1218 5668 et
1231 5605 1266 5666 in
1278 5605 1454 5681 privilegio
1466 5603 1677 5682 imperatoris
1687 5605 1835 5683 ejusdem
1848 5605 1981 5682 plenins
