4262 6382
339 293 398 356 783
950 297 1127 358 ttottotttt
1149 297 1194 356 111
1216 297 1364 358 OPERA.
1921 293 1982 351 tat

339 455 534 532 quinimmo
552 457 762 518 immemores
777 456 946 517 nibilesse
962 455 1130 517 infelicius
1185 456 1323 528 auxilio,
1349 455 1461 516 errata
1483 453 1640 530 corrigat,
1659 453 1692 514 et
1715 453 1899 514 deformata
1920 469 1979 514 re-

338 553 498 614 ielicitate
520 553 740 630 peccantium,
754 552 915 614 adversus
938 553 1131 614 1111111111-
1185 553 1433 624 1ο111111,1111111
1455 550 1587 622 evellat,
1608 551 1801 628 plantetque
1820 549 1978 623 salubria,

339 651 422 710 siam
438 651 635 726 glorientur,
652 653 684 710 et
699 650 734 710 in
747 649 798 710 sui
812 650 936 710 erroris
951 665 1132 725 argumen-
1185 651 1357 727 ipsamque
1381 651 1506 711 terram
1528 647 1586 709 diu
1601 647 1745 709 obsitam
1761 647 1910 708 sentibus
1923 648 1979 709 vi-

337 750 406 809 tum
423 749 456 809 et
471 747 755 808 confirmationem
771 749 956 818 assumant,
973 746 1059 823 quod
1081 747 1130 806 eis
1184 748 1318 818 tiorum,
1329 744 1981 822 etfructusiniquitatisacamaritudinis

339 845 472 906 videtur
487 845 602 906 contra
628 844 810 905 catholicos
826 844 1038 911 successisse,
1064 857 1130 904 non
1186 844 1418 921 proferentem,
1435 843 1562 904 fructus
1581 843 1714 920 pietatis
1732 843 1765 903 et
1784 842 1978 914 dulcedinis,

338 943 545 1003 attendentes
560 941 647 1002 tilios
660 941 775 1014 Israel,
793 941 994 1018 peculiarem
1021 957 1129 1018 popu·
1185 943 1321 1002 auctore
1336 943 1414 1012 Deo,
1432 941 1532 1002 iaciat
1547 939 1747 1016 germinare.
1765 941 1806 1001 Et
1825 941 1981 1016 quoniam

338 1040 408 1100 lum
436 1039 580 1110 Domini,
601 1037 755 1114 gentibus
771 1055 855 1116 quas
880 1040 951 1116 ipse
972 1039 1131 1100 Dominus
1185 1039 1349 1100 auxilium
1375 1038 1541 1100 carissimi
1568 1039 1603 1098 in
1631 1036 1763 1099 Christo
1791 1037 1854 1097 tilii
1875 1037 1982 1099 nostri

339 1137 464 1207 oderat,
484 1136 697 1197 succubuisse
713 1137 915 1214 frequenter,
946 1151 985 1196 ao
1000 1135 1131 1196 demum

338 1236 454 1308 gentes
482 1233 626 1306 easdem,
656 1232 697 1294 ab
723 1234 805 1310 ipsis
834 1233 968 1294 omnino
992 1231 1129 1302 deletas,

338 1329 463 1392 trustra
472 1330 511 1390 de
524 1329 646 1391 habitis
655 1331 804 1392 victoriis
813 1330 1010 1392 exsultasse.
1024 1333 1133 1402 Quan-

339 1429 549 1505 tumcumque
564 1429 673 1488 autem
693 1428 791 1488 navis
805 1427 962 1489 Ecclesiae
985 1426 1131 1504 ipsorum

338 1525 493 1588 fluctibus
518 1525 681 1597 videatur,
708 1528 776 1586 Deo
800 1525 1021 1602 permittente,
1046 1538 1130 1585 cou-

338 1637 447 1694 cussa,
465 1638 525 1684 nos
540 1625 662 1694 tamem
679 1622 762 1684 certi
774 1622 859 1699 quod
874 1621 996 1699 illequi
1010 1637 1046 1682 se
1058 1635 1132 1681 oum

338 1735 377 1781 ea
390 1719 542 1797 promisit
554 1735 658 1798 usque
671 1720 712 1780 ad
728 1719 826 1781 linem
843 1719 957 1782 saeculi
972 1733 1131 1796 perman-

339 1833 465 1889 surum,
491 1833 553 1879 nec
587 1819 826 1894 permissurum
859 1817 946 1894 quod
973 1816 1131 1877 adversus

338 1931 411 1977 eam
426 1915 629 1992 praevaleant
644 1915 746 1991 portae
755 1915 881 1985 mortis,
892 1929 965 1975 eam
975 1913 1011 1973 in
1021 1913 1133 1988 nujus·

338 2014 427 2074 modi
444 2013 601 2074 fluctuum
616 2012 806 2074 turbatione
830 2027 897 2072 non
917 2011 1057 2080 deseret,
1075 2009 1132 2070 sed

339 2111 449 2172 ventis
477 2111 510 2172 et
538 2110 635 2182 mari,
665 2125 738 2170 cum
772 2111 902 2186 tempus
934 2107 1132 2184 beneplaciti

340 2211 413 2285 ejus
429 2207 612 2278 advenerit,
628 2205 813 2282 imperabit,
828 2204 991 2282 simulque
1000 2219 1134 2280 speran-

339 2305 390 2365 tes
406 2304 503 2380 quod,
521 2307 821 2380 quantumcumque
836 2303 880 2363 sit
894 2304 1041 2378 ipsorum
1052 2301 1132 2363 obs-

339 2403 447 2464 tinata
479 2401 602 2462 duritia
632 2401 666 2462 et
696 2400 913 2476 desperabilis
937 2400 1046 2476 plaga,
1076 2398 1133 2458 ille

341 2500 452 2561 tamen
466 2499 520 2577 qui
534 2498 690 2560 dictatam
706 2499 741 2558 in
757 2498 924 2558 Ninivitas
938 2496 1133 2558 subversio·

342 2597 394 2656 nis
431 2597 628 2657 sententiam
663 2594 923 2659 misericorditer
950 2593 1131 2660 revocavit,

340 2693 449 2754 adhuc
464 2693 655 2768 dignabitur
668 2693 790 2754 terram
805 2691 910 2767 ipsam
926 2705 1002 2752 rore
1017 2689 1133 2766 gratiae

249 2783 251 2788 ’
340 2786 1133 2868 suaepertundere,acdelapidtbustltisnhranae

341 2889 428 2950 illios
444 2889 617 2950 suscitare.

380 2989 463 3047 Ecce
485 2985 735 3046 dilectissimum
763 2984 868 3044 illium
890 2984 1040 3044 nostrum
1060 2984 1131 3045 Ro·

339 3100 473 3146 manum
496 3083 609 3144 Sancti
630 3082 748 3157 Angeli
772 3081 949 3142 diaconum
971 3081 1132 3141 cardina·

338 3183 418 3254 lem,
446 3181 554 3241 virum
589 3180 721 3255 generis
744 3179 778 3240 et
802 3193 930 3238 morum
959 3177 1133 3240 nobilitate

339 3279 548 3356 praeclarum,
565 3277 750 3342 constantia
773 3275 1005 3352 industriaque
1030 3291 1132 3338 cons-

341 3377 489 3452 picuum,
524 3377 557 3435 et
592 3373 687 3434 nobis
724 3373 812 3434 inter
843 3373 981 3433 caeteros
1014 3371 1133 3433 iratres

341 3474 471 3534 nostros
496 3470 613 3530 merito
638 3485 708 3529 suae
731 3469 904 3544 probitatis
924 3483 1038 3530 carum
1054 3485 1133 3545 spe-

341 3569 472 3630 cialiter
486 3569 519 3629 et
533 3567 713 3642 acceptum,
729 3566 809 3626 illuc
832 3565 1035 3642 providimus
1059 3566 1135 3626 des-

340 3666 530 3736 tinandum,
560 3665 610 3735 ut,
638 3664 808 3741 praeeunte
845 3663 967 3724 divinae
1000 3664 1134 3740 pietatis

377 3845 418 3918 (1)
441 3843 574 3902 blandato
593 3840 756 3917 Apostolico
777 3839 939 3910 obsecutus,
958 3855 1034 3901 anno
1055 3841 1134 3910 tiit,

343 3924 407 4044 Rost
430 3916 503 3973 diem
534 3913 734 3974 conversionis
756 3913 798 3994 .S·.
813 3913 892 3968 Pauli
917 3913 964 4038 528
988 3911 1134 3996 januarii),

368 4001 504 4054 omanus,
532 3985 674 4041 celebrato
700 3983 816 4040 narrans
840 3983 961 4038 concito
992 3983 1134 4054 generali,

341 4057 436 4114 emisit
459 4054 762 4112 excommunicationis
790 4051 935 4109 decretum
963 4060 1061 4108 contra
1086 4067 1136 4108 eos

341 4129 388 4200 qui
405 4128 550 4184 molestias
565 4125 698 4182 allerrent
710 4125 836 4180 Francia
855 4124 918 4196 regi
937 4123 1136 4194 crucesignato

342 4199 479 4256 adversus
504 4195 685 4268 albigenses,
713 4195 796 4265 eique
826 4192 967 4249 decimam
996 4192 1135 4249 bonorum

343 4268 599 4325 ecclesiasticorum
623 4265 764 4322 concessit
786 4260 821 4319 ad
843 4263 1066 4334 quinquennium
1089 4263 1133 4319 lit·

344 4340 412 4395 teris
427 4352 497 4408 quas
512 4338 610 4391 recitat
625 4336 780 4392 llarteuius
795 4335 899 4390 Anccd.
916 4341 936 4390 t.
953 4335 975 4400 l,
991 4335 1045 4390 col.
1061 4334 1112 4390 931
1127 4349 1133 4388 :

380 4429 391 4457 ι
409 4406 567 4464 Venerabili
583 4409 611 4460 in
626 4405 736 4462 Cnristo
747 4403 832 4531 Rani,
855 4404 904 4460 Dei
924 4404 1026 4475 gratia,
1047 4406 1133 4461 Roto-

343 4478 474 4551 magensi
501 4475 724 4546 archiepiscopo,

344 4548 438 4608 Sancti
458 4542 886 4618 11111111(111111111111111111111,
907 4544 940 4601 Α.
963 4545 991 4600 S.
1012 4544 1133 4616 legatus,

343 4621 513 4678 salutemet
537 4618 676 4674 sinceram
702 4615 730 4670 in
754 4614 875 4670 Domino
897 4615 1055 4671 caritatem.
1078 4616 1136 4672 ilex

343 4705 444 4774 regum
462 4696 490 4745 ot
509 4685 647 4744 Dominus
665 4683 873 4742 dominantium
896 4686 979 4742 lesus
997 4683 1134 4754 Christus,

342 4775 390 4834 qut
408 4775 439 4818 se
458 4773 522 4816 curn
538 4759 658 4814 ecclesia
672 4771 722 4812 sua
740 4755 869 4828 promisit
882 4769 973 4826 usque
992 4753 1027 4810 ad
1049 4753 1135 4812 linem

342 4832 437 4889 soeculi
453 4841 682 4902 permansurum,
702 4841 755 4883 nec
774 4826 978 4898 permissurum
991 4824 1066 4898 quod
1083 4826 1132 4882 ad-

343 4918 444 4960 vorsus
469 4915 532 4958 enm
565 4899 663 4954 mortis
694 4905 781 4970 porta
815 4897 1001 4968 prevaleant,
1035 4897 1136 4952 nolens

343 4973 474 5031 eamdem
488 4973 516 5026 in
532 4969 666 5024 lluctuunr
683 4968 841 5025 turbatione
857 4965 994 5037 deiicere3
1011 4967 1039 5022 in
1054 4967 1135 5038 cujus

344 5059 429 5102 tnanu
452 5049 517 5098 sunt
538 5040 634 5096 omnia
656 5038 741 5094 corda
764 5045 995 5110 regulumque
1014 5038 1136 5094 voluerit

342 5119 426 5172 vertit
443 5113 500 5180 illa,
516 5109 616 5167 diebus
636 5110 696 5166 istis
718 5108 753 5164 ed
773 5107 974 5164 relevationem
993 5107 1132 5179 eiusdem,

342 5203 405 5260 quie
431 5181 636 5246 nviserabiliter,
663 5180 787 5251 pcccatis
813 5179 917 5235 nostris
944 5179 1133 5262 exigentibus,

342 5263 403 5314 erat
417 5253 452 5310 ab
463 5252 585 5309 inimicis
596 5251 674 5323 pacis
688 5256 717 5305 et
731 5247 796 5306 fidei
810 5247 955 5320 depressa,
970 5249 1136 5305 intrabiliter

342 5324 503 5401 operando,
523 5323 601 5394 regis
625 5321 751 5378 Francia
775 5321 888 5377 illustris
911 5319 1005 5388 cordi,
1025 5320 1134 5376 ratione

771 4487 902 4542 omanus,
922 4473 1022 4530 cadem
1042 4475 1135 4546 gratia

1186 1135 1361 1208 Ludovici,
1397 1135 1486 1212 regis
1522 1136 1725 1196 Francorum
1761 1134 1914 1206 illustris,
1949 1135 1985 1195 et

1186 1233 1279 1309 regni
1293 1235 1375 1310 ejus,
1391 1231 1496 1292 estad
1511 1230 1583 1292 haec
1598 1230 1750 1292 iacienda
1773 1231 1879 1291 modis
1903 1247 1981 1292 om·

1186 1328 1979 1405 nibusnecessarium,aliaquenegotiainregno

1186 1427 1258 1504 ipso
1286 1427 1386 1488 habet
1414 1426 1516 1487 Sedes
1541 1424 1733 1502 Apostolica
1762 1425 1979 1502 pertractare,

1187 1525 1295 1585 eidem
1309 1523 1483 1596 cardinali,
1498 1520 1565 1584 tam
1581 1523 1615 1582 in
1630 1523 1746 1584 eodem
1760 1537 1864 1598 regno
1884 1539 1982 1600 quam

1187 1622 1222 1683 in
1237 1621 1415 1684 Provincia
1434 1637 1564 1682 necnon
1586 1621 1621 1680 in
1642 1621 1904 1693 tarantasiensi,
1920 1620 1982 1681 Bi-

1187 1719 1386 1790 suntinensi,
1411 1717 1657 1791 Ebredunensi,
1682 1718 1840 1796 aquensi,
1866 1718 1985 1779 Arela-

1186 1817 1275 1878 tensi
1297 1819 1331 1880 et
1351 1817 1535 1878 Viennensi
1556 1816 1749 1893 provinciis,
1766 1815 1873 1893 plenae
1888 1815 1985 1892 lega-

1186 1915 1287 1976 tionis
1323 1913 1469 1975 oilicium
1503 1913 1658 1974 duximus
1697 1913 1981 1985 committendum,

1187 2012 1264 2074 data
1294 2011 1358 2072 sibi
1389 2011 1494 2072 libera
1525 2011 1686 2088 potestate
1722 2010 1912 2072 destruendi
1950 2011 1986 2071 et

1187 2109 1363 2182 evellendi,
1387 2108 1574 2170 aedificandi
1596 2112 1695 2185 atque
1717 2107 1901 2185 plantandi,
1918 2107 1985 2167 dis-

1188 2207 1341 2284 ponendi,
1372 2205 1561 2278 ordinandi,
1590 2205 1768 2278 statuendi,
1798 2204 1985 2265 diffiniendi

1188 2305 1221 2366 et
1244 2303 1386 2365 faciendi
1413 2319 1640 2380 quaecumque,
1667 2303 1848 2364 secundum
1872 2302 1983 2363 datam

1188 2400 1252 2462 sibi
1279 2404 1387 2462 aDeo
1417 2399 1638 2476 prudentiam,
1666 2399 1789 2460 viderit
1818 2398 1980 2460 iacienda.

1188 2499 1332 2575 Ideoque
1347 2497 1557 2559 universitati
1577 2498 1696 2558 vestrae
1718 2512 1778 2573 per
1793 2496 1984 2574 Apostolica

1189 2595 1315 2672 scripta
1332 2593 1527 2655 mandamus
1542 2595 1574 2656 et
1589 2593 1737 2654 districte
1759 2595 1981 2670 precipimus,

1189 2694 1351 2770 quatenus
1372 2692 1480 2768 ipsum
1503 2691 1590 2752 sicut
1603 2689 1801 2767 Apostolicae
1825 2690 1919 2752 Sedis
1934 2691 1985 2752 le-

1188 2791 1312 2864 gatum,
1329 2789 1430 2849 immo
1444 2789 1558 2849 verius
1583 2803 1642 2848 nos
1664 2789 1699 2848 in
1724 2788 1796 2865 ipso
1813 2789 1982 2850 studentes

1189 2887 1306 2948 devote
1320 2887 1472 2962 recipere
1496 2901 1536 2946 ac
1557 2884 1741 2946 honorilice
1765 2886 1981 2962 pertractare,

1189 2983 1318 3060 sibique
1344 2983 1524 3059 diligenter
1544 2997 1584 3044 ac
1610 2982 1753 3043 tideliter
1774 2983 1981 3054 assistentes,

1189 3081 1294 3157 ipsius
1309 3079 1455 3141 salubria
1467 3079 1592 3140 monita
1604 3080 1637 3141 et
1647 3079 1801 3140 mandata
1812 3080 1984 3156 recipiatis

1189 3178 1373 3245 humiliter,
1408 3179 1441 3239 et
1475 3175 1753 3252 irrefragabiliter
1787 3175 1982 3238 observetis.

1189 3277 1258 3337 Nos
1271 3275 1359 3336 enim
1373 3274 1554 3336 sententias
1568 3289 1649 3350 quas
1666 3271 1911 3334 rationabiliter
1929 3277 1986 3334 tu-

1189 3374 1266 3434 lerit
1280 3373 1314 3432 in
1329 3371 1481 3442 rebelles,
1495 3370 1587 3431 ratas
1610 3369 1804 3431 habebimus
1826 3371 1860 3431 et
1880 3369 1986 3430 lacie-

1190 3487 1273 3542 mus,
1308 3471 1444 3532 auctore
1476 3471 1554 3539 Deo,
1589 3467 1829 3528 inviolabiliter
1863 3467 1983 3528 obser-

1189 3568 1262 3628 vari
1279 3566 1339 3646 (1).
1355 3569 1474 3628 Datum
1490 3565 1657 3640 Laterani,
1680 3566 1740 3625 XV
1763 3563 1831 3625 kal.
1856 3565 1982 3633 martii,

1190 3680 1278 3726 anno
1294 3678 1392 3725 nono.

1190 3842 1358 3916 insignitus,
1380 3839 1415 3898 ad
1434 3839 1612 3913 parcendam
1627 3847 1732 3896 terram
1747 3840 1824 3898 illam
1839 3841 1876 3898 ab
1894 3839 1985 3898 11111-

1190 3914 1244 3970 tica
1262 3913 1410 3985 pravitate,
1429 3919 1457 3968 et
1472 3881 1507 3967 ad
1527 3912 1729 3968 relevationem
1744 3911 1774 3967 in
1789 3911 1844 3968 illis
1856 3911 1987 3984 partibus

1190 3984 1326 4040 Ecclesia
1345 3983 1407 4050 Dei,
1423 3997 1486 4053 quta
1499 3979 1558 4054 jam
1579 3995 1643 4038 esse
1662 3979 1798 4038 subversa
1813 3983 1926 4064 penitus
1940 3983 1983 4040 vi-

1191 4054 1309 4110 debatur
1325 4069 1332 4110 :
1347 4067 1412 4110 cum
1427 4066 1484 4122 quo
1499 4053 1593 4124 plures
1612 4050 1829 4124 archiepiscopi,
1845 4052 1983 4179 alpiscopt

1190 4125 1310 4180 comites
1328 4131 1356 4179 et
1374 4122 1511 4190 barones,
1532 4127 1561 4177 et
1580 4129 1731 4194 magnates
1755 4123 1838 4194 regni
1881 4127 1986 4180 runcise

1190 4196 1283 4251 crucis
1294 4193 1423 4249 similiter
1436 4201 1653 4264 assumpserunt
1667 4190 1888 4274 [signaculum];
1901 4207 1985 4265 prop·

1191 4271 1234 4322 ter
1247 4263 1322 4336 quod
1337 4261 1470 4319 eumdem
1486 4276 1595 4334 regem,
1613 4261 1749 4318 familiam
1768 4277 1850 4319 suam
1870 4271 1898 4318 et
1917 4278 1982 4335 reg-

1191 4349 1258 4392 num
1274 4349 1368 4401 suum,
1382 4339 1411 4390 et
1424 4346 1526 4389 omues
1541 4333 1589 4404 qui
1607 4333 1635 4387 iu
1655 4331 1711 4389 boo
1730 4334 1846 4406 negotio
1862 4332 1942 4390 ibum
1956 4340 1986 4389 et

1191 4405 1376 4478 personaliter
1399 4400 1579 4471 laborabunt,
1600 4403 1629 4457 ln
1653 4403 1783 4460 ecclesie
1809 4405 1985 4475 protectione

1190 4476 1383 4605 ἓ1ὲ111111111111,
1419 4471 1544 4545 quandiu
1579 4471 1682 4529 luerint
1712 4473 1890 4530 inservitis
1918 4475 1986 4531 Jesu

1232 4546 1303 4602 risti.

1228 4639 1239 4667 ι
1252 4614 1541 4674 lixoommunicamus
1549 4620 1578 4670 et
1588 4613 1864 4671 excommunicatum
1875 4613 1983 4671 denun-

1190 4687 1300 4744 ciamus
1325 4685 1515 4742 llaimundum
1540 4683 1627 4740 lilium
1653 4685 1684 4740 ll.
1706 4683 1849 4756 quondam
1873 4685 1986 4742 comitis

1190 4757 1334 4825 Tolosani,
1349 4755 1482 4818 lautores,
1504 4755 1660 4825 complices
1678 4768 1755 4820 suos,
1772 4761 1800 4810 ct
1817 4769 1917 4811 omnes
1934 4756 1984 4882 gui

1190 4829 1340 4884 consilium
1361 4833 1390 4883 et
1409 4825 1544 4881 auxilium
1564 4823 1657 4880 eidem
1676 4823 1806 4881 dederint
1824 4833 1921 4882 contra
1957 4841 1985 4882 o

1190 4899 1306 4956 clesiam
1320 4898 1370 4954 Dei
1385 4904 1412 4952 11
1428 4896 1512 4954 iidem
1527 4893 1713 4952 christianam
1729 4903 1757 4952 et
1771 4903 1870 4952 contra
1885 4910 1984 4968 regem

1190 4970 1327 5032 Francia,
1359 4969 1407 5039 qui
1440 4981 1491 5038 pro
1524 4964 1624 5021 cadem
1655 4963 1832 5021 defendenda
1864 4965 1982 5024 laborat.

1190 5042 1260 5096 ltem
1281 5039 1563 5095 excommunicamus
1582 5049 1683 5092 omnes
1697 5036 1760 5092 illos
1779 5036 1825 5107 qui
1846 5050 1982 5108 guerrea·

1189 5111 1258 5166 bunt
1276 5110 1323 5165 vel
1341 5106 1477 5164 invadent
1496 5121 1617 5179 rognum
1638 5107 1775 5173 Francia,
1792 5107 1853 5162 sive
1872 5107 1929 5165 sint
1947 5107 1985 5165 dc

1189 5195 1294 5252 regno,
1319 5179 1380 5236 sive
1405 5177 1440 5234 dc
1464 5185 1542 5233 extra
1569 5191 1691 5248 regnum
1712 5192 1719 5233 :
1740 5184 1899 5234 statuentes
1917 5186 1947 5235 ut
1967 5195 1984 5236 a

1188 5250 1329 5307 sententie
1361 5247 1664 5306 excommunicationis
1692 5247 1853 5304 nullatcnus
1885 5247 1982 5306 absol-

1189 5328 1301 5388 vantur,
1317 5318 1409 5376 donec
1422 5317 1458 5374 de
1474 5317 1588 5374 damnis
1602 5325 1630 5374 11
1647 5317 1756 5389 iniuriis
1775 5315 1850 5374 dicto
1869 5319 1931 5391 regi
1954 5328 1985 5378 et

342 5389 1133 5470 1113111111,11111111111111,111111111111111111111
1188 5393 1248 5449 suis
1280 5387 1470 5448 satisfecerint
1501 5395 1711 5459 competenter,
1741 5395 1769 5446 et
1798 5388 1986 5461 egrediantur

341 5469 475 5535 iaciente,
490 5463 637 5537 negotium
653 5462 731 5534 pacis
746 5469 775 5518 et
793 5461 858 5519 ildei
873 5467 970 5518 contra
986 5459 1135 5517 hereticos
1188 5476 1310 5534 regnum
1328 5461 1366 5516 illi
1381 5466 1582 5533 guerreetores
1596 5465 1623 5514 et
1638 5459 1785 5515 invasores
1799 5460 1847 5530 qui
1862 5467 1929 5516 sunt
1947 5461 1985 5519 de

342 5548 424 5597 terrae
442 5535 606 5609 Albigensis
625 5533 653 5590 lu
669 5548 700 5589 se
714 5547 863 5590 assumens
879 5531 914 5587 sd
930 5531 1066 5588 bonorem
1083 5531 1134 5588 Dei
1188 5541 1265 5589 extra
1279 5545 1411 5603 regnum.
1428 5532 1498 5586 item
1514 5529 1797 5586 excommunicamus
1809 5543 1909 5587 omues
1919 5531 1985 5590 illos

340 5618 370 5668 et
384 5608 523 5676 ecclesie,
540 5605 633 5664 crucis
647 5603 768 5661 vivificas
783 5617 798 5658 a
815 5601 896 5658 nobis
911 5609 953 5658 est
968 5600 1133 5659 charactere
1188 5603 1235 5675 qui
1251 5611 1317 5660 sunt
1330 5600 1367 5658 de
1382 5614 1472 5673 regno
1488 5601 1625 5667 Francia,
1642 5600 1691 5671 qui
1706 5601 1780 5656 iuter
1796 5615 1829 5656 se
1848 5615 1984 5673 guerram
