4222 6374
778 328 1005 394 EPISTOLAE.
1029 333 1106 394 LIB.
1130 333 1184 396 VI.
1745 337 1803 400 122

482 493 634 583 CXLVI
1009 490 1176 555 ternitatls
1186 490 1253 555 tuae
1264 490 1416 570 precibus
1428 491 1591 568 inclinati,
1603 495 1802 560 auctoritate

1009 588 1071 650 tibi
1093 588 1306 666 praesentium
1326 589 1545 667 indulgemus,
1563 593 1600 655 ut
1613 593 1803 656 contradic-

1009 685 1099 747 tione
1125 702 1306 763 paucorum
1334 687 1513 750 temeraria
1543 704 1610 750 non
1637 689 1798 764 obstante,

432 781 469 839 bil
486 782 579 839 martii
599 782 677 840 lm.
889 821 893 832 ι
1008 783 1122 844 valeas
1138 799 1212 844 cum
1228 783 1347 860 majori
1366 783 1400 846 et
1413 783 1541 846 saniori
1556 787 1649 863 parte
1664 787 1801 864 capituli
1927 779 1934 787 ’

188 911 570 980 fflepest.,ltb.vl,epist.ael.
585 915 928 981 cataractarum]
1005 881 1103 956 Juxta
1132 880 1280 956 ejusdem
1315 881 1438 943 statuta
1470 881 1610 943 Concilii
1643 885 1801 946 vacantes

282 646 540 720 Adeptscopum
548 646 834 710 szoctoacnscm.

724 1039 730 1052 .
762 1039 768 1053 .
1009 975 1203 1052 praebendas
1223 976 1263 1038 de
1278 978 1429 1055 personis
1444 977 1573 1041 idoneis
1588 981 1723 1056 provide
1745 996 1802 1043 or-

162 1036 296 1110 ¹¹¹d¹²¹⁸⁰¹
314 1041 355 1102 ω’
377 1050 435 1136 ΠΨ
455 1037 588 1138 smmum.
603 1038 827 1139 ‘'qmffldwufflfe
849 1053 954 1140 ΡΜ
1010 1072 1137 1134 dinare.
1154 1074 1420 1137 contradictores
1434 1090 1679 1152 percensuram
1694 1054 1803 1140 eccle-v

197 1140 271 1196 rum,
285 1139 350 1184 cum
370 1139 471 1199 maron
485 1131 514 1184 ct
527 1140 635 1184 saniori
649 1133 729 1200 parte
743 1127 869 1200 capituli,
882 1142 954 1200 pra·

197 1211 306 1271 bendes
328 1220 464 1272 vacantes
491 1213 527 1271 de
552 1213 683 1286 personis
706 1214 817 1274 idoneis
836 1215 955 1290 provide
1011 1169 1191 1243 Siastifflmi
1223 1171 1444 1248 appellatmne
1475 1173 1680 1281 ,1³⁰⁸t1'95st32
1711 1189 1802 1234 ⁰⁰⁰¹·

197 1300 330 1360 0,de
343 1302 446 1359 valeat.
1010 1267 1185 1341 poscendo.
1210 1269 1330 1329 Datum
1354 1271 1525 1344 Anagnlae,
1546 1271 1624 1330 XIII
1640 1269 1802 1332 kalendas

201 1427 380 1498 Honorius,
401 1427 476 1498 etc,
489 1425 674 1492 venerabili
688 1427 785 1490 iratri
798 1427 955 1507 episcopo
1010 1364 1137 1441 apnhs'
1154 1365 1365 1442 mmmmm
1378 1367 1486 1428 ¹¹⁰⁸tr¹
1498 1382 1587 1430 ΜΟ
1601 1367 1706 1430 ⁸⁰¹t0·

161 1525 369 1588 Xanctonen.
578 1599 580 1606 Α

203 1622 284 1684 Cum
306 1619 413 1698 turpis
436 1619 481 1682 sit
503 1635 581 1698 pars
604 1637 664 1684 suo
691 1621 752 1686 toti
777 1637 845 1684 non
868 1637 954 1686 con-

165 1732 301 1794 gruans,
315 1717 383 1778 imo
397 1733 459 1779 nec
474 1733 552 1794 pars
567 1719 611 1780 sit
624 1718 726 1783 etiam
740 1719 955 1792 nominanda,
1318 1656 1492 1746 CXLVII

161 1830 236 1892 puae
264 1813 305 1876 ab
331 1814 522 1890 mtegritate
548 1816 685 1888 recedit,
701 1815 875 1892 indignum
893 1817 953 1890 est,
1155 1806 1208 1866 Ad
1220 1807 1434 1869 ῙιθΜθυΐθθη·
1450 1810 1666 1883 Optimum

160 1912 199 1972 ut
217 1911 246 1974 si
267 1912 443 1990 quisquam
466 1927 510 1972 ex
531 1911 597 1980 his,
619 1912 677 1989 qui
699 1911 818 1976 debent
836 1912 955 1974 ambu·
1291 1936 1325 1994 tl
1340 1938 1433 1995 martii
1446 1938 1526 1996 1222

160 2007 234 2070 lare
257 2009 293 2068 in
319 2008 416 2070 domo
437 2007 569 2070 Domini
595 2023 669 2070 cum
693 2023 868 2081 consensu,
883 2021 956 2070 ser-

159 2104 272 2166 vando
294 2104 329 2165 in
348 2104 482 2166 vinculo
503 2104 596 2180 pacis
619 2105 755 2183 spiritus
780 2105 952 2178 unitatem,

159 2215 229 2262 non
244 2201 384 2264 rationis
395 2201 571 2278 judidum,
592 2201 648 2262 sed
668 2202 838 2278 proprium
853 2218 954 2265 secu.
1009 2177 1145 2238 Concedit
1157 2187 1189 2238 ut
1202 2179 1238 2240 de
1255 2182 1435 2242 assumendis
1453 2183 1600 2242 canonicis
1618 2191 1669 2243 aut
1681 2184 1717 2244 de
1730 2201 1801 2246 con·

89 2343 95 2354 .
160 2299 215 2360 tus
223 2296 565 2373 affectumaprovida
578 2297 805 2360 universitatis
816 2299 955 2378 disposI·
1044 2265 1170 2326 sefendss
1188 2268 1345 2370 bff⁰⁸fl⁰ii⁸2
1372 2285 1438 2330 ⁶⁰¹³
1457 2271 1558 2356 ΨΗῙΟΓῙ
1580 2281 1661 2347 9⁸⁸⁰
1686 2273 1803 2350 ⁰⁸1³³t¹¹¹¹

160 2394 252 2456 tione
263 2393 425 2466 dissentit,
435 2394 471 2454 in
480 2408 542 2458 suo
552 2395 762 2471 permittetur
769 2396 954 2474 prevalere
1045 2370 1133 2430 ⁸3⁰‘e
1148 2363 1248 2430 ¹³⁰⁸⁸¹²'

160 2491 324 2562 dissensu,
347 2507 389 2552 ne
414 2492 584 2568 contingat
619 2492 740 2555 exinde
770 2493 954 2570 protectum
1049 2491 1228 2564 Honorius,
1251 2491 1328 2564 etc,
1347 2491 1533 2558 venerabili
1558 2493 1654 2556 fratri
1680 2496 1802 2558 Lemo-

161 2587 327 2650 retardari
357 2599 575 2650 communem.
603 2589 758 2652 Exhibita
791 2589 955 2666 siquidem
1009 2584 1117 2647 vicen.
1133 2589 1300 2664 episcopo.

1037 2053 1155 2120 marest,
1166 2055 1211 2108 lib.
1225 2056 1268 2120 Vl,
1281 2058 1355 2123 epist.
1366 2059 1421 2110 iil.
1434 2061 1493 2110 llss.
1507 2059 1776 2126 imperterritam]

162 2683 260 2746 noble
277 2686 331 2746 tua
346 2685 461 2760 petitio
477 2687 671 2758 reservavit,
688 2685 773 2763 qnod
784 2686 955 2764 siquando
1016 2725 1020 2733 -
1049 2685 1099 2744 Ex
1112 2685 1206 2760 parte
1229 2686 1287 2747 tua
1309 2683 1371 2749 luit
1385 2687 1590 2766 propositum
1614 2703 1727 2751 coram
1741 2705 1803 2752 no-

161 2780 357 2858 prabendas
367 2782 403 2842 in
414 2781 555 2846 ecclesia
564 2784 771 2844 xanctonen.
785 2785 952 2855 vacantes,
1009 2777 1060 2839 hle
1086 2779 1172 2855 quod
1195 2782 1231 2842 in
1256 2781 1464 2847 Lemovicen.
1480 2784 1623 2846 ecclesia
1649 2785 1802 2863 quasdam
1886 2823 1889 2831 ·

164 2893 305 2955 quarum
327 2878 459 2942 collatio
482 2879 523 2940 ad
545 2881 589 2951 tc,
611 2893 651 2940 ac
665 2879 844 2956 capitulum
859 2896 954 2942 com-
1010 2876 1212 2939 consuetudo
1237 2879 1338 2939 noxia
1362 2879 1512 2951 inolevit,
1540 2881 1627 2956 quod
1647 2881 1805 2945 videlicet

163 2975 309 3038 muniter
335 2975 485 3036 noscitur
512 2975 690 3052 pertinere,
711 2976 761 3038 vis
788 2992 854 3038 une
880 2993 955 3040 cum
1010 2972 1039 3032 si
1054 2975 1161 3049 major
1180 2989 1258 3050 pars
1282 2975 1418 3051 capituli
1442 2977 1590 3052 ejusdem
1612 2978 1801 3052 conveniat,

163 3071 279 3134 eodem
299 3071 446 3149 capitulo
469 3071 510 3132 de
535 3073 686 3148 personis
710 3073 841 3136 idoneis
860 3073 955 3136 ordi·
1011 3069 1044 3130 et
1056 3071 1281 3132 concordetde
1295 3071 1462 3148 aliquibus
1473 3073 1509 3134 in
1523 3075 1703 3136 canonicos
1714 3089 1806 3138 assu·

162 3184 256 3241 nare,
274 3168 407 3246 quidam
432 3185 475 3230 ex
501 3168 596 3246 ipsis,
612 3169 815 3232 ordinationi
841 3185 877 3232 se
900 3170 954 3232 te·
1011 3166 1149 3240 mendis,
1160 3167 1213 3229 rel
1227 3165 1438 3230 conferendis
1452 3167 1623 3232 benedciis
1634 3171 1675 3232 ad
1688 3187 1804 3234 eorum

149 3281 253 3330 mere
266 3264 479 3342 opponentes,
487 3280 529 3326 ne
538 3266 695 3342 procedat
707 3267 792 3344 quod
803 3281 824 3328 a
836 3267 957 3344 majori
1011 3263 1223 3326 donationem
1239 3265 1475 3342 spectantibus,
1495 3269 1556 3328 aut
1569 3269 1646 3330 aliis
1661 3269 1804 3345 negotiis

163 3365 198 3426 et
224 3363 351 3424 saniori
379 3364 474 3438 parte
507 3362 712 3438 proponitur,
745 3363 812 3424 nisi
839 3363 954 3440 aliqui,
1011 3361 1162 3423 ecclesiae
1177 3361 1383 3434 ordinandis,
1401 3365 1433 3426 et
1450 3378 1540 3426 unus
1565 3365 1655 3426 solus
1677 3365 1718 3427 de
1732 3367 1806 3443 ipso

163 3477 245 3538 quos
283 3459 347 3536 ipsi
373 3459 542 3520 voluerint
572 3458 781 3534 ordinentur,
808 3459 956 3538 improbe
1011 3457 1158 3533 capitulo
1172 3459 1387 3532 contradicat,
1404 3460 1547 3522 aliorum
1570 3463 1725 3524 voluntas
1744 3477 1805 3524 suo

163 3557 379 3629 reluctantur,
393 3556 674 3630 consuetudinem,
687 3558 875 3634 juramento
893 3556 955 3619 tir·
1011 3554 1138 3616 carebit
1151 3555 1282 3617 effectu.
1298 3557 1392 3617 Unde
1404 3572 1503 3634 quum
1518 3573 1578 3634 per
1589 3559 1652 3620 boc
1672 3561 1806 3635 negotia

162 3655 298 3726 mamm,
312 3669 411 3731 quem
426 3653 539 3716 dicunt
552 3653 750 3730 apostolica
770 3653 864 3718 sedis
881 3653 955 3731 pri·
1010 3651 1116 3727 ipsius
1142 3651 1292 3714 ecclesiae
1313 3652 1504 3716 inordinata
1525 3654 1717 3718 multotiens
1747 3671 1806 3717 re·

163 3750 957 3828 vilegioroboratam,praetendentesabusam,se·
1011 3747 1215 3825 linquantur,
1243 3749 1441 3826 apostolicae
1469 3752 1670 3827 provisionis
1696 3767 1806 3814 reme-

164 3848 307 3910 cundum
321 3863 420 3924 quam
435 3862 495 3924 pro
511 3861 550 3908 eo
565 3846 651 3923 quod
669 3848 705 3908 in
721 3848 836 3909 eodem
851 3847 958 3924 privi-
1010 3845 1101 3906 dium
1129 3846 1325 3923 implorasti.
1354 3848 1423 3908 Nos
1453 3847 1557 3923 igliur
1586 3841 1810 3923 praesentium'

163 3945 253 4021 legio
268 3944 459 4006 continetur
472 3944 508 4005 ut
517 3943 646 4016 nullus,
662 3943 729 4006 nisi
740 3944 780 4005 de
791 3944 957 4006 communi
1011 3940 1072 4004 tibi
1084 3941 1292 4015 auctoritate,
1305 3942 1346 4004 de
1358 3943 1567 4020 providentia
1578 3943 1716 4022 speciali
1725 3959 1808 4006 con-

164 4058 304 4105 assensu
335 4041 476 4104 fratrum
508 4041 689 4102 secundum
724 4040 955 4103 rationabilem
1014 4038 1173 4111 cedimus,
1187 4040 1224 4101 ut
1247 4038 1277 4100 si
1300 4039 1373 4100 duae
1392 4040 1504 4117 partes
1525 4040 1656 4116 praefati
1670 4041 1807 4119 capituli

162 4140 269 4218 ipsius
295 4138 445 4201 ecclesIae
467 4137 740 4200 consuetudinem
772 4139 956 4200 canonicus
1012 4135 1298 4213 concordaverint,
1313 4137 1371 4198 aut
1389 4136 1430 4198 de
1444 4137 1653 4198 assumendis
1668 4139 1808 4200 canoni-

163 4236 358 4299 instituatnr
385 4235 523 4310 ibidem,
552 4235 709 4296 asserunt
737 4235 823 4312 quod
849 4235 878 4296 si
903 4235 957 4297 vel
1012 4231 1072 4302 cle,
1095 4234 1154 4295 aut
1176 4232 1218 4294 de
1241 4231 1412 4296 beneflciis
1431 4232 1653 4308 conterendis,
1668 4250 1740 4298 -seu
1763 4234 1805 4324 de

165 4347 251 4396 unus
270 4332 446 4394 dissentiat
457 4331 499 4394 ad
513 4331 767 4406 ordinationem,
778 4331 957 4410 procedere
1012 4329 1088 4390 aliis
1104 4329 1254 4391 ecclesiae
1273 4330 1416 4407 negotiis
1440 4330 1578 4408 provide
1599 4330 1806 4407 ordinandis,

163 4431 332 4507 nequeunt
351 4428 511 4492 universi.
539 4430 589 4490 Ne
616 4427 721 4504 igitur
753 4430 956 4492 consuetudo
1012 4428 1060 4499 tu,
1074 4426 1456 4490 aliorumnonobstaute
1468 4428 1631 4501 dissensu,
1645 4429 1679 4490 id
1694 4429 1806 4507 inquo

164 4525 366 4604 hujusmodi,
378 4541 452 4604 quae
468 4524 608 4588 dicenda
624 4525 677 4586 est
696 4525 804 4601 potius
819 4541 959 4604 corrup-
1013 4522 1086 4584 duae
1108 4524 1219 4600 partes
1239 4523 1377 4601 provida
1403 4523 1644 4587 deliberatione
1665 4539 1807 4588 consen-

164 4621 242 4696 tela,
270 4622 488 4700 praejudicare
511 4621 708 4684 Lateranen.
730 4621 878 4684 Concilio
900 4624 956 4684 vi-
1013 4619 1130 4692 serint,
1145 4619 1259 4682 valeas
1274 4636 1348 4682 cum
1364 4621 1500 4693 eisdem,
1516 4621 1738 4698 appellatione
1752 4638 1809 4684 re·

166 4719 297 4790 deatur,
320 4735 384 4796 quo
399 4717 536 4795 provide
551 4718 710 4780 statutum
726 4720 787 4790 est,
804 4733 847 4782 ne
872 4719 958 4796 qnod
1013 4717 1113 4788 mota,
1126 4716 1808 4792 perducereadeffectum;contradictores
1925 4721 1929 4730 ’

165 4833 186 4878 a
209 4815 329 4893 majori
354 4816 389 4879 et
412 4814 538 4876 saniori
562 4815 657 4892 parte
671 4814 808 4890 capiluli
823 4815 959 4891 provide
1013 4829 1073 4890 per
1097 4828 1272 4874 censuram
1293 4813 1566 4886 ecclesiastcam,
1583 4814 1807 4891 appellatione

165 4913 341 4976 ordinatur
374 4911 591 4973 contradictio
619 4910 802 4987 praepediet
830 4925 957 4987 pauco·
1013 4909 1206 4988 postposita,
1234 4909 1483 4986 compescendo.
1496 4910 1589 4970 Nulli
1610 4924 1701 4986 ergo,
1727 4910 1804 4982 etc,

165 5026 252 5082 rum,
268 5009 334 5072 nisi
354 5008 449 5085 parte
468 5006 681 5088 paucioribus
703 5007 828 5084 aliquid
852 5008 958 5070 ratio-
1013 5008 1136 5068 nostrae
1152 5007 1377 5070 concessionis
1391 5005 1585 5081 infringere.
1602 5006 1664 5068 etc.
1681 5006 1717 5068 Si
1732 5007 1807 5086 quis

166 5103 279 5166 nabile
297 5103 461 5180 objectum
480 5102 580 5164 luerit
603 5103 636 5164 et
657 5104 837 5172 ostensum,
856 5118 959 5180 quare
1014 5105 1135 5176 autem,
1157 5103 1218 5166 etc.
1246 5103 1365 5168 Datum
1382 5103 1561 5182 anagmae,
1571 5105 1633 5165 XII
1647 5102 1808 5166 kalendas

166 5201 200 5262 id
216 5201 288 5264 deri
300 5215 367 5262 non
383 5198 509 5272 debeat,
523 5197 576 5262 vel
592 5215 659 5262 non
673 5200 788 5276 possit
804 5201 874 5264 Nos
888 5199 959 5262 ira·
1016 5201 1144 5280 aprilis,
1161 5216 1249 5265 anno
1264 5201 1369 5264 sexto.
