4274 6388
270 287 272 295 ⁴
324 267 386 330 287
942 256 1118 328 HONORII
1139 263 1184 326 lli
1205 260 1353 328 cinni:
1903 261 1965 331 288

325 427 437 505 legere
451 423 709 496 contemnentes,
731 421 858 500 quassi
881 421 1047 486 interdum
1061 423 1115 486 le·
1170 423 1258 487 hum
1281 422 1464 501 Hospitalis
1483 423 1614 486 Sanctae
1635 421 1752 484 biariae
1780 421 1965 487 Theutoni-

306 583 309 592 ,
326 525 438 602 gerini
451 521 674 598 vilipendunt,
684 521 778 582 Unde
791 518 906 580 clerici
918 521 951 582 et
961 520 1040 582 laici
1054 535 1115 582 su·
1171 530 1285 582 corum
1301 519 1596 597 Hierosolymitani
1609 519 1798 596 apostolica
1813 534 1874 580 nos
1889 534 1965 580 con-

325 621 453 684 mentes
487 618 660 680 audaciam
690 616 850 678 adversus
881 631 938 678 eos
966 616 1116 678 securius
1170 618 1262 679 venit
1283 617 1507 680 sollicitudine
1530 616 1716 694 providere,
1734 617 1766 678 et
1782 617 1848 677 tam
1873 615 1964 692 ipsos

323 716 539 786 insolescunt,
555 715 784 790 eleemosynas
806 713 840 774 et
862 711 1024 774 beneficia
1039 711 1117 772 sub·
1171 729 1269 791 quam
1284 729 1400 776 eorum
1418 714 1504 774 bona
1527 715 1621 774 tanto
1642 713 1818 774 sollicitius
1833 711 1965 774 amali·

323 811 461 876 trahunt
473 811 648 885 consueta;
677 810 849 870 invasores
865 823 994 886 quoque
1006 808 1115 868 bono·
1170 825 1311 886 gnorum
1326 809 1515 872 incursibus
1529 813 1561 872 et
1573 810 1701 886 rapinis
1716 810 1868 871 tenemur
1881 823 1963 885 pro-

325 925 400 970 rum
418 908 565 986 ipsorum
586 907 726 968 fratrum
745 921 812 966 non
837 905 991 980 arguunt,
1007 905 1116 964 sedin
1170 907 1293 982 tegere,
1311 907 1433 983 quanto
1455 922 1515 983 pro
1535 905 1599 967 fide
1619 905 1794 966 christiani
1818 905 1964 967 nominis

324 1005 553 1066 familiaritate
577 1019 637 1065 sua
664 1002 843 1078 recipiunt,
878 1001 998 1062 fratres
1025 1000 1116 1076 ipsos
1171 1019 1207 1064 se
1219 1003 1481 1064 diuturnioribus
1496 1003 1668 1078 exponunt
1683 1001 1840 1078 periculis
1856 1005 1889 1064 et
1898 1003 1963 1064 ad-

326 1101 581 1164 intolerabiliter
603 1099 836 1176 deprimentes,
860 1113 942 1174 quos
966 1111 1025 1173 pro
1046 1112 1116 1158 suae
1171 1115 1289 1162 versus
1304 1115 1426 1176 pravas
1450 1100 1483 1162 et
1502 1100 1634 1162 exieras
1656 1099 1809 1160 nationes
1831 1098 1963 1160 labores

324 1197 497 1274 religionis
510 1197 682 1258 honestate
694 1195 852 1258 deberent
861 1194 1020 1256 attentius
1036 1209 1117 1255 con·
1171 1195 1313 1258 subeunt
1322 1197 1505 1270 graviores.
1515 1196 1596 1258 Inde
1609 1196 1669 1267 est,
1682 1195 1768 1271 quod
1778 1197 1846 1256 tam
1860 1195 1963 1258 fortes

325 1294 449 1357 fovere.
475 1293 580 1365 Unde,
606 1293 763 1370 qnoniam
793 1306 974 1367 gravamen
1002 1305 1116 1350 eorum
1171 1292 1293 1354 Christi
1309 1293 1451 1354 athletas
1465 1294 1501 1353 in
1517 1307 1577 1353 suo
1589 1293 1703 1356 sancto
1717 1293 1888 1370 proposito
1897 1309 1962 1354 vo-

313 1391 417 1456 tanto
430 1391 539 1452 minus
550 1390 702 1452 volumus
716 1389 751 1449 in
764 1388 924 1464 patientia
936 1386 1113 1456 sustinere,
1170 1389 1277 1450 lentes
1292 1390 1450 1452 attentius
1470 1389 1657 1461 confovere,
1680 1391 1720 1450 ad
1736 1389 1963 1452 defensionem

326 1488 449 1566 quanto
457 1487 592 1563 gravius
597 1487 687 1564 justo
701 1485 895 1562 DeiJudicic
906 1482 1116 1559 permittente
1171 1486 1225 1546 sui
1248 1486 1506 1548 sollicitudinem
1529 1489 1675 1548 vestram
1694 1486 1849 1548 duximus
1871 1503 1963 1548 com-

320 1585 450 1663 jugiter
481 1585 570 1660 ipsos
598 1582 726 1646 inimici
762 1581 938 1644 christiani
972 1579 1116 1640 nominis
1171 1583 1379 1655 monendam,
1397 1585 1433 1644 ut
1451 1584 1557 1659 magis
1577 1599 1617 1645 ac
1642 1583 1748 1659 magis
1770 1584 1898 1660 possint
1918 1584 1961 1646 ad

327 1678 1117 1760 persequuntur,universitadvestraeperapos-
1172 1680 1431 1756 promovendum
1453 1681 1670 1756 propositum,
1698 1680 1784 1758 quod
1811 1696 1962 1758 sumpse-

326 1778 427 1842 tolica
442 1779 566 1854 scripta
585 1777 779 1839 mandamus
803 1777 837 1836 et
860 1775 895 1834 in
919 1773 1115 1836 obedientiae
1171 1777 1259 1848 runt,
1275 1776 1459 1842 intendere.
1479 1793 1579 1854 quum
1595 1777 1719 1838 inerint
1738 1776 1961 1839 sollicitudine

327 1877 451 1941 virtute
463 1874 686 1952 praecipimus,
701 1873 864 1948 quatenus
879 1871 1019 1941 litteras,
1033 1885 1115 1946 quas
1171 1874 1384 1948 praelatorum
1399 1874 1549 1936 ecclesiae
1562 1889 1582 1936 a
1595 1874 1815 1949 malignorum
1830 1873 1963 1950 inquie-

325 1989 386 2050 pro
411 1973 459 2034 eis
481 1972 666 2045 dirigimus,
704 1969 774 2028 sive
794 1967 968 2042 generales
993 1965 1116 2026 fuerint
1169 1969 1295 2030 tatione
1322 1971 1443 2031 securi.
1463 1974 1634 2032 Monemns
1660 1972 1771 2048 itaque
1789 1971 1962 2033 universi-

203 2093 211 2112 *
326 2070 396 2130 eive
410 2068 511 2129 ctiam
526 2065 699 2143 speciales,
714 2063 884 2140 recipiatis
899 2062 1071 2124 humiliter
1083 2062 1116 2123 et
1168 2065 1423 2128 tatemvestram
1435 2069 1533 2143 atque
1546 2068 1768 2143 praecipimus,
1782 2069 1958 2143 quatenus,

326 2163 468 2226 fideliter
502 2163 688 2240 exponatis,
716 2161 883 2237 subjectos
914 2159 1042 2220 vestros
1073 2157 1114 2218 ad
1169 2161 1344 2236 siquando
1360 2163 1541 2224 clericivel
1558 2163 1635 2224 laici
1650 2161 1961 2239 parochianivestri

324 2261 552 2338 eleemosynas
584 2261 617 2322 et
641 2257 802 2320 beneficia
836 2255 934 2318 solita
962 2253 1114 2315 sollicitis
1169 2257 1204 2318 in
1223 2257 1367 2334 aliquem
1387 2257 1620 2334 praedictorum
1639 2258 1778 2320 fratrum
1799 2258 1960 2334 capiendo

326 2358 463 2420 monitis
476 2357 509 2420 et
531 2353 818 2418 exhortationihus
837 2351 1031 2427 diligentius
1058 2351 1115 2410 in·
1169 2353 1221 2414 vel
1237 2355 1277 2416 de
1293 2355 1362 2415 suis
1387 2355 1584 2432 equitaturis
1606 2355 1791 2432 dejiciendo
1804 2357 1862 2416 aut
1875 2355 1961 2416 alias

326 2455 494 2528 ducentes,
511 2453 631 2515 fratres
646 2453 756 2514 autem
778 2450 921 2524 benigne
943 2448 1114 2525 recipiatis
1169 2450 1344 2512 inhoneste
1369 2452 1541 2514 tractando
1563 2451 1726 2513 violentas
1748 2467 1866 2512 manus
1882 2451 1962 2528 inji-

325 2554 359 2616 et
372 2553 511 2614 honeste
531 2549 681 2613 tractetis
704 2547 861 2610 attentius
885 2543 1063 2622 provisuri,
1079 2545 1115 2606 ut
1169 2547 1272 2621 ciunt,
1303 2549 1494 2626 hujusmodi
1532 2550 1801 2626 praesumptores,
1831 2548 1961 2610 sublato

325 2649 366 2710 de
379 2647 593 2724 parochianis
608 2644 728 2707 vestris
743 2643 796 2704 vel
811 2643 851 2704 de
866 2641 1006 2702 subditis
1025 2640 1113 2713 aliis,
1169 2646 1402 2722 appellationis
1421 2647 1602 2720 obstaculo,
1626 2647 1776 2708 accensis
1800 2646 1959 2719 candelis,

325 2745 355 2806 si
378 2745 548 2823 querelam
571 2741 759 2811 detulerint,
781 2741 871 2816 ipsos
893 2738 934 2800 ad
950 2737 1114 2799 exhiben—
1169 2743 1329 2805 dilatione
1357 2745 1390 2805 et
1413 2745 1587 2807 occasione
1611 2743 1803 2821 postposita,
1826 2758 1962 2804 excom-

323 2842 399 2904 dam
407 2840 572 2918 justitiam
583 2839 671 2899 omni
682 2837 791 2912 gratia
802 2838 835 2897 et
848 2835 968 2898 timore
979 2835 1115 2910 postpc-
1169 2840 1354 2902 muricatos
1378 2839 1509 2916 publice
1530 2839 1690 2901 nuntietis
1711 2841 1744 2900 et
1766 2838 1922 2902 tamdiuf
1943 2870 1962 2885 -

323 2938 397 3000 sitis
423 2936 584 2999 canonica
604 2934 781 2996 severitate
807 2932 945 3006 cogatis,
966 2931 1013 2992 ita
1029 2930 1114 3007 quod
1169 2937 1266 2999 ciatis
1280 2937 1813 3000 sicutexcommunicatosarctius
1826 2937 1958 3008 evitari,

321 3035 442 3096 fratres
457 3033 520 3109 ipsi
536 3048 579 3094 ex
593 3031 796 3106 negligentia
810 3029 920 3090 vestra
938 3027 1114 3088 adsedem
1169 3031 1274 3094 ‹lonec
1293 3049 1391 3108 passo
1410 3033 1566 3110 inJ'uriam
1586 3049 1732 3108 congrue
1754 3033 1962 3096 satisfaciant

323 3130 547 3208 apostolicam
559 3142 626 3189 non
647 3126 815 3199 laborent;
839 3124 955 3185 scituri
971 3123 1068 3199 quod,
1085 3123 1114 3183 Si
1169 3130 1202 3192 et
1227 3145 1287 3205 pro
1315 3131 1534 3193 absolutionis
1561 3130 1722 3192 beneflcio
1751 3130 1960 3206 impetrando

323 3223 489 3304 prae‘cepto
511 3225 624 3286 nostro
639 3220 918 3301 praesumpseritis
934 3220 1112 3292 contraire,
1168 3227 1359 3303 apostolico
1373 3243 1410 3288 se
1426 3226 1616 3304 conspectui
1631 3227 1881 3304 repraesentent.
1896 3230 1960 3288 lios

324 3325 360 3385 in
382 3339 441 3385 vos
472 3322 558 3384 sicut
590 3320 820 3381 inobedientes
847 3316 1114 3378 animadvertere
1168 3339 1260 3396 vero,
1277 3323 1333 3400 qui
1356 3323 1392 3383 in
1418 3323 1593 3400 praedictos
1619 3323 1739 3386 fratres
1762 3339 1961 3386 manusnon

323 3421 474 3482 severius
490 3417 737 3495 compellemur.
757 3415 875 3476 Datum
896 3415 1064 3485 Laterani,
1082 3415 1112 3474 11
1169 3419 1324 3496 inJiciunt
1346 3419 1522 3490 violentus,
1545 3419 1603 3480 sed
1626 3435 1683 3480 eos
1709 3421 1819 3482 verbis
1843 3421 1962 3482 contu·

323 3517 390 3578 kal.
425 3515 596 3588 februarii,
633 3513 846 3592 pontificatus
885 3509 991 3572 nostri
1026 3525 1114 3572 anno
1169 3517 1316 3578 meliosis
1343 3515 1493 3578 afliciunt
1518 3515 1552 3576 et
1575 3516 1781 3592 equitaturas
1813 3518 1871 3579 aut
1893 3517 1962 3578 alia

324 3615 475 3693 septimo.
1169 3627 1283 3672 eorum
1305 3611 1391 3674 bona
1406 3611 1569 3672 violenter
1590 3609 1761 3686 diripiunt,
1779 3612 1808 3671 si
1830 3611 1960 3674 avobis

1169 3708 1361 3771 commoniti
1382 3707 1492 3768 ablata
1516 3707 1566 3768 eis
1589 3707 1767 3768 restituere
1793 3708 1963 3770 noluerint

1169 3807 1203 3866 et
1230 3805 1270 3865 de
1295 3805 1398 3866 illatis
1426 3803 1559 3879 injuriis
1593 3803 1853 3865 satisfactionem
1880 3821 1963 3866 con-

1169 3917 1285 3977 gruam
1307 3901 1477 3971 exhibere,
1499 3899 1633 3960 vinculo
1655 3900 1877 3961 anathematis
1901 3901 1963 3961 ad-

659 3947 782 4036 LXIX
1169 3998 1353 4073 stringatis,
1370 4013 1435 4074 quo
1455 3998 1547 4072 ipsos
1569 4011 1673 4073 usqne
1699 3997 1740 4059 ad
1762 3997 1962 4072 condignam

322 4108 374 4168 Ad
388 4105 670 4177 archiepiscopos,
682 4101 867 4172 episcopos,
882 4097 958 4167 alc,
975 4097 1114 4168 oderem
1170 4095 1431 4156 satisfactionem
1458 4093 1600 4156 teneatis
1628 4093 1814 4155 adstrictos.
1842 4095 1961 4155 Datum

485 4198 612 4261 litterae
628 4195 707 4257 tstoe
719 4192 955 4268 pervenerint.
1170 4189 1337 4264 Laterani,
1353 4191 1444 4252 XVII
1467 4189 1629 4250 kalendas
1655 4189 1826 4263 februarii,
1852 4189 1962 4267 ponti-

587 4308 620 4366 qg
633 4307 758 4380 januarii
776 4305 854 4362 itit.
1170 4287 1287 4350 licatns
1300 4287 1405 4350 nostri
1420 4301 1509 4348 auno
1521 4286 1671 4362 septimo.

306 4425 310 4432 ’
380 4431 517 4500 [Strehllre
528 4429 632 4480 Tabulae
644 4427 700 4479 ord.
713 4427 851 4486 Thenton„
862 4442 889 4492 p.
897 4427 953 4486 bit,
963 4441 988 4476 n.
997 4425 1064 4492 379]

307 4605 309 4610 .
325 4557 468 4618 Honorius
481 4551 721 4613 excommunicari
731 4550 821 4623 jubet,
833 4550 1004 4622 quicumque
1016 4549 1116 4607 iratres

360 4645 467 4706 ordinis
483 4640 650 4700 Theutonici
668 4637 818 4712 capiendo,
835 4638 870 4696 de
884 4639 1050 4710 equitaturis
1064 4637 1113 4694 de·
1512 4605 1615 4690 LXX

356 4731 492 4808 jiciendo,
509 4730 579 4787 alies
601 4725 751 4784 inhoneste
769 4724 917 4782 tractando
935 4725 1114 4782 violaverint.
1217 4761 1269 4820 Ad
1287 4757 1496 4831 mayimm
1519 4757 1553 4816 et
1573 4755 1706 4828 fragm
1724 4751 1913 4829 Hosppgapss

310 4913 313 4920 ι
363 4866 532 4932 Honorius
542 4863 727 4941 episcopus,
736 4875 853 4922 servus
862 4858 1113 4931 servorumDei‚
1322 4855 1496 4916 smartae
1516 4852 1811 4914 theutonicorum.
1932 4865 1934 4868 ·

304 4963 571 5032 evenerabilibus
601 4957 760 5022 fratribus
791 4955 1051 5033 archiepiscopis
1084 4956 1121 5018 et
1436 4981 1597 5040 pfebfflaffi
1617 4983 1696 5042 litt.

325 5063 489 5141 episcopis
504 5061 537 5122 et
551 5057 681 5120 dilectis
697 5054 775 5116 filiis
790 5053 974 5121 abhatibus,
994 5053 1117 5130 priori-

323 5161 398 5232 bus,
419 5155 675 5226 archidiaconis‚
700 5151 836 5214 decanis
855 5152 888 5213 et
909 5150 985 5212 aliis
1009 5151 1117 5213 ecole-

325 5259 451 5320 siarum
472 5252 630 5330 praelatis,
651 5250 693 5312 ad
709 5265 791 5327 quos
804 5248 925 5310 litterae
938 5249 1012 5310 islae
1034 5263 1115 5326 per.
1170 5231 1313 5290 Honorius
1333 5237 1417 5330 velat.
1429 5229 1531 5330 fratres
1545 5227 1735 5327 Theutonicos
1757 5226 1884 5284 ordinem
1899 5227 1963 5286 sine

307 5351 489 5419 venerint,
514 5347 702 5410 salutemet
722 5346 946 5422 Apostolicam
960 5345 1117 5409 benedic-
1339 5323 1471 5392 ΜΕΝ
1489 5317 1602 5373 ¹¹⁰⁰¹¹²¹³
1623 5315 1790 5386 'ennium

326 5453 462 5516 tionem.
1209 5445 1376 5506 Honorius
1386 5442 1572 5520 episcopus,
1583 5455 1699 5501 servus
1707 5453 1878 5500 servorum
1889 5439 1960 5512 Dei,

365 5545 445 5610 Paci
461 5543 495 5606 et
515 5541 619 5620 quieti
634 5539 867 5615 religiosorum
882 5540 1030 5604 virorum
1044 5540 1116 5604 fra·
1169 5542 1300 5605 dilectis
1316 5542 1394 5602 liliis
1404 5538 1562 5616 magistro
1573 5538 1606 5601 et
1616 5535 1773 5599 fratribus
1781 5536 1961 5613 Hospitalis

1263 5105 1399 5172 [Strehllle
1410 5106 1471 5160 Tab.
1484 5106 1539 5156 ord.
1547 5105 1684 5166 Thurina,
1697 5103 1753 5163 til,
1764 5119 1790 5154 n.
1801 5103 1868 5166 aab]
