4262 6382
376 267 437 326 087
994 273 1168 336 HONORII
1190 277 1233 336 111
1255 277 1401 338 OPERA.
1974 275 2025 336 dat

376 425 587 491 universitati
606 431 726 493 vestrae
750 445 809 508 per
832 431 1021 508 Apostolica
1045 434 1168 510 scripta
1223 434 1378 510 episcopo
1390 433 1507 494 damus
1522 433 1645 496 nostris
1658 433 1787 496 litteris
1797 432 1837 493 in
1851 432 2022 504 mandatis,
2048 417 2052 426 ’

376 519 525 583 districte
541 524 764 600 praecipiendo
785 525 1168 603 mandamus,quatenus
1223 532 1258 590 ut
1280 530 1307 590 si
1332 533 1448 594 contra
1483 530 1762 607 compositionem
1797 529 1921 590 initam
1945 529 2024 592 inter

374 617 442 677 tam
457 618 612 696 episcopo
632 637 729 697 quam
749 620 857 696 legato
880 622 1028 698 praelatis
1043 639 1167 684 secun·
1221 626 1316 688 bonae
1329 627 1498 688 memoriae
1518 631 1554 687 Ρ.
1573 627 1868 703 praedecessorem
1886 625 1979 687 tuum
1996 631 2023 688 et

375 713 451 772 dum
467 715 617 776 tenorem
641 717 891 792 compositionis
913 717 1018 794 ipsius
1033 718 1167 780 interim
1222 723 1366 785 nobilem
1386 725 1494 784 virum
1514 728 1550 784 A.
1572 723 1759 796 Estensem,
1777 723 1864 784 tun'c
1878 725 2021 784 Anconi-

374 811 446 870 sine
461 811 654 874 diillcultate
668 813 817 890 qnalibet
828 814 1020 875 intendatis.
1040 815 1080 878 ut
1090 831 1167 876 ecce
1220 821 1346 892 tanum,
1361 820 1588 882 marchionem
1601 836 1701 897 super
1711 819 1859 897 juribus
1872 821 1974 881 curiae
1988 835 2021 882 ao

373 907 558 968 venerabili
573 909 669 970 tratri
691 913 804 972 nostro
831 912 1059 972 camerinensi
1078 913 1168 989 epis·
1222 916 1372 978 eeclesiae
1401 917 1480 990 tuae,
1509 917 1582 994 ipso
1606 917 1780 978 mediante
1809 916 1924 992 legato
1950 918 2020 979 tunc

373 1019 456 1080 copo
471 1005 587 1066 damus
606 1007 729 1068 nostris
745 1009 865 1069 litteris
883 1009 919 1068 in
938 1008 1115 1081 mandatis,
1132 1010 1168 1070 ut
1223 1014 1317 1075 Sedis
1330 1014 1528 1090 Apostolicae
1548 1017 1664 1077 nuntio
1684 1015 1873 1085 existente,
1890 1014 2020 1076 invene-

373 1101 528 1178 quicquid
539 1107 590 1165 est
604 1103 645 1164 ab
661 1104 728 1164 alia
741 1106 884 1181 partium
898 1107 1014 1168 contra
1027 1121 1165 1182 compo·
1221 1111 1306 1182 rita
1320 1114 1477 1187 tempore,
1493 1127 1557 1189 quo
1570 1111 1701 1184 littarae,
1710 1110 1841 1188 quibus
1853 1111 2018 1188 utramque

373 1198 528 1260 sitionem
556 1199 745 1278 hujusmodi
772 1217 792 1262 a
819 1204 978 1278 tempore,
1008 1218 1074 1280 quo
1102 1203 1165 1264 ob·
1220 1208 1347 1284 partem
1385 1209 1492 1284 primo
1528 1209 1714 1281 citavimus,
1756 1208 1916 1270 recitatae
1949 1207 2016 1270 rue-

371 1297 472 1357 tentae
505 1295 638 1360 luerunt
674 1297 805 1371 litterae,
836 1299 954 1376 quibus
993 1302 1165 1378 utramque
1219 1306 1307 1376 runt,
1325 1305 1400 1378 etc,
1414 1307 1453 1366 ut
1466 1319 1694 1380 sacratisque
1708 1309 1749 1367 tn
1765 1306 1890 1378 linem.
1998 1365 1999 1368 ,

370 1394 498 1468 partem
524 1393 630 1470 primo
654 1394 841 1468 citavimus,
862 1396 1069 1469 attentatum,
1090 1411 1166 1458 euc-
1259 1432 1301 1488 lo
1316 1431 1474 1491 eumdem
1488 1431 1665 1492 modom...
1682 1445 1852 1506 eplscopo
1873 1428 2013 1491 camel-j.

371 1489 504 1552 toritate
519 1493 632 1552 nostra
655 1492 811 1555 studeat'
802 1509 838 1554 rn
851 1495 972 1554 statum
986 1494 1163 1570 pristinum
1218 1525 1325 1586 „ensi

370 1601 538 1648 revocare.
566 1589 685 1650 Datum
711 1591 880 1662 Laterani,
903 1593 978 1651 XIV
1001 1590 1162 1652 kalendas

371 1683 514 1759 angusti,
529 1686 739 1761 pontificatus
754 1687 859 1748 nostri
871 1703 959 1748 anno
975 1690 1103 1750 octavo.

409 1811 452 1868 ln
473 1813 630 1871 eumdem
655 1815 794 1872 modum
819 1811 985 1872 universis
1011 1811 1162 1888 fidelibus
1532 1749 1701 1836 CCLVH

369 1920 429 2000 per
443 1907 634 1968 Firmanum
651 1909 841 1970 comitatum
855 1909 1052 1970 constitutis.
1258 1899 1309 1958 Ad
1321 1899 1548 1972 praecautum
1562 1899 1595 1960 et
1609 1899 1746 1974 tratres
1762 1901 1801 1962 S.
1819 1901 1975 1962 Andreae.

1412 2028 1481 2086 litt
1496 2026 1570 2100 (sine
1587 2027 1634 2086 die
1647 2035 1676 2085 ot
1690 2027 1822 2100 mense).

691 2175 839 2262 CCLVI
1364 2151 1775 2215 [Duellius,lliscellan.‚11,t³0,
1790 2167 1818 2202 n.
1831 2152 1871 2218 2]

1242 2269 1299 2324 Eos
1312 2264 1365 2324 sub
1379 2265 1456 2324 beati
1470 2267 1545 2324 Petri
1559 2274 1587 2324 et
1600 2281 1651 2324 suu
1664 2267 1849 2339 protectione
1864 2267 1984 2340 suscipit.

509 2355 560 2426 Ad
583 2356 779 2426 Ummium
801 2357 1020 2414 mmmmm·
1255 2392 1421 2453 Honorius
1431 2391 1617 2468 episcopus,
1627 2408 1748 2454 servus
1760 2407 1935 2454 servorum
1943 2391 2004 2462 Dei,

665 2485 699 2541 19
711 2483 772 2556 julli
788 2483 866 2540 lili.
1215 2488 1345 2550 dilectis
1361 2488 1439 2548 liliis
1454 2489 1631 2566 praeposito
1648 2489 1806 2552 ecclesiae
1823 2489 1937 2552 Sancti
1947 2492 2006 2550 An·

400 2605 681 2671 [Tbeiner,Cod.dipi.
697 2605 1128 2672 dominiitemporul.,l,80,{32}
1215 2585 1315 2657 dseaes
1334 2585 1483 2662 0j¹¹Sd0m
1509 2585 1670 2647 fratribus
1690 2589 1763 2648 tam
1791 2586 2001 2664 Pl'aesenfibus

402 2729 482 2788 idem
501 2736 701 2803 argumentum
718 2744 802 2802 quam
818 2729 973 2802 superioris
987 2730 1122 2802 epistole.
1215 2681 1459 2841 quamtiutnris,
1476 2683 1664 2760 regularem
1679 2684 1787 2746 vitam
1805 2683 1962 2762 protessis
1974 2681 2003 2742 in

1214 2796 1314 2858 perpe
1332 2796 1420 2840 uum.

405 2873 1157 2952 Honoriusepiscopus,servusservorumbei,
1254 2877 1389 2950 Quoties
1414 2892 1434 2938 a
1457 2876 1554 2938 nobis
1580 2876 1716 2954 petitur,
1732 2877 1824 2956 quod
1845 2875 1999 2939 honestati

364 2971 549 3034 venerabili
564 2972 697 3033 tratri...
714 2973 869 3048 episcopo
888 2973 1055 3045 Firmano,
1072 2973 1160 3042 salu·
1213 2975 1246 3037 et
1268 2974 1424 3050 religioni
1450 2973 1628 3035 convenire
1651 2974 1876 3050 dignoscitur,
1902 2975 2002 3036 animo

357 3071 431 3132 ¹tem
446 3071 479 3130 et
493 3069 716 3146 Apostolicam
728 3068 1003 3131 benedictionem.
1213 3088 1274 3133 nos
1301 3073 1395 3134 decet
1415 3071 1531 3132 libenti
1554 3071 1750 3144 concedere,
1773 3074 1808 3134 et
1831 3071 2000 3149 petentium

405 3169 486 3227 Cum
505 3165 656 3232 ecclesiae
679 3166 843 3228 Firmanae
856 3169 933 3242 jura
955 3167 1004 3227 sic
1023 3181 1159 3228 servare
1212 3169 1390 3234 desideriis
1410 3183 1592 3246 congruum
1616 3168 1818 3244 suffragium
1834 3165 1997 3246 impertiri.

364 3265 516 3335 velimus,
534 3265 569 3324 ut
579 3266 656 3340 Jnra
672 3263 774 3324 curiae
789 3262 980 3324 nullatenus
997 3265 1158 3326 minuan—
1212 3267 1429 3344 Quapropter,
1447 3268 1509 3328 eto.
1526 3265 1661 3328 Cunctis
1684 3267 1799 3328 autem
1815 3267 1922 3327 eidem
1935 3264 1997 3324 loco

364 3365 429 3432 tur,
447 3377 486 3421 ac
502 3376 602 3436 super
616 3361 668 3420 bis
684 3360 772 3421 inter
783 3361 816 3420 te
834 3359 1036 3421 etdilectum
1052 3359 1157 3420 fllium
1212 3347 1272 3424 sna
1284 3367 1362 3439 jura
1377 3362 1598 3434 servantibus,
1615 3362 1658 3423 sit
1671 3377 1738 3438 pax
1754 3361 1889 3424 Domini
1903 3357 1997 3421 nostri
2087 3391 2088 3426 i

364 3459 515 3518 nostrum
535 3460 571 3518 Ρ.
596 3451 643 3536 ’(1)
664 3455 902 3518 subdiaconum
932 3457 965 3517 et
991 3456 1157 3518 notarium
1211 3463 1291 3522 Jesn
1307 3459 1441 3531 Christi,
1460 3457 1996 3536 quatenuseihiclructumbona
2087 3479 2088 3494 κ

364 3557 526 3628 nostrum,
537 3553 735 3631 Apostolicae
747 3553 1006 3630 Sedislegatum‚
1017 3555 1157 3614 eonten-
1211 3558 1351 3618 actionis
1365 3556 1603 3633 peramanter
1615 3557 1701 3632 apud
1717 3557 1906 3619 districtum
1914 3551 1996 3632 judi-

364 3653 465 3714 tionis
481 3651 654 3714 materiam
670 3651 843 3728 amputare
856 3652 1045 3724 terminum,
1058 3667 1155 3728 quem
1211 3671 1282 3716 cem
1293 3654 1430 3731 praemia
1444 3656 1578 3715 aeternae
1590 3653 1879 3730 pacisinveniant.
1890 3655 1992 3713 Amen.

298 3749 310 3772 ⁰
362 3750 398 3812 in
417 3750 500 3812 testo
522 3753 558 3812 B.
580 3749 753 3811 Michaelis
768 3765 869 3826 super
885 3749 938 3809 bis
956 3749 1017 3810 tibi
1036 3751 1069 3811 et
1089 3749 1155 3826 ipsi
1210 3753 1329 3813 Datum
1352 3751 1517 3823 Laterani,
1540 3750 1721 3813 indictione
1741 3755 1818 3824 ΧΗ,
1844 3753 1993 3812 lncarna-
2087 3731 2088 3818 f

363 3849 602 3924 ooncessimus,
611 3847 651 3907 ad
665 3847 785 3910 testum
799 3845 888 3909 beati
898 3847 1035 3907 Martini
1045 3846 1156 3924 proxi·
1210 3848 1310 3910 tionis
1330 3849 1510 3909 Dominioae
1536 3863 1623 3910 anno
1648 3849 1852 3920 MCGXXlV,
1868 3841 1992 3925 pontill-

362 3963 415 4008 mo
444 3946 590 4008 futurum
619 3943 774 4005 duximus
804 3944 1060 4020 prorogandum,
1090 3960 1154 4022 quo
1210 3946 1303 4007 catus
1315 3961 1395 4006 vero
1411 3945 1536 4006 domini
1547 3945 1688 4006 Honorii
1703 3961 1801 4024 papae
1815 3943 1905 4006 tertii
1916 3951 1993 4002 anno

361 4045 526 4115 volumus,
552 4044 589 4104 ut
616 4041 657 4102 ad
689 4041 953 4119 prosequendum
976 4044 1033 4117 jus
1060 4042 1155 4104 tuum
1209 4047 1337 4106 octavo.

362 4143 476 4203 nostro
489 4143 523 4202 te
537 4139 729 4217 conspectur
739 4139 970 4215 repraesentes
984 4141 1052 4201 Nos
1065 4155 1154 4200 enim
1249 4143 1317 4216 Ego
1341 4141 1519 4210 Honorius,
1543 4139 1717 4204 catholicae
1735 4137 1894 4204 Ecclesiae
1908 4133 1993 4210 epis·

362 4237 546 4300 venerabili
572 4237 668 4298 tratri
701 4235 815 4298 nostro
818 4278 892 4296 ......
925 4235 1153 4298 camerinensi
1208 4251 1320 4313 copus.

401 4421 441 4498 (l)
462 4418 641 4479 Pandulium.
