4258 6394
332 247 391 306 447
956 243 1132 306 HONORII
1155 245 1200 306 111
1221 247 1371 309 OPERA.
1922 257 1984 316 448

332 403 511 466 multorum
523 399 772 474 beneficiorum,
789 414 875 478 qum,
889 401 1069 477 ntdicilur,
1085 403 1127 466 ab
1183 407 1275 467 tuum
1298 410 1365 468 tam
1385 405 1621 471 damnabiliter
1646 408 1792 480 violasti,
1815 411 1983 490 quoslibet

329 517 370 564 eo
394 515 579 576 receperas,
596 500 770 560 immemor
783 499 817 560 et
828 499 981 574 ingratus
1005 517 1125 562 manus
1181 502 1241 564 tibi
1256 503 1391 566 vinculo
1403 505 1573 567 fidelitatis
1586 507 1763 569 adstrictos
1776 507 1818 570 ab
1831 509 1891 572 illo
1902 525 1980 572 anc-

330 597 509 662 extendero
524 595 777 688 presumpsisti,
796 595 951 673 quodque
971 597 1045 658 sine
1061 598 1126 660 do·
1181 599 1316 662 toritate
1337 603 1451 663 nostra
1476 601 1648 667 denuntiet
1662 603 1843 678 absolutos,
1857 607 1894 668 in
1908 623 1978 679 eos,

331 695 403 757 lore
431 690 535 756 'animi
564 709 624 755 nec
648 691 836 754 audivimus
860 708 921 754 nec
937 694 1125 768 referimus,
1182 697 1212 756 sl
1234 697 1294 760 tibi
1320 700 1395 776 post
1418 699 1608 776 hujusmodi
1630 701 1871 766 absolutionem
1892 721 1981 782 prae-

330 791 480 870 graviter
502 790 714 852 vulneratum
738 791 834 851 extra
859 805 999 866 regnum
1030 808 1126 852 suum
1181 797 1384 872 sumpserint
1408 797 1592 870 adhaerere,
1620 803 1979 863 excommunicationis

331 887 556 950 irreverenter
568 887 736 950 abducens
748 889 880 964 captum
894 905 968 950 cum
984 887 1054 949 illio
1066 904 1126 950 suo
1182 894 1379 954 sententiam
1399 895 1599 971 proterendo
1618 912 1659 959 ac
1674 897 1828 959 iaciendo
1843 899 1977 961 eosdem

331 984 481 1046 detinere
501 984 688 1060 praesumis.
710 983 864 1046 Proiecto
879 986 912 1045 te
934 1000 994 1062 per
1006 984 1128 1063 hujus·
1182 990 1268 1052 sicut
1281 993 1585 1054 excommunicatos
1608 995 1734 1056 arctius
1758 995 1890 1058 evitari.
1912 1001 1978 1058 Pro

329 1080 420 1143 modi
443 1079 574 1143 lacinus
592 1080 767 1141 reddidisti
789 1080 923 1156 regibus
944 1083 978 1143 et
1001 1083 1128 1159 princi-
1182 1087 1273 1148 certo
1296 1089 1408 1150 autem
1429 1091 1574 1162 noveris,
1605 1091 1704 1168 quod,
1729 1093 1759 1153 si
1780 1095 1979 1171 contemptis

330 1175 427 1256 pibus
442 1177 608 1238 universis
624 1175 793 1246 odibilem,
809 1177 922 1254 utpote
941 1177 1126 1254 quiconlra
1181 1184 1288 1260 poenis
1320 1185 1510 1264 hujusmodi
1545 1188 1759 1264 saepedictum
1796 1206 1910 1266 regem
1946 1194 1980 1254 et

331 1289 390 1336 eos
403 1275 436 1336 et
458 1275 573 1336 contra
589 1273 798 1350 temetipsum
813 1274 1000 1351 exemplum
1016 1275 1126 1352 pessi·
1182 1281 1287 1342 illium
1300 1285 1372 1361 ejus
1381 1287 1634 1360 praesumpseris
1644 1286 1803 1359 detinere,
1815 1305 1877 1348 nos
1891 1305 1977 1350 con-

330 1370 572 1442 mumedidisti,
584 1371 782 1448 quia‚q1111m
792 1372 944 1432 homines
953 1373 1126 1448 proniores
1182 1381 1234 1440 tra
1248 1381 1281 1442 te
1295 1396 1410 1457 poenas
1421 1381 1506 1442 alias
1518 1384 1709 1458 excogitare
1725 1384 1927 1460 curabimus,
1944 1389 1979 1448 et

329 1467 398 1530 sint
411 1467 498 1528 mala
512 1467 636 1528 imitari
653 1466 860 1545 quambene,
873 1468 1026 1530 nonnulli
1042 1467 1126 1532 sorte
1181 1477 1372 1553 specialiter
1394 1479 1601 1556 imperialem
1626 1481 1796 1543 dexteram
1823 1483 1859 1543 in
1882 1485 1977 1546 tunm

328 1564 392 1630 hoc
407 1564 559 1641 exemplo
575 1564 743 1626 audebunt
757 1567 873 1628 contra
883 1565 1034 1627 dominos
1047 1583 1125 1628 suos
1180 1576 1415 1636 exterminium
1437 1577 1617 1650 concitare,
1634 1579 1813 1657 taliterque
1827 1598 1928 1658 super
1943 1585 1978 1644 te

328 1677 369 1724 ea
393 1677 605 1740 praesumere,
623 1678 696 1739 quae
710 1663 742 1722 te
766 1665 883 1724 contra
903 1665 994 1724 tuum
1009 1663 1127 1724 audie-
1179 1672 1392 1748 gravabimns
1403 1690 1521 1734 manus
1533 1677 1678 1748 nostras,
1696 1677 1826 1753 quodte
1841 1678 1883 1738 ad
1896 1680 1979 1741 ulti-

328 1759 670 1838 rintpraesumpsisse.
680 1759 856 1821 offendisti
866 1760 967 1821 etiam
977 1761 1126 1836 graviter
1180 1785 1269 1830 mum
1295 1771 1468 1847 poenitebit
1495 1772 1661 1834 luctamen
1686 1777 1801 1835 contra
1824 1778 1928 1838 Deum
1944 1779 1979 1839 et

328 1858 432 1918 Deum
461 1857 494 1918 et
519 1859 703 1917 Romanam
732 1857 935 1930 Ecclesiam,
957 1858 998 1918 ad
1026 1873 1124 1934 quam
1180 1869 1363 1928 Romanam
1374 1869 1556 1929 Ecclesiam
1567 1873 1765 1948 suscepisse,
1778 1873 1811 1934 et
1822 1873 1886 1936 erit
1899 1891 1976 1936 sera

328 1953 437 2032 ipsum
450 1968 590 2028 regnum
604 1953 796 2030 specialiter
811 1955 963 2030 pertinet,
981 1957 1014 2017 et
1029 1958 1125 2032 cujus
1180 1965 1376 2040 poenitentia
1396 1968 1470 2042 post
1494 1968 1636 2028 ruinam.
1656 1969 1777 2030 Videas
1794 1986 1885 2046 ergo,
1898 1972 1978 2034 dum

328 2049 417 2112 idem
433 2048 556 2110 rexest
572 2049 727 2126 specialis
744 2049 832 2111 filius
852 2051 884 2111 et
903 2050 1022 2112 fideliS.
1040 2051 1124 2124 Quia
1179 2061 1282 2135 potes,
1303 2077 1345 2121 ne
1364 2061 1396 2122 te
1423 2062 1489 2123 illis
1516 2063 1694 2140 immergas
1717 2067 1902 2142 angustiis,
1935 2069 1976 2130 de

328 2147 432 2224 igitur
463 2148 531 2209 tum
561 2146 695 2222 prepter
724 2145 810 2208 hane
846 2147 1023 2220 rationem,
1053 2149 1123 2208 illm
1179 2156 1298 2234 quibus
1313 2159 1407 2219 exire
1423 2159 1590 2221 desideres
1606 2162 1639 2222 et
1651 2178 1717 2223 non
1738 2166 1856 2240 possis,
1874 2181 1977 2243 quum

327 2243 462 2322 propter
488 2241 617 2303 erman
646 2243 912 2320 promissionem,
938 2261 1003 2322 qua
1027 2245 1123 2306 nobis
1179 2251 1313 2328 dignum
1336 2253 1389 2326 sit,
1411 2255 1446 2315 ut
1463 2272 1564 2332 quum
1585 2255 1676 2323 velit,
1694 2273 1760 2318 non
1774 2259 1895 2330 valeat,
1917 2261 1976 2337 qui

328 2339 506 2404 adstrictus
519 2341 569 2404 est
582 2340 622 2402 de
638 2340 858 2418 impendendo
873 2342 994 2418 grandi
1008 2342 1123 2404 subsi-
1177 2349 1295 2421 noluit,
1317 2365 1418 2427 quum
1442 2352 1585 2415 valebat.
1606 2355 1725 2416 Datum
1751 2357 1920 2428 Laterani,
1944 2360 1976 2417 ll

327 2435 383 2500 dio
397 2439 508 2500 Terras
525 2437 665 2511 Sanctae,
689 2453 748 2500 nos
764 2439 810 2500 ita
826 2439 890 2501 sibi
905 2441 1122 2516 recognosci·
1178 2446 1340 2508 kalandas
1375 2451 1575 2524 novembris
1619 2452 1830 2530 pontificatus
1867 2456 1974 2515 nostri

327 2551 400 2598 mus
411 2535 444 2599 et
452 2534 593 2597 latemur
601 2535 788 2608 adstrictos,
799 2537 884 2614 quod
895 2538 967 2598 sine
983 2537 1122 2600 laesione
1178 2559 1264 2606 anno
1281 2545 1409 2607 octavo·

326 2631 424 2694 lamae
455 2632 576 2696 nostrae
610 2648 650 2694 ac
681 2633 781 2696 etiarn
806 2635 1031 2706 conscientiae,
1058 2634 1122 2695 sibi

326 2745 394 2794 non
408 2743 579 2808 possemus
592 2731 626 2792 in
638 2731 705 2793 tam
718 2733 814 2808 gravi
827 2747 908 2793 casu
923 2733 1122 2794 necessitate

326 2827 457 2904 deesse;
481 2828 687 2891 nobilitatem
700 2829 791 2891 tuam
812 2845 984 2891 monemus
998 2831 1123 2892 attente
1510 2849 1637 2940 XXXI

326 2926 360 2988 et
378 2925 438 2988 sub
463 2925 681 2989 obtestatione
701 2926 806 2988 divini
821 2927 940 3004 judicii
967 2927 1025 2988 tibi
1053 2927 1122 2988 dis·

325 3023 423 3086 tricte
442 3022 665 3100 praecipiendo
681 3024 876 3086 mandamus
891 3025 1054 3102 quatenus
1068 3025 1122 3086 in·
1282 3002 1332 3060 Aa
1360 3003 1604 3078 &lietbertum
1633 3005 1866 3066 0⁰²⁰²²⁶⁹ffl³⁸ffl²2

325 3118 377 3182 lia
391 3135 538 3182 mensem
557 3120 631 3196 post
647 3121 891 3197 susceptionem
907 3123 1120 3200 praesentium
1419 3103 1726 3176 “YCWWOOWW·

324 3216 434 3294 ipsum
453 3232 565 3294 regem
581 3217 614 3278 et
636 3217 740 3284 lilium
757 3219 829 3296 ejus
852 3219 958 3296 plenae
974 3217 1119 3282 libertati
1442 3239 1454 3296 p
1472 3238 1605 3298 novemb,
1626 3241 1703 3298 late.

325 3314 482 3376 restituas
499 3315 532 3375 et
544 3313 617 3376 sine
632 3313 826 3376 difficultate
839 3315 985 3393 qnalibet
996 3316 1120 3378 liberos
1252 3360 1401 3425 [Μῶν
1412 3362 1478 3413 m·
1490 3363 1561 3421 scel,
1570 3364 1603 3414 aa
1611 3377 1673 3414 m,
1687 3363 1757 3425 Μ
1767 3361 1827 3430 tel,
1839 3365 1891 3431 97']

325 3411 419 3474 abire
434 3411 616 3488 permittas,
631 3427 757 3488 nosque
772 3413 832 3474 tibi
848 3413 1007 3474 iaciemus
1022 3414 1121 3475 exhi-

323 3506 396 3571 beri
413 3508 554 3586 justitiae
581 3509 872 3585 complementum,
904 3510 932 3572 si
959 3510 1119 3574 adversus
1174 3485 1290 3544 blondel
1311 3492 1342 3543 ut
1361 3487 1495 3544 comitem
1518 3485 1554 3543 dc
1580 3489 1693 3545 zwerio
1711 3496 1740 3546 et
1759 3489 1823 3562 ejus
1844 3489 1973 3548 lautores

323 3623 400 3670 eum
426 3605 529 3668 babes
557 3605 682 3683 aliquid
718 3607 930 3684 quaestionis3
968 3609 1118 3686 alioquin
1207 3575 1445 3674 ⁶x⁰⁰f¹¹m¹¹⁰if⁵e²’
1461 3573 1744 3676 ΠῙΒΗΠῙΓΨΘΜ
1759 3593 1859 3677 ,segem
1873 3579 1972 3636 ⁰³⁰¹ae

323 3703 456 3766 noveris
478 3717 539 3764 nos
562 3700 746 3766 venerabili
767 3703 863 3766 tratri
884 3705 997 3766 nostro
1017 3707 1117 3767 Colo·
1207 3669 1237 3720 ⁰⁸
1266 3675 1328 3734 ⁹¹⁰⁵
1356 3661 1445 3719 mmm
1475 3661 1597 3719 mem
1625 3670 1789 3722 'eanum

321 3801 432 3864 niensi
443 3799 693 3876 archiepiscopo
705 3801 926 3872 mandavisse,
947 3803 982 3864 ut
996 3803 1118 3865 extunc
1213 3790 1401 3858 Coloniensi
1414 3795 1676 3873 archiepiscopo.

321 3897 355 3960 te
367 3911 406 3959 ac
421 3911 534 3958 omnes
550 3897 624 3958 tuos
640 3895 745 3958 inhac
761 3896 937 3974 iniquitate
956 3898 1114 3972 lautores,
1212 3893 1403 3954 immanitas
1438 3894 1622 3955 detestandi
1663 3894 1843 3963 facinoris,
1879 3899 1968 3974 quod

322 3993 453 4057 sublato
468 3993 703 4070 appellationis
724 3992 906 4067 obstaculo,
922 4010 1116 4057 excommu-
1172 3991 1335 4051 Henricus
1355 4005 1465 4052 comes
1485 3991 1525 4052 de
1545 3991 1674 4054 Zwerin
1695 3992 1729 4052 in
1754 3993 1967 4057 carissimum

322 4091 422 4163 nicet,
442 4089 568 4152 iaciens
583 4091 959 4154 excommunicationem
976 4093 1116 4168 singulis
1171 4087 1206 4148 in
1229 4087 1360 4150 Christo
1387 4087 1492 4149 tilium
1514 4090 1700 4151 nostrum...
1717 4090 1883 4152 illustrem
1906 4109 1967 4153 re-

321 4187 438 4250 diebus
453 4186 628 4248 dominicis
650 4189 682 4248 et
700 4187 839 4260 festivis,
867 4188 1006 4266 pulsatis
1021 4206 1115 4251 cam-
1171 4201 1246 4262 gem
1269 4187 1379 4247 Daciae
1403 4186 1573 4247 dominum
1589 4204 1697 4261 suum,
1713 4189 1746 4249 et
1767 4191 1839 4265 ejus
1861 4189 1966 4250 filiurn

321 4285 418 4362 panis
443 4285 476 4346 et
499 4283 646 4344 candelis
667 4285 829 4357 accensis,
847 4286 1039 4348 solemniter
1055 4304 1117 4363 pu·
1172 4284 1356 4344 attentavit.
1385 4287 1489 4344 Deum
1515 4285 1628 4361 procul
1656 4285 1767 4352 dubio,
1779 4286 1907 4358 incitat,
1933 4289 1967 4349 et

321 4380 440 4444 blicari
457 4394 515 4458 per
529 4379 684 4441 universa
706 4380 791 4454 loca,
808 4381 842 4442 in
859 4383 978 4460 quibus
997 4384 1116 4446 viderit
1171 4380 1312 4440 incitare
1325 4379 1422 4442 debet
1438 4381 1590 4442 homines
1603 4383 1719 4442 contra
1735 4398 1821 4455 eum,
1838 4383 1967 4459 ipsum-

321 4477 490 4556 expedire.
506 4477 554 4538 nd
572 4477 644 4539 baec
659 4477 839 4552 dioecesim,
867 4481 903 4542 in
924 4497 988 4558 qua
1009 4497 1116 4558 scepe-
1170 4493 1234 4554 que
1244 4477 1384 4539 reddere
1399 4477 1554 4538 odibilem
1564 4479 1806 4556 universisqui
1817 4479 1965 4557 perfidiae

320 4576 445 4639 dictum
480 4591 593 4652 regem
629 4573 662 4638 et
694 4575 800 4637 tilium
829 4579 902 4656 ejus
938 4579 1117 4654 contigerit
1171 4574 1379 4636 dolositatem
1395 4575 1547 4646 oderunt,
1565 4575 1597 4636 et
1621 4575 1765 4651 diligunt
1779 4577 1855 4638 fidei
1871 4577 1966 4653 puri-

321 4673 476 4748 detineri,
489 4673 645 4751 subjiciat
657 4673 844 4747 interdicto,
863 4675 1066 4737 interdicens
1081 4677 1114 4736 in
1170 4673 1281 4733 tatem.
1298 4672 1492 4751 sicutenim
1510 4688 1552 4733 ex
1567 4670 1687 4734 litteris
1708 4673 1918 4750 praelatorum
1932 4675 1966 4736 et

319 4771 1116 4837 eaetcmnlnocessarelaciensomniaecclesias·
1171 4768 1355 4846 principum
1385 4769 1479 4844 regni
1517 4769 1627 4831 Daciae
1667 4770 1763 4832 nobis
1807 4771 1963 4840 innotuit,

319 4871 386 4934 tica
413 4869 621 4932 sacramenta
649 4870 682 4930 et
710 4869 897 4946 sepulturas
926 4871 1116 4946 specialiter
1170 4881 1270 4944 quum
1294 4865 1381 4927 idem
1404 4881 1467 4926 rex
1488 4865 1523 4925 in
1548 4867 1723 4943 quamdam
1743 4869 1887 4930 insulam
1906 4869 1963 4944 ip-

319 4967 536 5039 mortuorum,
571 4980 610 5027 eo
646 4965 818 5027 dumtaxat
846 4968 999 5042 excepto,
1028 4966 1114 5044 quod
1170 4963 1240 5023 sius
1261 4963 1367 5038 regni,
1393 4963 1508 5025 aestivo
1531 4965 1691 5042 tempore,
1713 4965 1754 5026 ob
1778 4966 1867 5026 aeris
1890 4965 1963 5026 cle-

319 5064 484 5142 baptisma
504 5061 653 5141 parvulis
671 5063 704 5124 et
718 5062 937 5124 morientibus
951 5065 1115 5140 poeniten·
1169 5059 1342 5120 mentieris
1364 5061 1569 5136 temperiem,
1584 5078 1657 5122 cum
1687 5078 1748 5123 sua
1763 5063 1892 5139 privata
1912 5061 1965 5123 la-

319 5162 366 5225 tia
378 5177 443 5223 non
456 5165 606 5238 negetur,
622 5159 684 5220 hoc
700 5159 786 5220 idem
803 5159 930 5220 taciens
946 5161 985 5222 de
1006 5163 1116 5238 quoli-
1170 5157 1262 5220 milia
1287 5157 1491 5231 secessisset,
1508 5175 1569 5220 nec
1589 5159 1718 5236 aliquas
1736 5160 1964 5236 suspicaretur

319 5256 376 5320 bet
390 5257 475 5330 loce,
497 5257 538 5317 ad
558 5272 655 5332 quem
682 5258 715 5317 te
742 5254 899 5317 devenire
924 5257 1112 5333 contigerit,
1168 5255 1321 5326 insidias,
1340 5257 1452 5333 utpote
1468 5257 1524 5333 qui
1544 5272 1611 5317 non
1630 5255 1829 5318 moliebatur
1842 5257 1965 5318 advor-

321 5353 478 5434 quamdiu
505 5351 609 5414 iberis
635 5353 671 5412 in
697 5353 824 5415 eadem.
849 5354 998 5429 Denique
1014 5371 1114 5431 quum
1170 5367 1226 5412 sus
1252 5352 1397 5428 aliquem
1422 5353 1601 5430 quidquam
1631 5353 1722 5426 mali,
1753 5369 1830 5415 ecce
1853 5353 1963 5414 dictus

319 5451 512 5514 fidelitatem
538 5449 573 5510 in
602 5447 741 5511 subditis
767 5449 835 5512 tuis
868 5451 1019 5512 invenire
1048 5468 1113 5513 non
1169 5465 1279 5511 comes
1304 5451 1537 5525 transgressor
1568 5453 1750 5527 juramenti
1779 5451 1959 5520 fidelitatis,

320 5549 461 5621 debeas,
507 5561 605 5624 quam
652 5545 686 5608 in
729 5545 901 5624 prelatum
943 5547 1112 5610 dominum
1168 5546 1963 5628 quodeipraestiterat,etmultorumbenellcio-
