4262 6382
268 264 275 276 ·
363 255 420 314 731
979 253 1153 316 HONORII
1174 253 1218 314 111
1240 253 1389 318 OPERA.
1964 269 2021 328 732

362 416 428 486 tus,
445 413 478 477 et
492 427 593 489 supra
608 427 644 473 se
660 392 784 474 dicitur'
798 412 899 475 etiam
915 411 1097 476 ambulare.
1113 415 1158 475 De
1212 414 1285 476 titia
1301 416 1457 490 meritum
1468 431 1535 478 non
1550 419 1691 482 amittat.
1705 422 1792 483 Sane
1807 423 2018 487 venerabilis

361 512 421 574 illo
434 510 627 572 carissimus
638 510 673 569 in
684 509 814 571 Christo
824 507 912 570 tilius
923 512 1048 584 noster,
1062 512 1159 572 illus-
1213 511 1318 574 frater
1332 515 1446 576 noster
1461 516 1628 577 Tullensis
1642 519 1818 597 episcopus
1834 521 1941 583 nobis
1956 537 2018 584 ex-

361 609 423 670 tris
438 624 500 670 rex
511 607 702 682 Hungariae,
720 622 779 684 per
791 607 947 669 dilectum
962 607 1066 668 fllium
1082 623 1157 669 ma·
1212 609 1323 684 posuit
1334 610 1483 686 graviter
1497 615 1742 690 conquerendo,
1762 616 1851 694 qnod
1874 633 2020 680 venera·

361 707 502 782 gistrum
522 705 762 777 Florentinum,
793 705 961 767 custodem
991 705 1157 767 Orodien·
1211 702 1288 763 bilis
1303 702 1407 766 trater
1424 709 1539 768 noster
1557 708 2018 789 Trevirensisarcbiepisco-

362 819 443 875 sem,
460 803 614 864 nuntium
629 818 737 874 sunm,
752 803 901 878 graviter
922 803 973 864 est
996 819 1159 880 conquies-
1212 815 1284 876 pus,
1302 803 1576 879 metropolitanus
1595 821 1687 879 suus,
1712 808 1799 884 apud
1823 825 1930 886 quem
1947 811 2018 886 plus

359 901 425 972 tus,
443 901 529 976 quod
547 898 635 960 idem
658 900 767 962 metiri
783 915 819 960 se
845 899 1010 971 nesciens,
1026 900 1062 961 in
1077 901 1155 962 tan-
1211 897 1324 958 valere
1339 897 1475 961 deberet
1488 901 1575 962 ratio
1601 917 1700 978 quam
1727 906 1891 980 potestas,
1908 905 2017 968 inter-

360 997 428 1060 tam
444 997 595 1074 prorupit
620 996 795 1058 audaciam
824 999 857 1058 et
885 997 1041 1072 furorem,
1071 997 1155 1074 quod
1211 992 1288 1056 dum
1297 995 1385 1071 juris
1401 997 1518 1057 ordine
1529 999 1764 1074 praetermissa,
1780 1005 2018 1064 excommuni-

360 1111 474 1172 regem
490 1094 651 1166 eumdem,
669 1095 785 1156 contra
800 1110 896 1172 quem
919 1095 1157 1156 contumeliose
1211 1090 1352 1151 cationis
1379 1093 1577 1154 sententiam
1604 1093 1759 1159 fulminat
1783 1097 1819 1158 iu
1846 1099 2015 1169 eumdem,

361 1193 519 1265 surrexit,
536 1191 693 1268 gravibus
707 1191 842 1270 injuriis
855 1193 1036 1264 lacessivit,
1051 1193 1085 1253 in
1099 1193 1158 1254 de-
1210 1189 1500 1266 appellationibus,
1529 1207 1613 1268 quas
1646 1193 1734 1254 idem
1764 1196 1949 1274 episcopus
1977 1198 2016 1258 ad

361 1304 520 1366 rogamen
534 1289 648 1365 utique
662 1289 764 1364 regiae
779 1289 962 1364 dignitatis,
985 1291 1018 1351 et
1031 1290 1156 1351 ordinis
1212 1285 1328 1347 Sedem
1344 1287 1568 1363 apostolicam
1578 1289 1726 1365 legitime
1742 1291 1943 1370 interponit,
1958 1309 2016 1371 pro

360 1402 400 1450 ac
413 1385 512 1448 officii
528 1387 697 1463 praepositi
712 1389 896 1449 memorati.
915 1389 1036 1449 Verum
1061 1388 1090 1448 si
1105 1389 1157 1448 at·
1210 1397 1271 1444 suo
1285 1383 1424 1446 arbitrio
1437 1399 1515 1446 raro
1526 1385 1643 1459 defert,
1656 1388 1690 1449 et
1703 1389 1809 1465 ipsius
1824 1392 2015 1453 sententias

360 1483 521 1546 tendisset
542 1484 610 1557 ille,
632 1485 708 1562 quia
723 1485 758 1545 in
773 1483 847 1561 lege
862 1485 976 1546 divina
1001 1484 1157 1563 praecipi-
1209 1481 1454 1544 rationabiliter
1466 1485 1694 1560 promulgatas
1719 1487 1792 1548 sine
1813 1489 2013 1564 cognitione

359 1582 414 1644 tur
429 1569 438 1641 'z
455 1581 645 1658 Principem
668 1583 782 1660 populi
801 1584 850 1645 tui
873 1599 939 1644 non
959 1581 1152 1658 maledices3
1210 1593 1322 1640 causae
1345 1581 1481 1642 revocat
1512 1583 1545 1643 et
1577 1581 1752 1645 denuntiat
1776 1601 1844 1646 non
1882 1587 2010 1648 tenere.

359 1678 392 1740 et
406 1679 492 1756 quod
507 1678 548 1740 ab
563 1681 721 1757 Apostolo
737 1682 842 1742 Panlo
868 1681 990 1743 dicitur
1007 1703 1014 1741 :
1031 1685 1154 1758 Regem
1210 1674 1304 1736 Unde
1320 1677 1590 1754 jurisdictionem
1606 1681 1832 1758 episcopalem
1852 1685 2012 1746 enervari

359 1776 592 1852 honorificate;
607 1794 674 1840 uon
699 1777 745 1840 ita
760 1778 879 1840 fuisset
901 1778 1061 1851 insolens,
1088 1794 1154 1839 non
1209 1774 1383 1849 contingit,
1397 1776 1431 1837 et
1443 1775 1593 1838 subditos
1609 1793 1688 1838 suos
1699 1779 1784 1851 flori,
1798 1780 1880 1840 dum
1894 1795 2011 1858 parum

358 1875 405 1938 ita
420 1876 569 1938 laxasset
581 1892 617 1937 os
629 1893 736 1950 suum,
752 1893 812 1939 neo
826 1878 874 1940 sic
885 1877 1154 1939 incircumcisum
1208 1871 1262 1932 vel
1278 1871 1362 1934 nihil
1378 1873 1410 1933 ei
1424 1873 1588 1946 deterunt,
1603 1875 1785 1938 insolentes
1800 1898 1807 1936 ε
1825 1891 2010 1954 superque

357 1973 483 2034 labium
498 1973 680 2036 habuisset.
697 1978 802 2045 Quum
822 1975 925 2052 igitur
941 1975 1069 2036 tantum
1087 1975 1154 2035 lin·
1208 1968 1315 2030 dictus
1346 1971 1521 2048 episcopus
1558 1972 1785 2048 Apostolicum
1820 1974 2009 2036 remedium

357 2087 431 2147 guae
445 2071 608 2132 lubricum
621 2087 687 2133 non
704 2073 747 2133 sit
762 2072 796 2133 in
807 2073 984 2150 praeposito
996 2072 1154 2149 praedicto
1207 2066 1408 2142 imploravit.
1426 2069 1508 2141 Quia
1524 2084 1604 2132 vero
1619 2070 1675 2148 qui
1691 2085 1727 2132 se
1742 2065 1811 2135 scit¹
1833 2072 1915 2133 aliis
1936 2087 2008 2134 esse

357 2168 573 2245 palpandum,
590 2185 651 2229 nos
666 2185 732 2230 non
756 2170 799 2230 ab
821 2170 899 2242 alio,
929 2169 986 2231 sed
1011 2186 1031 2231 a
1056 2168 1153 2232 nohis
1207 2165 1422 2242 prepositum
1437 2167 1485 2228 sic
1500 2167 1596 2229 debet
1614 2183 1762 2244 praeesse
1782 2169 1958 2247 subjectis,
1975 2171 2008 2230 nt

357 2266 470 2344 puniri
485 2266 635 2328 volentes
649 2267 717 2328 tam
733 2266 870 2343 grandis
882 2263 1079 2330 temeritatis
1093 2283 1154 2328 ex·
1207 2263 1368 2338 permissa
1384 2263 1448 2324 sibi
1464 2266 1625 2340 potestate
1649 2273 1715 2328 non
1731 2265 1887 2329 videatur
1903 2267 2004 2338 abuti,

357 2379 500 2436 cessum,
522 2364 716 2427 discretioni
739 2367 859 2426 vestrae
884 2381 943 2442 per
963 2365 1153 2442 apostolica
1207 2359 1400 2422 discretioni
1432 2362 1553 2424 vestrae
1579 2378 1639 2439 per
1663 2363 1856 2440 apostolica
1881 2365 2004 2442 scripta

358 2461 481 2538 scripta
490 2461 698 2534 mandamus,
713 2463 888 2540 quatenus,
901 2462 1042 2524 veritate
1053 2478 1153 2540 super
1207 2457 1413 2530 mandamus,
1431 2461 1605 2536 qnatenus,
1633 2462 1782 2537 partibus
1798 2464 2003 2536 convocatis,

356 2559 419 2620 hoc
435 2559 626 2635 diligentius
640 2559 811 2637 inquisita,
828 2559 934 2632 nobis,
949 2561 1035 2638 quod
1051 2561 1150 2622 inve·
1206 2557 1240 2616 et
1253 2557 1377 2617 auditis
1393 2557 1564 2620 hincinde
1580 2560 1770 2636 propositis,
1792 2577 1934 2622 oausam
1949 2577 2005 2620 re-

356 2656 486 2729 neritis,
501 2673 560 2734 per
572 2656 701 2720 litteras
714 2659 843 2720 vestras
855 2657 998 2720 fideliter
1008 2673 1152 2735 expana—
1206 2653 1343 2714 mittatis
1377 2654 1418 2716 ad
1447 2670 1508 2716 nos
1545 2655 1752 2718 sufficienter
1793 2659 2001 2729 instructam,

354 2753 398 2816 tis
411 2776 418 2815 :
432 2755 508 2816 atsi
523 2753 691 2816 fueritille
704 2753 890 2832 culpabilis,
903 2772 1001 2832 poena
1013 2756 1151 2818 decente
1205 2749 1415 2827 praefigentes
1439 2752 1588 2828 partibus
1612 2753 1790 2816 terminum
1807 2757 2003 2834 competen-

357 2853 489 2930 plenius
508 2853 703 2925 instruatur,
727 2870 826 2930 quam
846 2869 948 2930 grave
973 2853 1026 2926 sit,
1041 2853 1152 2915 homi-
1205 2849 1282 2920 tem,
1300 2865 1364 2926 quo
1380 2865 1439 2925 per
1464 2865 1500 2910 se
1526 2851 1580 2912 vel
1601 2866 1661 2927 per
1682 2855 1919 2929 procuratores
1934 2852 2004 2914 ido-

356 2949 638 3011 nemsuiordinis
662 2950 695 3011 et
718 2951 831 3022 oflicii,
848 2953 1006 3028 tanquam
1020 2951 1152 3012 modes·
1205 2959 1286 3006 neos
1311 2948 1427 3008 nostro
1456 2961 1493 3008 se
1528 2949 1720 3024 conspectui
1748 2951 2000 3026 repraesentent,

354 3047 410 3108 tiae
425 3047 585 3119 nescium,
603 3047 635 3108 et
659 3047 794 3124 pudoris
815 3048 980 3123 ignarum,
1007 3048 1048 3109 ad
1065 3063 1149 3108 con·
1200 3045 1337 3118 justam,
1355 3045 1491 3105 auctore
1507 3045 1658 3117 Domino,
1675 3047 1875 3108 sententiam
1890 3061 1999 3122 recep

354 3144 545 3206 viciandum
570 3159 644 3206 esse
667 3147 735 3206 tam
766 3143 908 3217 facilem,
939 3148 973 3207 et
994 3161 1031 3206 os
1053 3159 1149 3206 snum
1205 3140 1282 3200 turi.
1298 3143 1416 3202 Datum
1433 3143 1600 3215 Laterani,
1625 3144 1655 3203 ΙΙ
1670 3159 1776 3204 nonas
1800 3144 1998 3212 decembris,

353 3240 565 3303 assuefacere
580 3240 777 3304 maledictis.
794 3243 913 3302 Datum
926 3243 1095 3314 Laterani,
1120 3245 1150 3303 11
1204 3253 1293 3298 anno
1308 3252 1407 3301 nono.

354 3353 460 3399 nonas
485 3339 680 3411 decembris,
706 3338 916 3416 pontificatus
940 3340 1046 3401 nostri
1061 3356 1149 3401 anna

259 3434 265 3446 ’
354 3450 454 3496 nono.

1555 3559 1643 3648 XLI

716 3679 783 3766 XL
1215 3720 1267 3779 Ad
1289 3719 1477 3795 magistros
1494 3723 1526 3781 J.
1548 3723 1582 3782 et
1605 3725 1645 3782 R.
1666 3723 1927 3786 archidiaconos
1949 3723 1981 3783 et
2093 3669 2094 3688 ³

351 3849 403 3908 Ad
428 3847 638 3924 maptstram
658 3851 689 3909 J.
713 3850 746 3912 at
770 3851 810 3910 R.
835 3854 1094 3913 archidiaconos
1114 3857 1146 3914 et
1243 3817 1429 3878 Rwherum
1441 3821 1646 3881 ffl'wmwm
1658 3822 1955 3884 Catalaunsslsstm·

390 3947 575 4006 Rioberzaa
589 3949 793 4008 canonicam
806 3947 1104 4011 catalaunensem.
1475 3959 1491 4014 7
1503 3957 1633 4016 decemb.
1651 3961 1731 4018 1111.

620 4093 778 4154 Μθθθῐῃῠ,
796 4097 874 4155 mg·
1356 4080 1465 4146 [Notices
1477 4086 1503 4132 et
1514 4081 1637 4143 Extraits,
1651 4085 1718 4142 xxi.
1733 4099 1762 4144 n,
1776 4084 1843 4152 na]

507 4235 618 4299 [notiam
629 4242 655 4287 at
666 4237 787 4296 Emit&
801 4238 867 4298 xxi,
882 4238 913 4296 11,
924 4239 990 4304 m]
1200 4203 1249 4262 Eis
1268 4203 1384 4263 mandat
1395 4213 1427 4264 nt
1441 4206 1577 4264 Garinum
1594 4207 1726 4268 abbatam
1745 4209 1773 4268 S.
1789 4210 1859 4284 Apri
1880 4218 1910 4270 et
1932 4223 1977 4268 rao

989 4349 1009 4369 ,
1235 4292 1343 4350 uacbos
1368 4293 1432 4366 eius
1458 4295 1616 4364 Tullenses,
1644 4297 1692 4369 qui
1719 4311 1818 4356 coram
1846 4294 1991 4358 Portuensi

351 4367 400 4426 Els
410 4365 527 4424 mandat
541 4375 572 4425 ut
585 4384 670 4440 super
685 4371 987 4430 excommunicationis
1003 4377 1144 4434 sententia
1233 4381 1379 4454 episcopo,
1395 4383 1567 4456 Apostolicae
1589 4385 1671 4443 Sedis
1691 4386 1799 4461 legato,
1815 4386 1944 4446 Odorem
1957 4383 1990 4441 dc

385 4457 413 4513 in
434 4455 562 4514 odonem
582 4455 618 4514 de
633 4459 731 4530 Sorcy,
756 4459 920 4534 episcopum
941 4463 1145 4532 Tallemand
1234 4469 1321 4544 Sorcy
1341 4485 1357 4528 a
1377 4470 1446 4528 sede
1466 4473 1579 4545 propria
1597 4475 1776 4546 expulerant,
1798 4472 1988 4536 excommuni-

385 4543 560 4602 Theoderico
575 4545 791 4619 archiepiscopo
803 4548 964 4606 trevirensi
974 4551 1042 4622 lata,
1056 4553 1145 4626 iuqui-
1233 4565 1313 4616 catos
1325 4559 1438 4631 publice
1457 4562 1599 4618 nuntient.

382 4638 456 4700 rant,
470 4638 498 4688 et
510 4645 627 4689 causam
637 4631 812 4691 sufficienter
826 4633 992 4692 instructam
1005 4637 1041 4694 ad
1054 4639 1143 4712 Apos-

315 4801 319 4813 .
383 4722 497 4779 tolicam
511 4718 613 4777 Sedem
630 4720 784 4778 remittant.

1237 4685 1406 4748 Honorius
1415 4687 1590 4764 episcopus
1601 4703 1730 4758 servus,
1739 4705 1912 4754 servorum
1920 4686 1985 4757 nai,

1198 4781 1327 4845 dilectis
1342 4783 1420 4844 tiliis
1432 4784 1603 4860 magistris
1617 4788 1648 4849 J.
1665 4788 1698 4848 et
1713 4789 1751 4850 R.
1768 4788 1862 4850 arob.
1878 4791 1911 4852 et
1930 4784 1986 4849 la-

386 4865 554 4926 H0110rius
566 4865 753 4942 episcopus,
764 4882 881 4928 servus
890 4873 1141 4946 SerVOrumDei,
1197 4878 1298 4942 cbero
1320 4881 1481 4944 canonico
1517 4883 1766 4958 catalaunensi,
1794 4881 1986 4948 salutemet

347 4962 477 5024 dilectis
499 4962 579 5024 filiis
594 4963 763 5040 magistris
776 4966 807 5027 J.
826 4967 860 5027 et
874 4969 913 5029 R.
932 4968 1145 5033 archidiaco·
1196 4977 1421 5053 apostolicam
1436 4976 1712 5043 benedictionem.

347 5061 399 5121 nis
411 5064 442 5123 et
453 5060 608 5133 Riobero,
619 5061 780 5124 canonico
792 5062 1039 5137 catalaunensi,
1050 5069 1144 5129 salu·
1236 5074 1351 5147 Qualis
1364 5076 1400 5137 in
1413 5077 1462 5138 eis
1478 5077 1534 5154 qni
1550 5079 1736 5154 peccantia
1751 5081 1863 5156 patres
1877 5080 1985 5142 videa-

345 5156 412 5219 tem
427 5159 460 5220 et
474 5159 698 5234 apostolicam
714 5158 990 5225 benedictionem.
1195 5170 1250 5233 tur
1273 5171 1442 5235 damnatio
1467 5173 1653 5248 imminere,
1676 5177 1790 5250 (ibam,
1817 5175 1879 5241 tilii
1906 5177 1982 5242 Noa

385 5257 425 5317 nt
439 5256 469 5316 si
482 5270 550 5316 non
573 5255 616 5318 sit
639 5255 674 5318 in
696 5255 824 5319 honore
837 5259 924 5336 patri
945 5259 1034 5323 filius
1047 5261 1140 5325 adae·
1195 5284 1292 5346 poena
1307 5270 1458 5334 testatur.
1474 5272 1510 5334 si
1527 5275 1638 5336 autem
1650 5272 1721 5346 ille,
1742 5275 1822 5351 quia
1840 5270 1982 5352 pudenda

345 5353 508 5432 quandus,
530 5353 723 5431 parentibus
737 5357 861 5428 tamen
886 5373 960 5419 cum
974 5358 1140 5422 ,innitun-
1194 5367 1300 5442 patris
1314 5368 1461 5430 carnalis
1476 5384 1543 5432 non
1568 5370 1719 5446 operuit,
1737 5372 1867 5435 exstitit
1879 5369 1981 5432 male·

344 5454 399 5513 tur
413 5451 548 5521 rationi,
562 5451 622 5512 tilii
639 5453 898 5530 praeponnutur:
916 5455 964 5517 sic
976 5457 1065 5518 enim
1079 5459 1141 5520 tri·
1194 5462 1315 5537 dictus,
1339 5481 1404 5543 qua
1430 5466 1706 5530 condemnatione
1731 5470 1808 5530 sunt
1827 5469 1917 5546 digni
1932 5461 1983 5542 qni

345 5547 494 5612 buendus
510 5549 560 5610 est
580 5548 688 5611 honor
700 5550 861 5625 patribus,
879 5553 915 5612 ut
929 5555 1040 5616 tamen
1060 5557 1139 5634 jus·
1194 5562 1411 5624 contumelias
1434 5562 1581 5626 inierunt
1611 5564 1760 5641 patribus
1782 5559 1983 5630 animarum!
