4274 6388
1867 179 1927 240 336

288 177 348 240 335
799 257 800 262 ¹
832 197 837 214 “
901 181 1078 244 HONORII
1099 181 1145 242 111
1166 181 1314 244 OPERA.

288 337 710 402 domtrs‘Grandimontiset
724 343 797 418 ejus
810 339 903 403 ceilae
919 343 954 402 in
967 357 1081 403 eorum
1135 341 1285 404 indicare
1311 299 1479 412 surerenas
1503 336 1621 403 'eleas
1645 337 1741 402 nobis
1754 329 1825 418 'per
1847 331 1927 402 sua's

289 434 488 496 dioecesibus
508 435 659 498 obtinent
685 438 800 498 oontm
826 437 932 515 ipsius
955 437 1081 514 regulae
1135 431 1924 511 litterasintimantesexponerent‚quaeillarum,

289 531 452 603 instituta,
479 533 543 594 sibi
570 533 717 595 iacerent
742 533 898 595 Ecclesiae
923 537 1080 596 Romanae
1136 533 1283 608 pensatis
1314 532 1465 593 omnibus
1493 531 1762 601 circumstantiis,
1797 529 1861 590 sibi
1893 531 1930 591 et

288 629 424 690 nomine
452 630 629 706 assignari,
652 631 685 691 et
712 630 880 693 distractis
905 631 1081 694 mobilibus
1135 629 1212 690 aliis
1226 629 1309 691 viris
1332 629 1548 706 prudentibus
1573 627 1682 704 potior
1695 627 1876 698 videretur,
1891 627 1928 688 ut

289 727 518 789 cumconsilio
541 727 727 804 aliquorum
741 744 784 788 ex
805 727 974 800 iratribus,
998 744 1081 805 quos
1136 726 1211 790 irati
1226 726 1375 788 consiliis
1390 725 1592 797 eorumdem,
1610 725 1667 802 qui
1681 724 1723 785 de
1735 725 1929 800 contingen·

288 825 381 900 prior
406 824 531 886 adhoc
557 824 693 886 duceret
723 824 939 901 deputandos,
965 841 1081 888 eorum
1134 823 1223 886 tibus
1257 825 1366 901 ipsum
1399 823 1569 900 negotium
1603 822 1745 884 scrutari
1776 822 1929 898 poterant

288 921 430 998 pretium
445 922 544 996 atque
571 920 708 982 mobilia
731 921 874 983 fideliter
895 937 1079 984 conserva·
1135 922 1267 998 plenius
1280 921 1465 993 veritatem,
1482 921 1517 981 in
1541 920 1657 982 eodem
1678 920 1813 995 negotio
1831 934 1929 982 secu-

288 1019 373 1087 rent,
397 1017 501 1078 donec
523 1017 563 1078 de
587 1017 670 1094 ipsis
701 1018 742 1078 ad
775 1018 952 1082 utilitatem
974 1019 1080 1096 ipsius
1135 1019 1206 1079 rius
1230 1018 1410 1096 procedere
1438 1019 1637 1080 valeremus.
1667 1018 1784 1092 Nuper
1815 1017 1927 1078 aretem

287 1113 415 1174 ordinis
435 1114 630 1175 duceremus
644 1113 743 1176 aliter
763 1115 1013 1191 providendum.
1030 1119 1080 1176 Tu

287 1223 378 1281 vero,
395 1209 498 1270 irater
512 1210 773 1288 archiepiscope,
789 1211 822 1274 et
835 1212 975 1274 dilectus
991 1213 1080 1274 illius

288 1307 330 1368 N.
366 1306 522 1368 officialis
549 1308 779 1381 Bituricensis,
817 1309 936 1386 quibus
969 1310 1002 1371 et
1037 1312 1078 1372 N.

289 1403 414 1465 decano
451 1405 652 1468 Bituricensi
694 1407 926 1468 executionem
966 1423 1080 1468 eorum

288 1517 362 1579 quaa
390 1504 468 1563 tunc
493 1500 719 1576 ordinavimus
754 1520 814 1580 pro
838 1505 1080 1582 tranquillitate

288 1599 395 1676 ipsius
430 1599 557 1659 ordinis
602 1600 758 1664 duximus
805 1600 1079 1670 demandandam‚

289 1696 389 1773 paulo
409 1698 482 1773 post
500 1697 619 1758 vestris
643 1697 738 1758 nobis
760 1698 880 1760 litteris
905 1687 1096 1773 intimatis,

289 1792 375 1872 quod
386 1810 445 1854 vos
462 1794 597 1869 praefato
608 1795 733 1855 decano
743 1795 891 1870 legitime
908 1797 1078 1869 excusato,

288 1891 329 1952 ad
339 1891 668 1954 Grandimontansem
680 1891 857 1953 ecclesiam
872 1893 1078 1965 accedentes,

288 1987 381 2048 illam
410 1988 585 2049 invenistis
614 1987 855 2050 incredibiliter
885 1989 1078 2051 desolatam.

289 2086 434 2161 Cumque
449 2084 597 2161 praelatae
609 2085 729 2146 litterae
742 2084 864 2146 ibidem
880 2085 1023 2148 luissent
1045 2089 1080 2146 in

288 2183 399 2244 vestra
424 2183 600 2258 praesentia
626 2181 785 2255 recitatae,
800 2183 868 2244 tam
887 2199 958 2256 vos,
982 2199 1079 2262 quam

289 2278 442 2340 nonnulli
455 2279 514 2340 alii
532 2279 610 2340 boni
625 2279 690 2340 viri
711 2279 767 2356 qui
792 2280 974 2356 praesentes
997 2281 1079 2342 ade·

288 2378 376 2446 rant,
394 2375 542 2437 videntes
554 2377 659 2440 totum
674 2377 824 2439 ordinem
850 2377 946 2452 gravi
961 2377 1082 2439 discri-

289 2472 372 2533 mini
387 2474 420 2534 et
438 2473 570 2535 damnis
595 2473 870 2550 irreparabilibus
895 2473 1078 2550 subjacere,

288 2570 318 2631 si
339 2585 379 2631 eo
393 2572 540 2647 tempore
564 2571 814 2647 publicarentur
838 2570 958 2632 litterae
983 2571 1081 2632 anta·
1115 2646 1118 2658 Ι

290 2668 398 2740 dictae,
420 2669 563 2729 duxistis
585 2667 766 2730 deliberato
783 2668 934 2740 consilio,
961 2668 1080 2729 statum

289 2764 396 2842 ipsius
412 2765 538 2826 ordinis
549 2765 644 2826 nobis
656 2766 748 2843 prius
764 2765 914 2842 plenarie
929 2765 1083 2825 intiman-

289 2863 379 2935 dum,
403 2878 501 2940 quam
525 2863 565 2924 ad
591 2879 690 2923 aures
713 2863 804 2940 regis
826 2864 858 2924 et
882 2862 1080 2939 principum,

291 2961 349 3036 qui
361 2961 472 3022 ordini
485 2959 663 3037 saepedicto
688 2961 775 3021 bona
794 2960 984 3038 hujusmodi
999 2975 1082 3020 con-

292 3057 450 3130 tulerunt,
465 3057 547 3133 ipsis
564 3056 721 3119 iratribus
737 3057 981 3135 inperpetuum
1005 3072 1084 3135 pro-

290 3154 412 3225 futura,
423 3154 572 3232 praedioti
582 3155 729 3216 mandati
744 3154 863 3216 notitia
880 3155 1080 3232 perveniret.

291 3251 480 3314 intimatum
500 3253 600 3313 etiam
625 3251 687 3314 luit
712 3251 820 3324 nobis,
843 3251 912 3312 tam
935 3267 996 3328 per
1009 3267 1081 3320 vos,

243 3407 245 3410 .
291 3365 390 3428 quarn
415 3365 475 3425 per
497 3350 619 3410 multos
640 3348 724 3411 alios
751 3349 815 3410 tide
838 3349 967 3424 dignos,
996 3349 1081 3425 quod

291 3443 524 3524 multiplicatis
549 3446 706 3508 iratribus
736 3447 863 3507 ordinis
895 3445 1081 3514 memorati,

291 3545 324 3606 et
339 3544 557 3620 eleemosynis
573 3559 646 3620 quaa
661 3544 729 3604 illis
749 3543 822 3604 dari
841 3543 1084 3604 consueverant

290 3641 485 3712 imminutis,
500 3641 603 3702 resad
619 3657 692 3701 eum
708 3642 829 3702 statum
841 3640 985 3710 devenit,
996 3638 1081 3716 quod

291 3739 398 3802 dictus
426 3739 507 3800 ordo
547 3754 614 3798 non
648 3737 846 3800 credebatur
873 3737 1082 3814 aliquatenus

290 3853 388 3914 posse
402 3837 594 3908 subsistere,
610 3835 639 3897 si
650 3851 690 3896 ea
703 3821 776 3912 quae
789 3837 884 3896 extra
899 3834 1005 3896 metas
1018 3834 1081 3897 ob-

288 3935 407 4002 tinent,
424 3934 472 3994 eis
486 3930 619 4010 penitus
643 3932 865 3994 auferrentur.
884 3933 991 4003 Quare
1006 3947 1082 3992 cum

290 4033 401 4108 priore
416 4044 455 4090 ac
473 4029 632 4092 fratribus
651 4031 844 4090 memoratis
864 4029 926 4090 luit
946 4028 1042 4090 nobis
1062 4044 1082 4090 a

290 4128 385 4190 vobis
398 4129 430 4188 et
445 4128 557 4188 multis
572 4127 649 4187 aliis
662 4127 834 4188 humiliter
848 4126 1080 4202 supplicatum,

1136 1115 1293 1192 praefatus
1307 1116 1559 1178 Aurelianensis
1570 1114 1759 1191 episcopus,
1777 1114 1810 1174 et
1824 1113 1931 1174 dilec-

1137 1215 1188 1273 tus
1210 1213 1299 1274 tilius
1319 1213 1527 1274 subdecanus
1542 1211 1795 1274 Aurelianensis
1814 1211 1928 1272 eccle-

1135 1310 1205 1381 siae,
1247 1311 1302 1372 cui
1336 1311 1443 1372 dictus
1476 1308 1735 1372 Cenomanensis
1771 1308 1927 1379 termino,

1135 1423 1232 1482 quem
1247 1407 1379 1468 clericis
1403 1410 1437 1470 et
1464 1407 1636 1469 conversis
1665 1403 1928 1478 Grandimontis,

1135 1519 1201 1564 una
1225 1520 1299 1565 cum
1315 1505 1443 1580 collega
1467 1519 1528 1566 suo
1551 1503 1708 1565 Biturici·
1730 1501 1929 1578 assignave-

1135 1602 1197 1672 rat,
1224 1601 1386 1664 interesse
1410 1618 1476 1663 non
1497 1601 1624 1672 valens,
1641 1599 1854 1662 commiserat
1871 1597 1927 1660 vi-

1135 1713 1303 1770 cesenas,
1332 1699 1401 1759 suis
1438 1699 1534 1760 nobis
1566 1697 1686 1762 litteris
1716 1696 1923 1767 intimarunt,

1135 1796 1221 1872 quod
1243 1811 1317 1858 cum
1339 1796 1374 1856 in
1396 1794 1450 1857 die
1481 1795 1696 1857 relevationis
1720 1791 1809 1855 beati
1832 1792 1928 1854 Guil-

1135 1892 1225 1952 lelmi
1247 1892 1448 1954 contessoris
1470 1893 1643 1954 venissent
1667 1889 1843 1959 Bituricae,
1869 1889 1927 1950 ubi

1134 1989 1297 2050 terminus
1312 1990 1384 2065 ipso
1397 1989 1451 2050 die
1465 1990 1506 2050 de
1516 1987 1681 2050 industria
1697 1985 1806 2048 iuerat
1816 1987 1927 2062 assig-

1134 2087 1243 2154 natus,
1265 2101 1305 2146 eo
1320 2085 1407 2162 quod
1423 2086 1527 2157 multi,
1545 2085 1668 2161 magni,
1692 2084 1725 2146 et
1741 2083 1926 2146 authentici

1135 2182 1201 2244 viri
1231 2183 1364 2244 venturi
1389 2183 1431 2244 ad
1467 2182 1710 2244 solemnitatem
1737 2181 1927 2258 hujusmodi

1136 2279 1365 2356 sperabantur,
1386 2281 1587 2340 invenerunt
1601 2279 1647 2339 ibi
1659 2293 1719 2340 vos
1733 2281 1767 2340 et
1779 2270 1924 2340 venera·-

1135 2377 1236 2438 bilem
1271 2378 1407 2440 tratrem
1443 2378 1593 2438 nostrum
1620 2377 1922 2438 claromontensem

1136 2475 1338 2551 episcopum,
1362 2478 1395 2538 et
1416 2475 1680 2545 cisterciensem,
1697 2489 1737 2534 ac
1751 2472 1926 2550 plusquam

1136 2572 1256 2647 viginti
1287 2571 1520 2633 cisterciensis
1559 2571 1688 2632 ordinis
1720 2570 1877 2642 abbates,
1894 2569 1928 2630 et

1138 2669 1248 2744 plnres
1271 2669 1355 2729 alias
1368 2684 1506 2744 magnas
1521 2667 1730 2728 authenticas
1753 2681 1925 2742 personas,

1136 2769 1203 2828 tam
1219 2766 1392 2840 religione,
1423 2781 1522 2842 quam
1544 2763 1809 2842 jurisprudentia
1834 2779 1928 2823 oom-

1137 2862 1359 2936 mendandas;
1377 2862 1489 2938 ibique
1504 2861 1721 2939 praesentibus
1735 2875 1832 2936 quarn
1848 2860 1926 2935 plu-

1136 2960 1231 3021 rimis
1247 2961 1378 3022 clericis
1398 2960 1431 3022 et
1446 2959 1617 3021 conversis
1644 2957 1811 3034 saepedicti
1836 2956 1928 3017 ordi-

1137 3058 1201 3131 nis,
1218 3062 1333 3120 tenore
1346 3058 1472 3132 regulae
1496 3057 1643 3132 ipsorum
1666 3053 1929 3130 diligenterins-

1137 3159 1243 3230 pecto,
1273 3154 1474 3216 invenerunt
1504 3154 1589 3230 qnod
1618 3153 1692 3228 ipsa
1721 3152 1838 3226 regula
1878 3150 1928 3210 eis

1137 3252 1308 3324 ecclesias,
1326 3253 1556 3330 possessiones
1584 3253 1679 3311 extra
1706 3251 1823 3321 metas
1851 3245 1929 3308 bes-

1136 3352 1212 3423 tias,
1223 3349 1380 3422 decimae,
1390 3348 1641 3420 redditusfora,
1658 3346 1838 3418 nundinas,
1853 3361 1928 3406 oau-

1137 3464 1191 3508 sas
1202 3449 1272 3509 sive
1279 3447 1419 3524 judicia,
1434 3447 1609 3523 quaestum,
1624 3444 1782 3521 quamdiu
1795 3459 1861 3504 una
1872 3443 1927 3504 die

1136 3547 1251 3606 vivere
1279 3544 1532 3622 quoquomodo
1567 3542 1722 3619 poterunt
1747 3541 1925 3603 interdicit.

1136 3643 1267 3705 Auditis
1281 3643 1385 3718 igitur
1398 3643 1431 3702 et
1443 3641 1595 3717 diligenti
1610 3640 1826 3702 meditatione
1846 3654 1929 3715 pen-

1137 3739 1218 3802 satis
1248 3723 1399 3800 omnibus
1435 3738 1632 3814 providendi
1658 3737 1764 3798 modis
1793 3737 1826 3798 et
1849 3735 1925 3807 viis,

1137 3853 1220 3914 quas
1235 3837 1300 3912 ipsi
1313 3835 1434 3896 iratres
1447 3835 1528 3896 olim
1549 3837 1793 3912 proposuerant
1815 3849 1928 3896 coram

1137 3934 1244 4006 nobis,
1260 3935 1315 3995 vel
1328 3933 1428 3995 etiam
1444 3931 1650 4009 postmodum
1666 3931 1855 4008 cogitarant
1868 3947 1929 3993 vo-

1136 4031 1265 4092 biscum
1293 4032 1425 4092 etcum
1464 4029 1664 4105 supradictis
1701 4028 1798 4090 bonis
1832 4028 1926 4099 viris,

1138 4129 1272 4206 propter
1297 4128 1361 4189 hoo
1386 4127 1522 4188 insimul
1544 4127 1766 4202 congregatis,
1793 4126 1929 4187 studue-

292 4225 328 4286 ut
343 4241 418 4285 oum
433 4225 473 4285 de
490 4225 559 4284 illis
575 4222 616 4285 ad
640 4224 814 4286 utilitatem
834 4224 939 4300 ipsius
955 4223 1083 4284 ordinis
1137 4226 1216 4288 runt
1225 4225 1377 4286 conferre
1390 4239 1429 4285 ao
1440 4224 1606 4286 discutere
1617 4225 1806 4300 diligenter,
1820 4223 1848 4283 si
1862 4237 1926 4300 quo

239 4369 259 4390 s
291 4323 468 4398 disponere
494 4321 702 4394 haberemus,
723 4322 821 4397 jnxta
850 4320 1082 4396 praedictarum
1137 4322 1233 4383 modo
1245 4322 1285 4382 de
1297 4320 1394 4382 bonis
1410 4335 1483 4397 quae
1498 4321 1570 4397 ipso
1586 4321 1667 4382 ordo
1683 4319 1809 4382 obtinet
1832 4319 1928 4381 extra

292 4419 531 4482 continentiam
547 4418 733 4479 litterarum
748 4417 781 4477 id
794 4418 936 4478 celerius
949 4417 1084 4479 allicere
1138 4421 1241 4480 metas
1252 4419 1301 4480 eis
1314 4419 1437 4495 posset,
1455 4418 1548 4479 salva
1562 4419 1690 4493 regula,
1712 4417 1840 4479 utiliter
1852 4431 1931 4493 pro-

292 4517 517 4593 dignaremur.
535 4515 628 4576 Licet
653 4515 757 4589 igitur
777 4515 927 4592 praedicti
948 4515 1080 4588 iratres,
1139 4516 1243 4578 videri
1260 4537 1268 4575 ε
1284 4517 1317 4578 et
1330 4517 1397 4578 tam
1412 4515 1507 4578 vobis
1527 4530 1626 4592 quam
1650 4516 1700 4576 eis
1722 4514 1930 4577 concorditer

292 4617 349 4694 qui
378 4614 489 4692 plures
518 4613 633 4674 modos
662 4613 864 4688 provisionis
892 4614 1083 4688 excogitare
1136 4615 1245 4676 visum
1261 4613 1332 4685 luit,
1349 4612 1515 4690 quodnisi
1534 4612 1651 4687 regula
1674 4613 1747 4688 ipsa
1763 4615 1931 4689 tempera-

291 4709 503 4781 ouraverant,
536 4706 743 4783 postularent
772 4707 947 4779 instanter,
975 4710 1011 4769 ut
1034 4708 1084 4769 eis
1138 4710 1276 4772 returin
1291 4711 1415 4786 aliquo,
1430 4709 1523 4769 nulla
1538 4709 1631 4770 utilis
1653 4709 1854 4786 provisionis
1874 4709 1930 4768 via

291 4807 472 4870 secundum
484 4821 586 4884 unum
597 4805 848 4882 provideremus
861 4804 1007 4878 illorum,
1022 4821 1083 4882 nos
1139 4810 1267 4885 poterat
1279 4807 1436 4878 inveniri,
1454 4822 1529 4866 cum
1550 4822 1665 4868 omnes
1689 4807 1777 4868 modi
1793 4805 1931 4881 excogi-

289 4907 401 4969 tamen
417 4905 453 4966 in
466 4901 656 4981 hujusmodi
670 4903 802 4978 negotio
817 4901 998 4978 procedere
1009 4919 1083 4963 oum
1137 4906 1198 4966 tati
1211 4905 1252 4965 ab
1265 4904 1389 4964 eisdem
1402 4903 1562 4965 iratribus
1578 4905 1612 4966 et
1635 4904 1677 4965 ab
1691 4905 1770 4965 aliis
1794 4903 1931 4964 obviare

292 5002 482 5065 necessaria
498 5000 688 5062 maturitate
706 4999 866 5072 volentes,
880 4999 1085 5062 venerabili·
1138 5003 1203 5080 ipsi
1225 5001 1351 5077 regulae
1373 5001 1577 5063 viderentur.
1606 5001 1810 5079 Adjecerunt
1830 5001 1930 5062 etiam

291 5100 353 5162 bus
367 5099 525 5161 iratribus
538 5098 671 5170 nostris,
684 5097 917 5159 Aurelianensi
933 5099 966 5160 et
978 5100 1085 5160 Ceno-
1138 5099 1288 5176 praedicti
1298 5099 1473 5174 episcopus
1484 5098 1517 5160 et
1526 5099 1747 5169 subdecanus,
1756 5098 1843 5174 quod
1856 5113 1931 5159 con·

292 5196 443 5260 manensi
465 5194 640 5271 episcopis,
668 5194 819 5256 dedimus
844 5195 879 5255 in
906 5196 1082 5266 mandatis,
1139 5196 1228 5260 versi
1243 5200 1276 5258 et
1294 5196 1409 5258 clerici
1430 5196 1580 5272 ejusdem
1602 5195 1743 5267 ordinis,
1769 5196 1826 5272 qui
1850 5195 1937 5256 ade·

292 5298 329 5359 ut
344 5295 436 5357 salva
452 5293 662 5354 institutione
677 5293 802 5369 regulae
824 5293 951 5355 ordinis
978 5310 1085 5371 saepe-
1139 5296 1214 5356 rant
1242 5294 1434 5370 praesentes,
1459 5296 1492 5354 et
1517 5294 1552 5352 in
1579 5293 1696 5354 ordine
1725 5293 1797 5369 ipso
1826 5292 1930 5355 multo

292 5395 383 5466 dicti,
400 5405 516 5453 ornnes
530 5391 603 5450 vias
618 5390 812 5465 providendi
833 5391 1000 5467 praedictis
1014 5391 1085 5453 ira·
1138 5391 1438 5468 temporeiuerant,
1453 5389 1621 5451 testificati
1636 5390 1715 5452 sunt
1729 5389 1860 5466 publice
1872 5405 1931 5451 co·

292 5494 399 5558 tribus
418 5506 478 5569 per
503 5503 540 5550 se
565 5488 656 5564 ipsos
678 5488 711 5549 et
733 5488 818 5550 alios
838 5490 1029 5566 excogitare
1044 5505 1083 5551 ac
1138 5505 1210 5550 ram
1227 5489 1287 5562 eis,
1302 5489 1387 5566 qood
1405 5502 1572 5565 utinquam
1585 5487 1742 5552 viderunt
1759 5487 1846 5564 quod
1873 5503 1930 5549 re-
