4244 6374
918 311 1094 372 HONORII
1116 311 1160 369 111
1182 309 1331 370 OPERA·
1886 307 1949 366 020

299 321 358 380 619

301 477 452 538 homines
479 473 593 535 contra
622 475 737 542 ileum,
752 485 818 533 non
846 469 953 532 solum
989 467 1097 530 noluit
1150 466 1234 528 sesto
1248 465 1338 528 beati
1354 463 1489 540 Georgii
1504 462 1754 540 procurationes
1765 462 1947 540 recipiebat

299 575 432 636 easdem
439 571 621 634 sententias
627 569 932 646 publicare,verum
943 567 1043 628 etiam
1051 566 1096 642 ip·
1151 562 1339 639 ibidemque
1355 561 1388 621 in
1410 561 1535 621 harche
1556 575 1616 621 sua
1632 559 1666 620 in
1682 559 1767 621 sesto
1783 559 1947 621 Purifica-

301 672 348 732 sis
363 667 659 732 excommunicatis
681 665 890 743 impudenter
911 663 1097 724 communi·
1149 660 1251 721 tionis
1277 658 1383 720 beata
1412 658 1559 733 Virginis
1589 657 1831 718 conducebant.
1865 659 1944 718 Cum

301 783 379 830 care
394 765 577 844 praesumit,
585 765 720 841 propter
731 761 817 840 quod
824 761 949 823 tulistis
961 775 1096 820 excom·
1150 759 1260 818 autem
1275 757 1383 834 primo
1402 757 1437 815 in
1453 755 1506 816 his
1527 755 1734 831 possessorio
1747 755 1878 830 egerint
1891 771 1947 830 pa-

302 863 540 926 munioationis
563 860 762 922 sententiam
789 859 824 919 in
853 857 1017 928 eumdem,
1031 871 1095 934 qua
1149 853 1297 916 triorche
1322 855 1356 914 et
1386 853 1562 929 episcopus
1596 852 1782 923 memorati,
1804 868 1866 912 nos
1888 867 1946 914 ecs

302 959 502 1034 contempta,
512 957 625 1017 divina
634 954 743 1016 cilicia
752 954 922 1016 celebrare
931 966 1097 1013 nonvere
1151 952 1192 1013 ad
1206 951 1523 1028 possessionem,vel
1535 950 1630 1026 quasi
1644 950 1851 1011 restituimus
1866 965 1949 1026 prae-

301 1056 366 1126 tur,
383 1055 418 1115 in
434 1053 530 1114 samse
545 1069 585 1112 ac
600 1052 720 1113 salutis
734 1067 804 1112 suae
825 1049 1043 1126 dispendium,
1064 1046 1097 1108 et
1151 1049 1326 1109 dictorum.
1345 1051 1467 1108 Verum
1482 1047 1560 1124 quia
1576 1048 1654 1107 hinc
1675 1046 1832 1123 petitorio
1850 1046 1949 1108 nihil-

302 1152 538 1213 ecclesiasticae
549 1149 733 1226 disciplinae
745 1148 978 1223 contemptum.
991 1146 1096 1217 Quum
1151 1147 1282 1206 ominus
1310 1146 1420 1206 actum
1440 1143 1502 1206 fuit
1525 1145 1558 1206 et
1580 1146 1721 1221 utraque
1744 1159 1822 1221 pars
1843 1145 1947 1206 totum

303 1263 383 1324 ergo
398 1253 445 1318 tu,
462 1246 510 1307 illi
526 1247 639 1317 abbas,
657 1243 895 1322 praedecessori
909 1243 967 1304 tuo
981 1256 1098 1304 succe-
1148 1247 1204 1320 jus
1229 1260 1325 1303 suum
1351 1243 1484 1304 videtur
1506 1243 1541 1302 in
1568 1243 1732 1318 judicium
1756 1240 1948 1312 deduxisse,

304 1345 382 1406 dere
397 1342 496 1404 debes
511 1343 546 1402 in
562 1341 755 1419 hujusmodi
771 1355 883 1411 onere,
898 1353 998 1416 quum
1008 1339 1098 1398 litte-
1151 1342 1230 1412 Nos,
1250 1339 1332 1400 visis
1347 1340 1628 1417 praedecesscrum
1647 1339 1838 1400 nostrorum
1851 1338 1953 1416 privi-

303 1456 351 1502 rae
373 1439 540 1517 predicte
569 1437 812 1500 commissionis
836 1453 903 1498 non
929 1435 1097 1512 expressis
1152 1436 1261 1513 legiis,
1275 1437 1513 1498 monasterium
1524 1437 1645 1514 ipsum,
1660 1435 1701 1496 de
1711 1434 1853 1497 fratrum
1868 1451 1951 1497 nos-

304 1553 519 1616 personarum
532 1536 589 1597 sed
603 1535 752 1598 locorum
765 1533 1098 1596 nominibusiuerunt
1151 1535 1279 1595 trorum
1302 1533 1453 1605 consilio,
1467 1533 1609 1594 liberum
1631 1549 1705 1594 esse
1725 1533 1948 1606 decernimus,

304 1635 498 1711 impetratae,
510 1633 705 1695 discretioni
716 1629 1115 1710 vestraepernpostoliea·
1152 1633 1185 1692 ct
1199 1631 1389 1693 immediate
1406 1631 1448 1692 ad
1471 1633 1655 1692 Romanam
1670 1629 1853 1692 Ecclesiam
1867 1646 1948 1708 per-

304 1733 426 1808 scripta
464 1731 660 1792 mandamus
689 1730 829 1792 tirmiter
861 1727 1095 1806 praecipiendo,
1153 1728 1279 1802 tinere;
1293 1727 1375 1788 illud
1388 1728 1424 1788 in
1437 1727 1618 1804 praemissis
1631 1727 1951 1805 etaliisquaejmis-

304 1833 467 1906 quatenus
488 1830 585 1904 juxta
609 1828 759 1906 praedicti
782 1828 929 1888 mandati
949 1827 1098 1887 tenorem
1153 1824 1332 1887 dictionem
1360 1826 1393 1886 et
1421 1823 1662 1901 subjectionem
1688 1824 1875 1900 respiciunt
1907 1824 1949 1885 ab

305 1927 353 1987 sic
367 1925 545 2001 diligenter
564 1927 599 1986 in
618 1925 749 2000 negotio
768 1923 955 2001 procedatis
970 1922 1096 1993 eodem,
1153 1922 1361 1998 impetitione
1384 1921 1548 1983 dictorum
1580 1920 1780 1998 patriarchae
1804 1922 1837 1983 et
1859 1922 1952 1999 epis-

304 2023 390 2100 quod
413 2024 532 2084 vestrae
552 2021 761 2082 recitudinis
782 2020 874 2082 zelus
894 2019 972 2080 inde
996 2019 1099 2096 possit
1154 2019 1228 2095 copi
1245 2019 1465 2090 absolventes
1480 2033 1546 2079 non
1567 2017 1720 2080 obstante
1739 2019 1951 2096 possessione

305 2120 424 2182 merito
436 2118 675 2188 commendari,
687 2117 790 2178 nullis
806 2117 925 2179 litteris
938 2115 1101 2176 obstanti·
1154 2115 1243 2177 circa
1259 2115 1417 2191 praedicta
1435 2115 1584 2192 probata,
1600 2132 1676 2176 cum
1690 2131 1756 2176 non
1777 2115 1952 2178 docuerint

305 2215 379 2287 bus,
391 2216 509 2276 harum
521 2217 638 2277 tenore
652 2215 794 2286 tacito‚a
810 2214 896 2275 Sede
910 2213 1098 2290 Apostolica
1154 2229 1190 2273 se
1204 2213 1295 2274 tanto
1308 2215 1456 2290 tempore
1471 2212 1554 2275 talia
1567 2213 1767 2290 percepisse,
1785 2213 1870 2289 quod
1891 2229 1951 2289 per

305 2313 501 2389 impetratis.
528 2313 646 2375 Datum
671 2312 839 2378 Laterani,
853 2312 883 2372 Il
905 2327 982 2372 non.
1007 2310 1097 2380 maii,
1154 2310 1217 2370 hoc
1235 2309 1397 2371 libertatis
1412 2309 1515 2372 luerit
1533 2308 1721 2385 privilegiis
1742 2309 1949 2385 derogatum.

307 2409 517 2486 pontificatus
531 2409 635 2470 nostri
649 2423 737 2470 anno
750 2410 879 2470 octavo.
1155 2407 1376 2468 Reservantcs
1387 2408 1498 2467 tamen
1509 2407 1664 2483 episcopo
1675 2406 1865 2483 supradicto
1876 2423 1952 2484 quae

1155 2505 1245 2565 circa
1256 2504 1414 2576 chrisma,
1426 2503 1536 2564 oleum
1548 2505 1709 2575 sanctum,
1722 2503 1952 2565 ordinationes

658 2605 754 2692 CCV
1155 2601 1353 2662 clericorum
1373 2602 1407 2663 et
1427 2601 1579 2677 quaedam
1594 2601 1662 2661 alia
1682 2601 1717 2660 in
1739 2600 1865 2662 eisdem
1880 2602 1953 2678 pri-

915 2773 917 2780 ,
1042 2748 1061 2762 ..
1155 2698 1287 2774 vilegiis
1323 2698 1516 2774 specialiter
1548 2698 1772 2760 reservantur.
1800 2697 1849 2760 Ad
1878 2698 1952 2760 haec

346 2752 398 2810 Aa
411 2749 566 2810 abbatem
585 2749 619 2810 et
636 2749 842 2810 conventum
856 2748 1061 2808 mmm
1155 2810 1230 2858 cum
1252 2794 1293 2856 de
1310 2795 1491 2872 praemissis
1513 2795 1753 2872 quinquaginta
1773 2795 1889 2857 solidis
1908 2795 1952 2857 ad

490 2848 525 2908 ’ς’
542 2847 916 3026 &mazzanam
1028 2963 1031 2970 ,
1156 2891 1371 2969 subjectionis
1390 2891 1550 2954 indicium
1570 2907 1590 2954 a
1610 2892 1801 2969 patriarcha
1826 2893 1870 2954 sit
1889 2909 1951 2954 ac-

420 3082 570 3146 [Cornelius.
584 3081 702 3134 Ecclesia)
711 3083 823 3140 Veneta,
838 3081 900 3141 viil,
911 3081 980 3146 ses]

1155 2992 1236 3062 tum,
1253 3005 1313 3067 per
1331 2991 1529 3053 sententiam
1545 2990 1735 3068 hujusmodi
1751 2990 1784 3050 ei
1798 3004 1865 3052 non
1878 2991 1953 3052 adi-

1156 3088 1290 3159 mimus,
1314 3087 1342 3148 si
1366 3087 1433 3148 alio
1452 3089 1530 3164 jnre
1554 3087 1595 3148 de
1620 3087 1703 3164 ipsis
1723 3088 1870 3164 experiri
1891 3104 1954 3150 vo-

309 3189 441 3247 bccernit
455 3195 486 3246 ut
501 3189 704 3246 monesterium
719 3187 812 3260 ipsum
826 3187 861 3245 nb
876 3189 953 3244 omui
969 3188 1005 3245 rit
1016 3187 1100 3260 juris·
1156 3185 1256 3247 luerit
1279 3185 1486 3262 potestatem.
1509 3184 1602 3246 Nulli
1625 3201 1715 3261 erge,
1733 3187 1808 3258 eto,
1823 3185 1952 3246 diiilni-

344 3277 468 3334 dictione
488 3282 652 3348 exemptum
672 3281 701 3333 el
720 3275 785 3336 sedi
805 3276 975 3349 Apostolicre
997 3276 1098 3334 imme·
1156 3282 1257 3343 tionis
1285 3281 1480 3357 infringere,
1497 3282 1558 3343 etc.
1577 3281 1612 3343 Si
1625 3281 1699 3359 quis
1714 3282 1836 3354 autem,
1854 3283 1916 3344 etc.

342 3364 418 3422 (nile
432 3363 601 3437 Subiessfflffl·
1196 3381 1315 3442 Datum
1334 3379 1501 3450 Laterani,
1523 3381 1553 3440 11
1573 3395 1679 3441 nonas
1704 3379 1796 3453 maii,
1818 3379 1954 3457 pontiil-

348 3479 711 3556 Honoriusepiscopus,
723 3495 839 3542 servus
849 3496 1020 3542 servorum
1029 3481 1099 3553 Dei,
1157 3476 1252 3537 catus
1267 3477 1373 3537 nostri
1388 3491 1478 3537 anno
1492 3478 1620 3538 octavo.

310 3577 439 3638 dilectis
452 3577 530 3638 filiis
545 3576 657 3640 abbati
667 3582 700 3641 et
713 3579 893 3640 conventui
908 3577 1101 3640 monasterii

310 3677 343 3737 S.
361 3675 495 3752 Georgii
516 3675 558 3736 de
570 3675 731 3748 venetiis,
748 3675 900 3747 salutem,
919 3677 980 3737 etc.

349 3775 386 3834 ln
409 3789 512 3834 causa
534 3790 608 3850 quae
630 3773 792 3836 intervos
813 3787 856 3835 ex
875 3775 969 3850 parte
988 3789 1055 3834 una
1070 3775 1103 3835 et

307 3871 515 3932 venerabiles
553 3870 673 3932 iratres
710 3873 842 3933 nostros
878 3871 1102 3949 patriarcham

310 3968 513 4030 Gradensem
546 3969 616 4030 et...
652 3968 845 4045 episcopum
877 3969 1102 4030 castellanum

309 4081 409 4142 super
423 4065 628 4141 subjectione
644 4065 836 4127 monasterii
852 4080 895 4126 ex
906 4065 1012 4128 altera
1026 4083 1103 4128 ver-

310 4162 451 4235 tebatur,
470 4163 658 4225 invenimus
680 4177 739 4239 pro
766 4163 957 4240 patriarcha
982 4163 1104 4240 proba-

1496 3699 1612 3788 CCVI

1197 3833 1249 3890 Ad
1274 3832 1429 3892 abbatem
1451 3833 1487 3894 S.
1515 3835 1682 3907 Cypriani
1710 3837 1915 3898 Torceuanae

1428 3933 1594 4001 dioecesis,
1612 3930 1674 3992 etc.

1458 4051 1474 4107 7
1486 4050 1554 4108 maii
1572 4051 1651 4109 isti.

1340 4163 1458 4227 [Ughsllb
1469 4163 1542 4215 ltalia
1556 4180 1635 4226 sacre,
1646 4166 1677 4224 V,
1690 4166 1772 4232 ltili]

314 4261 385 4320 tum
404 4259 490 4337 quod
512 4259 547 4319 in
567 4259 640 4336 ipso
660 4260 862 4320 monasterio
881 4259 1104 4336 recipiebatur
1158 4269 1206 4328 Eis
1222 4269 1339 4326 mundet
1352 4276 1385 4327 ut
1398 4285 1485 4342 quum
1507 4274 1713 4354 monesterium
1737 4275 1764 4333 S.
1785 4274 1902 4347 Georgii
1920 4273 1956 4331 de

312 4355 605 4433 processionaliter
628 4371 703 4416 cum
722 4355 870 4429 incenso,
889 4371 976 4432 aqua
998 4355 1103 4418 bene·
1192 4359 1320 4416 venetiis
1338 4358 1373 4416 nb
1388 4361 1466 4416 omni
1481 4359 1649 4432 patriarche
1664 4361 1819 4420 Gradensis
1832 4371 1861 4420 et
1875 4364 1952 4435 epis·

311 4451 399 4513 dicta
427 4449 459 4512 et
482 4451 591 4523 icona,
613 4451 645 4512 et
669 4451 801 4528 quando
829 4453 1058 4515 revertebatur
1083 4469 1103 4514 a
1192 4446 1955 4523 coplcastellanijurisdictioneexemit,bencexeurp

310 4549 422 4611 Gradu
445 4546 665 4625 pulsabantur
688 4548 733 4608 ibi
759 4563 928 4625 campanae
956 4551 1043 4613 sicut
1068 4551 1103 4611 in
1192 4534 1299 4591 ¹¹⁰¹¹0m
1316 4535 1433 4592 tirmiter
1444 4536 1589 4594 ⁰b⁸erv³ri
1603 4535 1717 4594 iaciant.

310 4647 387 4709 aliis
402 4645 554 4708 ecclesiis
568 4644 712 4708 civitatis
727 4667 735 4706 ε
750 4645 783 4707 et
792 4647 878 4723 quod
891 4646 993 4708 abbas
1002 4664 1104 4724 quan·
1198 4651 1365 4712 Honorius
1376 4653 1561 4730 episcopus,
1574 4669 1691 4714 servus
1701 4668 1872 4716 servorum
1880 4655 1953 4724 Dei,

310 4747 417 4822 doque
439 4743 499 4806 ivit
523 4743 564 4805 ad
586 4741 749 4822 synodum
780 4743 979 4819 patriarchae
996 4745 1102 4821 ¹quin·
1159 4747 1290 4810 dilectis
1319 4746 1398 4809 tiliis
1427 4748 1538 4811 abbati
1569 4752 1601 4810 S.
1627 4751 1786 4828 Cypriani
1813 4752 1954 4814 Torcel-

311 4843 470 4920 quaginta
487 4840 669 4904 solidorum
683 4841 877 4902 venetorum
892 4841 1057 4902 minorum
1073 4841 1104 4902 ei
1159 4844 1245 4906 lanae
1275 4845 1440 4918 dioecesis,
1466 4848 1499 4908 et
1514 4847 1644 4910 Sanctae
1657 4849 1773 4910 Mariae
1788 4849 1891 4910 Novae
1914 4849 1955 4910 de

310 4939 492 5018 perplures
508 4954 613 5000 annos
628 4938 815 5000 exsolvens.
830 4937 1008 5000 Probatum
1024 4951 1104 4999 vero
1158 4942 1319 5015 venetiis,
1345 4942 1379 5004 et
1394 4945 1523 5006 Sanctae
1538 4945 1655 5008 Mariae
1677 4946 1718 5007 de
1732 4947 1864 5009 Avariae
1883 4949 1954 5008 Pe-

311 5052 372 5115 pro
386 5023 798 5114 episcopc'inveniturqui
812 5034 961 5111 ejusdem
976 5051 1105 5096 monas·
1160 5037 1278 5100 duanis
1307 5039 1484 5116 prioribus,
1503 5041 1644 5105 salutem
1671 5043 1704 5105 et
1729 5043 1955 5121 Apostolicam

310 5133 388 5197 terii
414 5135 622 5197 confirmavit
647 5132 795 5205 abbates,
817 5131 872 5209 qui
894 5133 926 5193 ei
947 5131 1106 5194 obedien·
1159 5135 1436 5199 benedictionem.

311 5233 393 5294 tiam
415 5231 448 5292 et
471 5231 693 5292 reverentiam
711 5229 955 5307 impenderunt,
969 5229 1104 5291 abbates
1199 5235 1236 5293 In
1261 5249 1374 5306 causa,
1401 5251 1475 5311 quae
1501 5237 1590 5297 inter
1609 5236 1819 5299 venerabiles
1834 5237 1955 5298 iratres

311 5329 412 5392 etiam
423 5327 570 5404 ejusdem
581 5327 776 5389 monasterii
788 5327 828 5388 ad
840 5327 983 5405 synodos
993 5327 1105 5390 venie·
1159 5331 1291 5420 nostros
1306 5329 1531 5406 patriarcham
1547 5330 1750 5394 Gradensem
1766 5334 1799 5394 et
1823 5333 1955 5410 episco-

311 5426 391 5488 hant
402 5423 549 5502 episcopi
561 5427 593 5486 et
604 5425 692 5485 idem
703 5425 744 5486 ad
756 5425 933 5501 exsequias
944 5425 1104 5488 invitatus
1159 5442 1237 5503 pum
1252 5427 1475 5489 castellanum
1490 5440 1534 5489 ex
1548 5430 1642 5505 parte
1657 5446 1735 5502 una,
1752 5432 1786 5493 et
1801 5429 1955 5492 abbatem

311 5520 535 5601 recipiebatur
562 5522 855 5599 processionaliter
879 5538 952 5583 cum
980 5523 1104 5584 solem·
1159 5525 1191 5585 et
1228 5525 1426 5586 conventum
1459 5527 1654 5588 monasterii
1691 5529 1724 5588 S.
1752 5527 1887 5604 Georgii
1914 5528 1956 5590 de

313 5619 416 5683 nitate
439 5620 596 5697 predicta
626 5635 665 5680 ac
699 5619 853 5682 similiter
884 5619 1044 5682 invitatus
1070 5621 1104 5681 in
1160 5621 1320 5694 venetiis,
1345 5637 1445 5699 super
1467 5621 1671 5700 subjectione
1692 5624 1799 5700 ipsius
1818 5639 1955 5685 monas-
