4226 6372
239 135 354 216 'seo
489 157 494 174 ‘
899 151 1089 213 naonorur
1110 151 1157 212 111
1178 153 1327 214 ornan.
1455 145 1465 158 ‘
1702 194 1707 202 .
1886 153 1953 214 coo

296 309 521 370 consecrationis
535 307 660 368 basilica
673 308 768 367 Sancti
787 295 873 366 Pe'trl.
890 309 1003 367 Sensim
1015 309 1087 366 alio·
1143 307 1235 366 solum
1245 307 1406 377 sanctitate,
1421 305 1473 366 aed
1484 309 1572 366 animi
1585 310 1699 378 virute,
1711 309 1950 382 longanimitate,

249 409 259 423 '
297 415 360 456 rum
375 398 567 456 scelernmrei
582 397 726 470 paritario
741 396 842 454 iisdem
855 396 1086 455 diebusanotbe-
1143 395 1289 462 etindolis
1303 403 1331 453 et
1346 403 1455 453 nature
1468 395 1583 453 dotibus
1598 397 1782 468 conspicuus.

297 495 373 544 mate
388 487 515 560 percussi
530 486 619 555 luere,
639 492 771 557 eiusque
792 486 827 542 nd
848 486 998 558 praesentia
1013 493 1086 542 tem·
1181 485 1304 544 Venerat
1323 485 1408 540 etiam
1420 482 1490 540 hora
1508 499 1641 556 suprema
1655 485 1772 541 llonorii
1788 487 1828 544 lll
1846 488 1878 544 P.
1891 488 1948 558 li,

297 590 366 650 poro
389 575 583 647 perseveravit
605 575 634 631 lo
657 575 778 632 solemni
796 573 843 632 dic
866 575 960 633 Coeuae
975 574 1089 632 Domini
1143 573 1192 644 qui
1210 573 1255 629 sui
1267 570 1439 662 desiderium
1455 571 1568 644 reliquit
1578 571 1653 644 apud
1668 573 1772 631 Christi
1786 573 1895 644 tideles,
1914 582 1947 632 et

297 679 360 724 moa
375 662 576 737 pronuntiandi
594 662 788 720 anathemata.
1144 659 1219 733 apud
1231 667 1349 717 cosmos
1368 661 1445 718 viros
1459 659 1561 716 bonos.
1573 663 1611 729 ls,
1621 675 1711 732 nsque
1721 677 1807 731 nune,
1823 677 1880 719 oon
1892 663 1950 720 luit

332 753 402 812 Cum
416 750 566 808 Frederico
580 751 751 823 imperatore
766 751 901 808 nonnulla
916 753 977 824 egit
991 752 1087 808 liono-
1144 750 1213 806 satis
1221 749 1354 812 laudatos
1366 748 1402 805 ab
1422 747 1548 806 historiae
1561 750 1756 821 scriptoribus,
1772 765 1866 822 neque
1880 751 1950 822 ejus

296 841 367 909 rius,
380 840 425 896 eui
440 838 629 910 exprobrabat
649 838 760 896 urbium
775 846 804 895 et
815 840 922 912 jurium
936 839 1088 895 ecclesias·
1144 851 1230 909 opera
1244 838 1273 892 in
1288 837 1432 909 publicum
1444 836 1585 908 prodiere,
1601 845 1721 910 excepta
1738 840 1844 906 Quinto
1859 841 1947 897 Com-

297 929 417 988 tioorum
436 927 625 984 invasionem.
653 927 753 984 Eidem
778 935 875 999 postea
905 925 1091 984 nihilominus
1141 926 1280 995 pitattoue
1304 925 1499 982 decretalium.
1522 928 1682 984 Innocentii
1700 929 1742 984 lll
1763 927 1837 984 lama
1858 927 1949 998 quasi

256 1075 258 1083 s
297 1017 460 1076 conciliavit
480 1013 685 1087 Langobardos
704 1023 731 1072 et
750 1015 932 1072 concordiam
952 1013 1025 1072 inter
1038 1014 1091 1072 hos
1145 1028 1249 1070 nocere
1262 1013 1324 1088 viso
1337 1021 1380 1070 est
1393 1013 1419 1068 ei
1435 1015 1482 1085 qni
1498 1014 1699 1071 Pontificatum
1714 1013 1808 1072 abillo
1820 1016 1948 1087 accepit,

296 1095 628 1172 castrametantibus
648 1111 744 1160 mente
762 1111 791 1160 ut
811 1103 978 1160 Fredericus
1002 1119 1088 1175 expe·
1144 1108 1173 1157 et
1187 1102 1260 1157 inter
1277 1101 1494 1174 jurisconsultos
1511 1115 1616 1160 nomeu
1630 1104 1760 1176 Gregorii
1776 1103 1815 1160 IX
1829 1119 1946 1176 praeva-

297 1193 433 1252 ditionem
459 1195 552 1249 Terrae
577 1193 688 1249 Sanctae
718 1191 832 1248 tandem
861 1199 1088 1262 persequeretur.
1145 1190 1195 1246 luit
1223 1204 1287 1262 pre·
1303 1191 1420 1246 nomine
1446 1191 1564 1246 lionorii
1586 1193 1636 1247 lll.
1661 1192 1698 1248 At
1722 1206 1779 1248 non
1806 1192 1950 1264 indignus

297 1279 353 1339 Sed
367 1294 425 1336 non
435 1279 461 1336 ei
475 1277 573 1336 datum
586 1285 630 1334 est
643 1285 674 1335 nt
689 1277 797 1336 videret
809 1279 1012 1350 imperatorem
1025 1292 1091 1334 oum
1146 1276 1196 1333 luit
1210 1278 1353 1334 Honorius
1373 1281 1413 1336 lll
1422 1279 1469 1350 qui
1485 1279 1558 1334 inter
1572 1280 1770 1336 innocentium
1782 1283 1822 1337 lll
1832 1287 1862 1336 et
1872 1281 1947 1337 Gre-

296 1369 421 1427 exercitu
440 1365 668 1438 proficiscentem
688 1373 718 1422 ut
739 1373 836 1424 uotum
860 1367 1002 1438 impleret,
1015 1365 1092 1437 quod
1145 1367 1258 1438 gorium
1273 1365 1312 1424 lli
1325 1365 1422 1428 sedem
1437 1374 1600 1438 oocuparet.
1615 1369 1688 1424 Nam
1704 1369 1797 1424 extitit
1818 1369 1861 1424 vir
1874 1375 1948 1424 stre·

211 1509 216 1521 ,
297 1471 354 1514 noo
368 1455 422 1512 nisi
433 1453 610 1512 frustratorie
621 1461 719 1525 postea
731 1455 869 1527 Gregorio
879 1455 920 1512 lli
931 1455 1091 1512 Ecclesiam
1146 1468 1228 1522 uuus,
1245 1453 1372 1526 pontifex
1385 1453 1510 1526 vigilans
1524 1451 1735 1520 etindeiessus,
1752 1456 1945 1529 jurisconsul-

298 1544 477 1618 gubernaate
492 1541 647 1614 adimplere
662 1543 769 1602 statuit.
1145 1549 1191 1598 tus
1212 1555 1270 1598 ooo
1294 1543 1456 1610 mediocris,
1480 1542 1560 1599 verbi
1582 1541 1672 1600 divini
1694 1543 1863 1615 predicator
1882 1551 1946 1602 tam

331 1635 443 1692 interea
465 1647 515 1688 rex
534 1633 706 1688 Francorum
726 1629 887 1690 tadoneus
901 1633 967 1691 lllll
985 1629 1091 1695 badum
1146 1631 1314 1702 ingeniosus
1328 1643 1413 1701 quam
1436 1629 1594 1687 vehemens
1608 1638 1637 1688 et
1656 1639 1785 1700 ornatus,
1805 1632 1948 1690 libertatis

297 1727 427 1778 moverat
439 1718 576 1776 adversus
587 1718 768 1792 albigenses,
790 1734 854 1776 eum
870 1719 1090 1777 exercituinnu·
1146 1717 1281 1774 Ecclesiae
1295 1717 1437 1786 defensor,
1454 1732 1556 1790 regom
1578 1718 1683 1776 arbiter
1700 1722 1855 1792 sapienset
1875 1736 1942 1777 mo·

297 1806 436 1880 enerabili,
452 1806 722 1874 utaitBernardus,
738 1807 767 1862 iu
782 1807 899 1874 cirrum,
914 1807 1090 1864 unacumle·
1146 1805 1269 1874 derator,
1305 1805 1503 1862 hereticorum
1536 1807 1712 1880 profligator,
1750 1809 1949 1866 instauranda

297 1903 366 1968 gato
392 1896 531 1952 llomano.
561 1894 614 1961 Qui
640 1895 819 1950 Avenionem
846 1895 932 1966 cepit,
960 1901 1092 1966 perires
1147 1893 1303 1965 discipline
1329 1895 1476 1966 magister,
1502 1896 1685 1968 Evangelieae
1703 1895 1841 1954 doetrinae
1867 1897 1948 1970 apud

298 1997 414 2040 menses
435 1981 593 2048 obsessam,
610 1982 826 2048 carcassonam,
848 1983 989 2050 biterrim,
1006 1982 1091 2038 alias·
1147 1982 1276 2040 infideles
1290 1991 1462 2054 propagator
1476 1982 1618 2050 assiduus,
1631 1983 1816 2042 scientiarum
1826 2001 1945 2059 marga·

181 2077 194 2092 “
298 2085 355 2144 que
368 2070 498 2126 civitates
512 2075 540 2124 et
555 2069 669 2124 castella
684 2069 770 2126 multe
791 2070 864 2126 ultro
880 2069 985 2138 dedita,
1002 2070 1030 2126 io
1048 2069 1090 2125 di·
1148 2070 1208 2126 ritte
1223 2070 1363 2140 pretiosae,
1387 2071 1453 2126 talia
1475 2077 1542 2128 suot
1555 2072 1632 2128 enim
1644 2073 1734 2144 ipsius
1748 2073 1846 2142 verba,
1861 2088 1945 2130 orna·

298 2159 407 2216 tionem
432 2170 513 2212 suam
540 2157 656 2228 recepit.
681 2156 755 2214 Obiit
773 2171 841 2214 vero
860 2158 935 2230 apud
950 2160 1091 2216 liontem·
1148 2165 1191 2214 tor
1205 2166 1233 2214 et
1249 2157 1386 2226 laudator,
1404 2165 1441 2226 et,
1457 2167 1487 2214 ut
1501 2175 1558 2216 uno
1572 2159 1660 2216 uerbo
1675 2160 1794 2229 dicatur,
1815 2161 1878 2218 telis
1891 2165 1945 2234 qui

299 2244 517 2312 Panserienum,
535 2257 656 2316 regnum
678 2259 761 2300 suum
781 2244 838 2303 lilio
856 2246 1030 2318 relinquens,
1046 2247 1094 2317 qul
1147 2253 1224 2304 certe
1241 2247 1345 2302 meruit
1365 2247 1394 2302 in
1410 2248 1548 2304 memoria
1563 2247 1703 2316 omnium,
1730 2257 1758 2305 et
1786 2251 1947 2321 prasertim

300 2331 403 2392 deinde
422 2331 582 2390 Ludovieus
606 2339 722 2390 sanctus
746 2331 807 2401 luit,
832 2335 905 2392 inter
930 2347 1015 2407 reges
1036 2349 1094 2391 non
1148 2333 1377 2392 christifidelium
1392 2335 1509 2403 etcleri,
1523 2336 1618 2392 locum
1633 2342 1889 2410 teneremagnum.

784 2953 1030 3077 LIBER
1096 2953 1462 3083 DECIMUS

1057 3265 1195 3282 ψ

686 3495 707 3581 Ι
1151 3495 1402 3558 monstratensis
1410 3499 1532 3560 nostris
1544 3501 1595 3562 est
1606 3499 1743 3562 auribus
1754 3501 1946 3564 intimatum

1151 3593 1235 3670 quod
1249 3593 1367 3657 licetin
1386 3611 1500 3657 eorum
1515 3597 1947 3674 privilegiisinhibilumsit

1150 3701 1318 3766 expresse,
1340 3708 1382 3752 nc
1403 3693 1477 3769 quis
1492 3695 1763 3782 archiepiscopus
1779 3695 1831 3758 vel
1847 3696 1945 3771 epis-

1150 3802 1262 3862 eopus,
1278 3787 1342 3847 nisi
1358 3789 1392 3848 in
1408 3789 1582 3851 manifesta
1602 3792 1812 3863 necessitate,
1829 3791 1865 3851 in
1881 3807 1947 3852 eo-

1150 3899 1223 3942 rum
1240 3885 1388 3960 grangiis
1413 3885 1608 3964 hospitetur,
1638 3889 1773 3966 quidam
1794 3893 1945 3950 vestrum

1150 3979 1184 4039 in
1205 3979 1345 4056 singulis
1376 3983 1526 4059 grangiis
1557 3985 1749 4046 eorumdem
1778 3983 1944 4057 fratrum,

1150 4076 1184 4137 in
1196 4078 1265 4138 suis
1276 4077 1475 4140 dioecesibus
1488 4082 1677 4144 constitutis
1690 4083 1947 4160 procurationes

1149 4174 1287 4249 exigunt
1314 4177 1495 4249 annuatim,
1522 4194 1595 4254 quae
1630 4179 1659 4240 si
1686 4181 1734 4240 eis
1760 4179 1945 4256 aliquando

1149 4271 1233 4332 forte
1246 4275 1420 4348 negantur,
1439 4275 1584 4336 ministri
1598 4291 1713 4336 eorum
1726 4275 1766 4337 de
1782 4278 1946 4338 animali-

304 3653 357 3712 Ad
377 3655 558 3713 urrioersos
578 3655 850 3729 orerropoeopos
863 3657 896 3716 et
910 3660 1093 3732 episcopos,

343 3751 380 3808 in
394 3763 542 3822 qoorerni
557 3753 756 3814 dioecesibus
769 3757 929 3830 grangiae
940 3757 1096 3828 fratrom

342 3848 694 3910 Proemorstroteosis
711 3852 844 3910 ordinis
857 3851 939 3911 suot
952 3853 1040 3913 stite.

602 3995 637 4052 24
646 3995 709 4068 julii
726 3995 804 4056 1225.

427 4116 553 4182 [Lepaiga
566 4116 689 4170 biblioth.
701 4119 861 4180 Piamouei..
874 4120 894 4178 l,
902 4121 970 4186 otti]

301 4238 392 4296 Nullae
410 4239 574 4296 exactiones
595 4255 646 4298 seu
663 4243 877 4313 procurationes
892 4243 927 4300 ab
944 4245 1095 4304 ordinariis

436 4328 753 4387 P‘aemffl'smoenfflbus
768 4341 959 4404 ¹¹¹¹¹³⁰¹¹³¹¹²¹¹‘·
1047 4382 1050 4390 ·
1149 4369 1209 4430 bus
1240 4371 1430 4431 eorumdem
1454 4370 1593 4432 fratrum
1622 4373 1753 4448 praedas
1779 4374 1949 4436 violenter

338 4462 1091 4540 Honoriusepiseopus,servasservorumbei,

300 4559 466 4620 universis
495 4559 755 4643 archiepiscopis
789 4565 821 4624 et
853 4565 1029 4642 episeopis,
1056 4568 1092 4628 in

299 4673 438 4734 quorum
458 4657 657 4718 dioecesibus
672 4660 821 4734 grangiae
839 4661 979 4723 fratrum
995 4665 1092 4724 Prae-

237 4751 246 4758 “
298 4754 553 4816 monstratensis
576 4755 702 4816 ordinis
724 4757 802 4818 snat
831 4759 920 4831 sitae,
938 4759 1090 4821 salutem

1149 4465 1334 4540 abducunt,
1357 4483 1439 4544 quas
1466 4469 1517 4530 vel
1546 4469 1679 4546 pignori
1698 4470 1866 4547 obligant,
1891 4473 1947 4534 vel

1149 4563 1296 4625 alienant
1310 4567 1460 4638 omnino,
1484 4581 1546 4626 neo
1569 4566 1726 4628 iratribus
1747 4569 1830 4645 ipsis
1843 4571 1948 4630 resti-

1147 4661 1263 4733 tuunt,
1294 4663 1400 4723 donec
1431 4677 1490 4739 pro
1519 4662 1681 4740 requisita
1708 4667 1947 4741 procuratione

1148 4759 1237 4820 certa
1251 4761 1392 4836 pecunia
1408 4762 1627 4837 persolvatur.
1641 4763 1702 4834 Qui
1718 4764 1751 4824 nt
1766 4765 1947 4826 avaritiam

298 4853 331 4914 et
346 4853 568 4928 Apostolicam
588 4852 864 4916 benedictionem.
1147 4871 1241 4916 suam
1258 4858 1291 4918 et
1305 4857 1513 4918 exactionem
1529 4860 1701 4931 excusent,
1721 4859 1859 4922 frivolas
1876 4863 1949 4922 ersi·

339 4949 374 5010 Si
389 4950 461 5010 veri
476 4949 669 5012 christianae
685 4952 861 5026 religionis
878 4954 1043 5017 amatores
1059 4957 1092 5018 et
1145 4953 1262 5028 gendes
1278 4955 1522 5030 procurationis
1538 4971 1659 5018 causas
1679 4957 1864 5033 assignant,
1888 4960 1945 5020 rel

298 5045 442 5107 cultores
474 5048 610 5119 essetis,
639 5047 805 5124 religiosis
834 5049 935 5124 viris,
961 5052 996 5112 in
1020 5068 1091 5130 per·
1146 5051 1231 5126 quod
1256 5051 1291 5111 in
1316 5053 1465 5130 grangiis
1488 5052 1557 5113 illis
1573 5053 1710 5114 decimae
1726 5054 1944 5131 colligantur,

298 5142 400 5215 sonis,
425 5144 478 5204 vel
499 5143 599 5206 rebus
628 5145 753 5206 nullam
779 5146 964 5210 molestiam
986 5148 1091 5212 inler—
1145 5147 1198 5208 vel
1216 5147 1303 5223 quod
1325 5148 1478 5210 canonici
1499 5149 1555 5226 qui
1578 5150 1805 5226 parochialem
1830 5153 1946 5214 eccle-

296 5240 388 5308 ssiis,
399 5257 539 5318 quorum
547 5242 657 5318 potius
667 5243 826 5304 tenemini
841 5245 1091 5320 gravaminibus
1147 5246 1243 5318 siam,
1256 5245 1510 5307 invicinislocis
1520 5246 1669 5309 obtinere
1680 5249 1947 5320 noscuntunali-

299 5337 447 5402 obviare.
484 5341 607 5400 Verum
651 5341 929 5416 conquerentibus
961 5342 1091 5405 dilectis
1147 5343 1539 5421 quandocommorantur
1557 5345 1593 5405 in
1609 5345 1769 5420 grangiis,
1787 5345 1840 5406 vol
1856 5347 1946 5422 quod

300 5434 378 5494 tiliis
404 5435 577 5498 abbatibus
604 5438 637 5499 et
662 5436 820 5498 iratribus
847 5435 975 5500 ordinis
995 5443 1090 5503 Prae·
1145 5441 1181 5501 in
1209 5441 1258 5502 eis
1280 5441 1460 5504 claustrum
1488 5455 1639 5503 sororum
1662 5441 1843 5515 habeatur,
1869 5459 1946 5520 qnae
