4274 6388
174 305 234 368 adi

469 469 675 556 XXXVIII

195 621 247 681 Ad
259 619 396 681 abbates
407 620 526 682 Sancti
536 621 704 682 lobannis
722 620 895 680 Mortnen.
912 615 946 677 ct

321 717 440 778 Sancti
463 716 599 778 Vcdostt
617 716 816 778 Atrebates.

434 855 469 912 aa
480 853 610 912 decemb.
630 854 710 912 iiii.

201 979 321 1044 [bageam
331 975 377 1028 lib.
387 975 443 1037 Vll,
452 977 526 1042 epist.
536 977 592 1027 aaa.
602 977 659 1028 llas.
672 977 710 1028 Ls
720 975 795 1028 Porto
807 975 841 1027 dn
854 973 949 1041 Thail]

176 1101 292 1163 blandai
306 1109 337 1160 ut
350 1102 477 1176 episcopi
492 1101 630 1160 Masicen.
643 1101 802 1158 cessionem
817 1100 965 1174 recipiant.

215 1237 394 1308 Honorius,
407 1236 482 1308 etc,
493 1235 623 1298 dilectis
631 1235 748 1296 tiliis...
761 1237 794 1296 S.
802 1233 966 1297 lobannis

176 1335 340 1395 Morinen.
356 1333 509 1396 dioecesis
524 1335 558 1395 et
573 1333 686 1396 Sancti
709 1331 845 1394 vedasti
865 1333 965 1394 Atre-

175 1429 285 1492 baten.
310 1428 502 1503 abbatibus,
524 1430 665 1492 salutem
689 1429 722 1490 et
743 1427 967 1507 Apostolicam

176 1526 452 1589 benedictionem.

208 1623 520 1696 Quumrenerabilis
528 1622 632 1685 irater
641 1621 790 1684 noster...
802 1621 966 1682 Morinen.

176 1719 363 1798 episcopus,
392 1719 509 1781 senilis
532 1720 639 1781 aetafis
659 1721 816 1795 gravatus
840 1719 969 1778 incom-

176 1816 294 1888 modis,
316 1832 418 1878 onera
434 1815 635 1893 pontificalis
652 1814 789 1877 honoris
812 1814 966 1891 nequeat,

176 1915 213 1974 ut
227 1913 359 1986 asserit,
374 1912 544 1974 commode
559 1913 776 1988 comportare,
789 1926 831 1971 ne
840 1910 869 1972 si
882 1926 970 1987 prae-

177 2009 232 2082 sit,
244 2010 321 2070 dnm
336 2025 401 2070 non
414 2008 560 2086 prodest,
573 2008 724 2071 videatur
734 2007 861 2078 obesse,
873 2007 969 2067 nobis

177 2105 366 2184 supplicare
380 2104 460 2167 iecit
474 2106 648 2178 instanter,
663 2105 700 2166 ut
721 2105 827 2180 ipsius
841 2104 970 2164 cessio-

176 2218 252 2264 nem
277 2201 425 2278 recipere
456 2201 680 2276 dignaremur,
705 2200 868 2276 cupientis
889 2199 971 2260 reli-

176 2313 276 2377 quum
288 2299 365 2359 nitae
381 2314 451 2359 suae
465 2299 501 2358 in
514 2295 689 2359 dulcedine
699 2295 819 2374 quietis
830 2297 969 2358 internae

176 2393 315 2456 Domino
326 2394 490 2456 dedicare.
505 2396 610 2466 Quum
623 2395 725 2470 igitur
736 2393 824 2455 idem
839 2393 971 2470 episco-

177 2508 239 2568 pus
248 2491 371 2553 bonum
381 2494 549 2553 certamen
559 2491 705 2563 carterii,
714 2493 746 2553 et
758 2508 892 2553 cursum
900 2491 971 2552 lau·

177 2587 332 2651 debiliter
342 2590 593 2661 consummavit,
608 2605 674 2650 non
687 2589 731 2650 sit
744 2587 850 2650 eidem
864 2590 970 2650 hone-

177 2685 236 2748 stae
252 2685 463 2747 demissionis
476 2686 631 2748 solatium
651 2685 890 2761 denegandum,
908 2701 969 2747 nos

177 2783 209 2844 ei
223 2781 332 2844 debito
354 2783 592 2859 compatientes
613 2783 750 2856 affectu,
776 2783 968 2846 discretioni

176 2880 296 2941 vestrae
313 2895 373 2956 per
395 2880 585 2955 Apostolica
611 2880 734 2956 scripta
758 2874 967 2958 mandamns,

177 2975 340 3051 quatenus
354 2975 427 3036 nice
441 2975 555 3036 nostra
570 2975 753 3036 cessionem
770 2975 968 3051 recipientes

162 3071 294 3148 ¹ipsius,
311 3085 374 3132 usu
396 3071 710 3148 sibipontiilcalium
730 3073 911 3144 reservato,
929 3071 969 3133 de

156 3167 273 3230 *bonis
303 3168 546 3246 episcopalibus
574 3169 662 3230 unde
690 3169 860 3230 commode
877 3185 970 3232 *sus-

157 3265 299 3327 tentari
320 3265 440 3337 valeat,
466 3264 669 3342 provideatis
695 3266 814 3337 eidem,
835 3268 970 3329 contra-

177 3361 320 3424 dictores
331 3362 850 3439 percensuramecclesiasticam,
860 3363 970 3441 appel-

177 3457 302 3520 latione
326 3459 519 3536 postposita,
549 3459 798 3536 compescendo,
823 3461 968 3537 capitulo

178 3569 308 3632 quoque
319 3554 483 3616 Morinen.
497 3554 648 3618 ecclesiae
663 3557 829 3630 indicatis,
851 3561 887 3619 ut
905 3558 970 3619 sibi

178 3649 218 3712 de
234 3667 376 3728 persona
400 3652 521 3713 idonea
540 3668 600 3730 per
612 3653 806 3715 electionem
826 3654 968 3716 canoni-

177 3763 251 3809 cam
264 3749 461 3825 provideant
474 3750 508 3810 in
521 3751 688 3826 pastorem
698 3767 771 3827 qum
781 3753 873 3813 tanto
888 3767 970 3814 eon-

178 3845 278 3921 gruat
305 3845 400 3907 oneri
423 3849 456 3908 et
481 3847 611 3916 horrori.
641 3849 732 3919 Quod
755 3849 786 3909 si
807 3863 873 3910 non
898 3865 970 3910 om-

178 3957 248 4014 nes,
276 3943 339 4005 etc.
369 3944 487 4004 Datum
516 3945 684 4017 Laterani,
705 3947 782 4006 xiil
808 3945 968 4009 kalendas

173 4039 333 4115 januarii,
350 4041 561 4117 pontificatus
580 4042 686 4104 nostri
706 4057 794 4104 anno
815 4044 966 4120 septimo.

492 4331 654 4420 XXXIX

259 4493 311 4552 Ad
324 4493 437 4554 abacti
449 4493 484 4554 S.
501 4494 659 4566 Dionysii
672 4495 880 4556 Parmensi.

435 4629 470 4688 ii
485 4629 613 4688 decemb.
629 4631 708 4689 iaia.

214 4749 342 4816 [Doublet,
355 4751 420 4803 llist.
434 4751 466 4802 da
476 4749 592 4818 l'abbaya
604 4752 636 4804 da
648 4753 818 4814 saint-lienis,
828 4769 854 4819 p.
865 4753 933 4820 bet]

175 4875 210 4933 Ei
223 4875 355 4934 concedit
372 4883 404 4934 nt
421 4875 571 4934 monachis
589 4878 633 4935 sui
653 4879 829 4948 monasterii,
848 4879 896 4952 qui
916 4893 965 4936 ax·

153 5025 156 5032 ¹
210 4965 412 5022 communicati
427 4965 522 5022 divina
533 4963 626 5022 cilicie
637 4965 863 5037 celebraverunt,
878 4967 966 5026 bene·

211 5051 306 5110 ilciurn
321 5051 508 5110 absolutionis
520 5052 675 5127 impendat.

214 5179 886 5258 Honoriusepiscopus,serrnsservornm
895 5181 966 5255 Dei,

174 5272 295 5337 dilecto
321 5275 391 5336 tilio
414 5275 526 5340 abbati
548 5278 661 5340 Sancti
686 5279 847 5354 Dionysii,
871 5279 970 5340 Pari-

174 5371 295 5432 siensis
324 5373 489 5446 dioecesis,
518 5375 658 5436 salutem
686 5376 721 5438 et
744 5375 969 5451 Apostolicam

174 5465 450 5532 benedictionem.

215 5567 264 5626 Ex
273 5567 367 5644 parte
376 5568 434 5629 tua
446 5566 510 5630 init
520 5569 725 5646 propositum
736 5585 848 5632 coram
860 5569 968 5645 nobis,

319 5709 432 5756 namon.
452 5713 527 5756 rous
547 5701 595 5758 lv.

784 265 1012 366 serenante.
1035 301 1114 362 nm.
1136 303 1208 364 vn.

1752 303 1814 368 258

1020 457 1815 539 quodnonnullidemonacbistuisanlesuscep-

1019 555 1143 617 tionem
1158 554 1291 617 babitus
1304 556 1521 630 monachalis,
1531 559 1564 620 et
1577 557 1711 637 quidam
1726 559 1811 635 post,

1020 667 1080 729 pro
1094 652 1275 730 injectione
1289 668 1448 714 manuum
1461 653 1608 716 uiolenta
1624 655 1659 716 in
1673 655 1813 716 clericos

1019 750 1073 810 vel
1098 761 1289 823 conversos,
1320 751 1353 811 et
1380 751 1515 827 quidam
1539 753 1672 813 exalia
1698 767 1812 824 eausa,

1020 844 1155 906 vinculo
1178 845 1532 908 excommunicationis
1559 846 1721 919 adstricti,
1756 847 1812 907 di-

1021 941 1099 1002 vina
1123 941 1234 1004 oiiicia
1255 941 1485 1017 celebrarunt;
1510 943 1597 1004 unde
1621 957 1682 1004 nos
1703 944 1816 1005 humi·

1021 1036 1098 1098 liter
1116 1038 1322 1115 supplicasti,
1344 1041 1379 1102 ut
1401 1055 1501 1118 snper
1519 1041 1583 1102 boc
1601 1055 1716 1100 eorum
1731 1055 1813 1118 pro-

1020 1133 1135 1196 videre
1171 1135 1272 1198 saluti
1301 1136 1561 1198 misericorditer
1586 1135 1813 1212 dignaremur.

1021 1233 1090 1294 Nos
1105 1231 1208 1308 igitur
1222 1231 1263 1293 de
1277 1233 1335 1294 tua
1357 1232 1558 1296 discretione
1576 1232 1709 1309 plenam
1728 1233 1816 1294 ildu-

1022 1328 1107 1390 ciam
1123 1329 1320 1402 obtinentes,
1336 1345 1397 1406 per
1409 1330 1601 1407 apostolica
1614 1329 1676 1392 tibi
1690 1329 1816 1408 scripta

1022 1424 1230 1498 mandamus,
1259 1427 1423 1503 quatenus
1454 1427 1577 1489 talibus
1602 1427 1677 1489 vice
1700 1429 1815 1490 nostra

1018 1522 1117 1599 juxta
1139 1521 1280 1584 sormam
1308 1523 1465 1586 Ecclesiae
1493 1521 1655 1585 beneflcio
1681 1524 1817 1585 absolu-

1021 1618 1123 1680 tionis
1141 1619 1303 1696 impenso,
1325 1612 1359 1680 et
1375 1620 1524 1696 injuncto
1539 1622 1626 1697 quod
1642 1621 1817 1684 consuevit

1022 1714 1153 1791 injungi
1175 1731 1276 1791 super
1297 1731 1337 1776 eo
1357 1715 1443 1792 quod
1464 1717 1741 1778 exeommunicati
1758 1717 1815 1778 di-

1023 1809 1101 1871 vina
1122 1810 1232 1872 oiiicia
1250 1810 1471 1886 celebrarunt,
1497 1828 1572 1874 cum
1592 1813 1676 1890 ipsis
1698 1813 1817 1875 aueto-

1023 1907 1121 1969 ritate
1148 1909 1263 1968 nostra
1291 1907 1474 1984 dispenses,
1508 1911 1607 1986 prout
1633 1911 1818 1972 secundum

1023 2005 1127 2064 Deum
1138 2003 1239 2066 saluti
1252 2019 1367 2066 eorum
1379 2005 1505 2067 videris
1515 2005 1684 2083 expedire.
1699 2009 1818 2068 Datum

1025 2099 1192 2168 Laterum,
1208 2102 1254 2160 IX
1274 2100 1407 2162 kalend.
1421 2103 1582 2179 januarii,
1606 2103 1818 2180 pontificatus

1024 2187 1129 2258 nostri
1144 2212 1233 2259 anno
1248 2197 1404 2275 septimo.

1389 2519 1456 2605 XL

1062 2667 1115 2726 Ab
1134 2622 1407 2742 archiepiscopos
1426 2669 1461 2731 et
1486 2671 1660 2746 episcopos
1679 2673 1781 2748 repat

1333 2768 1506 2828 Frenetes.

1281 2893 1318 2952 30
1331 2892 1460 2954 decemb.
1478 2895 1557 2954 iana.

1055 3011 1184 3077 [Doublet,
1196 3013 1261 3068 llist.
1274 3014 1306 3066 de
1319 3015 1435 3082 l'ahbaye
1448 3017 1479 3068 de
1492 3017 1661 3078 seint-Dacis,
1679 3035 1705 3086 p.
1718 3020 1787 3086 aab]

1024 3135 1136 3196 inhibet
1155 3153 1191 3196 ne
1205 3142 1508 3200 excommunicationis
1527 3145 1571 3202 vel
1588 3145 1731 3204 interdicti
1750 3161 1817 3204 sen·

1058 3226 1163 3285 sentias
1176 3235 1275 3285 contra
1290 3229 1448 3288 monachos
1462 3233 1491 3289 S.
1509 3233 1636 3306 Dionysii
1649 3234 1820 3294 Parisiensis

1059 3313 1088 3370 in
1102 3328 1202 3374 eorum
1214 3314 1386 3376 dioecesibus
1396 3320 1567 3378 constitutos
1580 3319 1736 3394 proterant.

1062 3440 1229 3501 Honorius
1242 3441 1426 3520 episcopus,
1437 3460 1553 3508 servus
1562 3463 1733 3509 servorum
1744 3449 1816 3521 Dei,

1023 3535 1270 3600 venerabilibus
1303 3539 1462 3604 iratribus
1495 3543 1756 3622 archiepiscopis
1783 3547 1818 3608 et

1024 3633 1189 3711 episcopis
1203 3635 1239 3697 in
1253 3652 1394 3715 quorum
1407 3639 1617 3712 dioecesibus,
1634 3641 1815 3718 prioratus,

1023 3729 1057 3791 et
1075 3729 1168 3794 cellae
1185 3733 1386 3796 monasterio
1407 3737 1520 3798 Sancti
1541 3739 1691 3814 Dionysii
1715 3739 1816 3800 Pari-

1023 3827 1145 3888 siensis
1164 3829 1316 3890 dioecesis
1336 3831 1477 3906 subjecti
1499 3835 1695 3908 consistunt,
1720 3835 1816 3896 salu-

1022 3923 1088 3984 tem
1104 3927 1137 3986 et
1147 3925 1372 4002 Apostolicam
1387 3927 1663 3992 benedictionem.

1062 4022 1191 4092 Quanto
1210 4023 1353 4099 amplius
1369 4040 1442 4086 esse
1461 4025 1588 4089 debetis
1603 4027 1745 4103 justitiae
1759 4015 1816 4090 ze-'

1023 4117 1157 4190 latores,
1174 4119 1281 4206 Idm
1309 4121 1416 4196 magis
1447 4138 1505 4184 vos
1535 4123 1673 4186 dedecet
1705 4123 1815 4188 iacere

1022 4213 1173 4276 fraudem
1196 4215 1274 4291 legi,
1299 4217 1333 4278 et
1352 4220 1537 4293 praesertim
1557 4221 1593 4282 in
1615 4221 1815 4299 Apostolieae

1024 4311 1118 4372 Sedis
1143 4313 1302 4388 injnriam
1326 4315 1359 4376 et
1385 4316 1618 4394 contemptum.
1652 4321 1739 4381 Sane
1762 4320 1816 4380 di-

1022 4408 1100 4470 lecti
1122 4408 1185 4470 tilii
1210 4408 1312 4472 abbas
1336 4411 1370 4474 et
1392 4415 1574 4478 conventus
1597 4417 1710 4480 Sancti
1731 4417 1814 4478 Dio-

1023 4505 1111 4582 nysii
1139 4506 1339 4570 Parisiensis
1372 4509 1536 4585 dioecesis,
1559 4529 1694 4590 gravem
1718 4514 1815 4576 nobis

1022 4600 1264 4677 querimoniam
1279 4600 1480 4678 obtulerunt,
1495 4608 1582 4684 quod
1597 4607 1730 4684 quidam
1744 4623 1816 4669 nes·

1022 4698 1110 4759 trum
1120 4698 1278 4760 eteorum
1291 4698 1463 4774 officiales,
1473 4719 1573 4780 quum
1587 4705 1622 4764 in
1633 4719 1690 4766 eos
1705 4705 1738 4766 et
1750 4703 1815 4766 sibi

1023 4792 1172 4855 subditos
1185 4795 1365 4856 monachos
1380 4812 1446 4858 non
1465 4799 1605 4874 possunt
1617 4814 1813 4860 excommu-

1023 4889 1205 4952 nIcationis
1224 4893 1257 4953 et
1271 4891 1439 4956 interdicti
1454 4894 1603 4971 prolerre
1618 4897 1812 4970 sententiaa,

1023 5001 1062 5048 eo
1078 4987 1164 5064 quod
1182 5003 1283 5064 super
1304 4988 1367 5052 hoc
1380 4992 1578 5066 Apostolicae
1600 4992 1695 5056 Sedis
1710 4994 1815 5070 privi-

1022 5082 1119 5159 legiis
1146 5086 1223 5147 sunt
1244 5085 1376 5158 muniti,
1408 5087 1443 5148 in
1468 5103 1525 5150 eos
1549 5089 1605 5170 qui
1629 5089 1758 5154 molunt
1779 5091 1816 5154 in

1022 5179 1233 5253 molendinis,
1257 5182 1311 5242 vel
1333 5185 1535 5258 coquuntin
1559 5185 1667 5248 turnis
1686 5201 1814 5265 eorum,

1023 5277 1145 5356 quique
1160 5277 1333 5341 vendendo
1349 5295 1408 5340 seu
1423 5281 1572 5352 emendo,
1593 5285 1651 5348 aut
1667 5285 1753 5346 alias
1765 5287 1815 5348 eis

1023 5374 1277 5448 communicant,
1299 5377 1481 5440 sententias
1499 5379 1672 5458 proterunt
1690 5399 1816 5444 memo-

1023 5472 1125 5544 ratas,
1151 5473 1184 5534 et
1206 5472 1256 5533 sic
1278 5475 1545 5551 Apostolicorum
1565 5478 1816 5555 privilegiorum

1025 5584 1091 5632 non
1106 5569 1172 5631 vim
1188 5569 1221 5632 et
1234 5570 1442 5648 potestatem,
1461 5575 1518 5636 sed
1534 5577 1603 5638 sola
1619 5577 1719 5644 verba
1738 5593 1813 5640 ser-

1642 5707 1659 5772 9
