4274 6388
196 261 257 334 249
800 261 1029 326 EPISTOLAE.
1052 263 1131 326 LIB.
1154 265 1225 326 vll.

1778 270 1839 334 250

197 420 240 484 ad
273 419 411 498 triginta
440 431 617 484 aureorum
647 419 753 483 mIIIIa
785 419 987 495 facultatem,
1042 419 1833 504 venerabilinaui...epiecopoetdilectisnllis...

198 518 560 581 sicutininstrumcnto
575 517 726 580 coniecto
741 517 862 582 exinde
877 519 989 582 conti·
1042 517 1277 580 archidiacono
1305 519 1531 584 Nitriensibus
1559 505 1629 585 et...
1657 521 1837 600 praeposIto

197 618 307 687 netur,
320 616 636 692 quae,pecuniaipsa
650 615 808 692 plisloois
822 616 857 678 in
873 617 989 678 ultima
1044 615 1159 676 Sancti
1187 616 1322 678 Thomas
1353 616 1607 693 strigoniensis,
1637 621 1777 684 salutem
1804 621 1838 684 et

198 729 259 776 sue
273 712 491 788 dispositione
502 712 673 789 legete,de
684 728 724 774 ee
739 713 830 774 mille
841 712 991 774 marebo·
1042 713 1267 789 apostolicam
1280 713 1556 777 benedictionem.

196 810 284 872 tinos
308 807 465 870 Ecclesiae
494 812 652 872 Romanae
676 810 821 886 reliquit.
845 811 888 872 Ut
910 825 989 884 ergo
1083 809 1201 872 Dilecti
1225 810 1286 872 filli
1307 811 1459 887 magistri
1483 814 1520 872 G.
1543 814 1577 875 et
1599 815 1638 886 Ι.,
1662 816 1836 883 Veniensis

198 907 346 970 extrema
379 906 547 984 praedictae
577 906 703 982 reginae
737 906 988 979 relentescat
1043 906 1193 968 ecclesiae
1241 908 1416 981 canonici,
1470 909 1566 970 nobis
1612 910 1837 976 denuntiando

196 1004 342 1065 maxima
378 1004 508 1080 piorum
539 1003 806 1066 considerabone
841 1004 988 1066 locorum
1042 1005 1280 1076 monstrarunt,
1306 1005 1392 1082 quod
1414 1007 1471 1078 M,
1494 999 1558 1082 ‘qui
1582 1023 1642 1083 pro
1664 1010 1836 1072 archidia-

197 1101 374 1164 Iovendum
393 1103 455 1169 est.
469 1101 602 1164 effectui
615 1101 845 1178 mancipetur:
862 1101 990 1162 dIsore-
1043 1115 1126 1162 cono
1154 1101 1304 1164 eeclesiae
1333 1102 1499 1178 praedictae
1526 1119 1562 1165 se
1589 1105 1685 1180 gerit,
1709 1106 1750 1168 ad
1780 1121 1838 1170 ec-
1890 1173 1892 1180 ,

196 1197 280 1260 tioni
303 1199 423 1261 restrae
447 1199 660 1276 presentium
676 1199 874 1262 auctoritate
887 1213 987 1258 man·
1043 1197 1248 1260 clesiasticas
1277 1198 1463 1275 ‚dignitates
1506 1200 1656 1278 improbe
1687 1201 1837 1265 ambiens

197 1296 324 1368 damus,
341 1299 628 1374 quatenusregem
642 1296 750 1373 ipsum
769 1296 989 1372 personaliter
1043 1294 1231 1367 sublimari,
1257 1297 1293 1360 ut
1318 1297 1514 1363 meritorum
1543 1297 1690 1362 deiectus
1717 1301 1836 1364 saltem
1967 1363 1969 1369 .

196 1393 369 1466 adeuntes,
381 1393 556 1472 pecuniam
567 1396 665 1470 juxta
677 1393 869 1470 praedictam
882 1393 989 1470 dispo·
1043 1407 1153 1454 rerum
1169 1393 1264 1472 copta
1279 1395 1461 1456 enormiter
1476 1395 1697 1473 suppleretur,
1720 1397 1835 1458 archi-

198 1491 801 1568 sittonemipsiusreginaesolvendam
811 1491 988 1562 moneatis,
1042 1489 1252 1554 diaconatum
1283 1492 1432 1568 ejusdem
1463 1493 1614 1556 ecclesiae
1639 1509 1699 1570 per
1731 1495 1837 1556 simo-

197 1590 366 1663 ettentius,
392 1591 425 1652 et
450 1588 619 1650 efficacius
648 1589 824 1650 inducatis
848 1587 988 1660 Quodsi
1042 1586 1174 1650 nteoem
1200 1588 1344 1652 obtinuit
1369 1589 1584 1667 pravitatem,
1608 1605 1676 1654 uon
1701 1592 1839 1654 conteu-

197 1687 332 1750 monitis
347 1686 388 1748 ad
402 1685 434 1746 id
445 1685 530 1748 forte
542 1701 610 1747 non
626 1687 747 1764 poterit
758 1683 914 1765 [adduci],
929 1701 988 1747 vos
1042 1685 1096 1748 tus
1124 1685 1377 1764 quampluribus
1396 1687 1645 1762 parochialibus
1673 1689 1836 1764 ecclesiis,

196 1799 271 1846 eum
286 1784 406 1846 adhoc
428 1783 625 1846 auctorItete
642 1784 756 1846 nostra
774 1783 834 1844 sub
847 1783 990 1859 Aposto-
1043 1796 1125 1857 quas
1148 1782 1272 1860 preter
1287 1781 1568 1858 dispensationem
1585 1784 1680 1846 sedis
1693 1784 1837 1860 aposto-

196 1881 262 1944 lice
277 1881 465 1946 obedientia
479 1882 672 1944 coerceatis.
690 1881 808 1944 Datum
819 1881 985 1953 Laterani,
1042 1877 1116 1939 ilcae
1129 1877 1254 1940 obtinet
1273 1881 1391 1940 contra
1420 1880 1543 1942 statuta
1569 1880 1708 1954 ¹concilii
1729 1896 1836 1956 gene-

196 1979 307 2042 idibus
322 1979 517 2048 decembris,
533 1994 622 2041 anno
637 1977 787 2056 septimo.
1041 1975 1135 2038 ralis.
1146 1976 1234 2038 Idem
1246 1992 1376 2054 quoque
1389 1977 1563 2052 pronihilo
1573 1979 1730 2054 reputans
1740 1994 1839 2042 cano-

1041 2074 1136 2136 nicas
1161 2075 1362 2147 sanctiones,
1375 2074 1549 2151 quemdam
1563 2075 1712 2152 spurium
1727 2092 1835 2149 suum,

1043 2187 1139 2248 quem
1164 2171 1204 2232 de
1231 2172 1373 2249 quadam
1397 2172 1537 2233 muliere
1561 2158 1717 2250 suscepit,
1739 2188 1837 2251 quam

1043 2268 1108 2330 sibi
1123 2269 1162 2330 de
1177 2268 1264 2332 tacto
1277 2269 1567 2334 matrimonialiter
1579 2271 1634 2332 vel
1649 2271 1838 2334 incestuose

1043 2366 1152 2444 potins
1173 2367 1385 2445 compulerit,
1401 2367 1436 2428 in
1447 2367 1563 2429 eadem
1582 2367 1839 2430 ecclesiacano-

1043 2464 1157 2526 nicare
1170 2463 1381 2541 praesumpsit
1396 2485 1404 2525 ε
1425 2465 1458 2525 et
1470 2465 1507 2525 ut
1519 2481 1554 2526 sc
1570 2467 1637 2528 Deo
1652 2465 1836 2528 detestabi-

1043 2560 1119 2634 lem,
1145 2561 1178 2622 et
1203 2560 1393 2622 hominibus
1414 2561 1532 2624 reddat
1554 2577 1705 2635 exosum,
1735 2561 1838 2624 semi·-

540 2257 645 2344 XXX

227 2411 279 2472 Ad
295 2409 449 2472 abbatem
463 2407 582 2558 saXtm
594 2408 760 2510 Dionysii,
775 2407 953 2468 Poristcn.

545 2510 676 2558 oeceses.

444 2628 477 2686 lt
498 2627 627 2685 decemb.
658 2625 737 2684 1222.

227 2754 348 2820 [liegest.,
356 2752 402 2802 lib.
414 2752 470 2812 vn,
479 2750 553 2815 epist.
564 2749 604 2800 ol.
616 2750 673 2800 Ilss.
684 2748 803 2800 LaPorte
813 2747 849 2798 du
859 2744 955 2811 thail]

248 2877 381 2950 Indulget
398 2883 429 2934 ut
443 2875 534 2948 pallas
546 2873 643 2932 altaris
657 2870 827 2930 benedicere
838 2870 933 2929 liceat.

236 2979 422 3084 absortus,
453 3010 534 3082 ete,
562 3008 682 3070 arrecto
712 3007 780 3069 arro
785 3049 846 3067 .....
874 3003 987 3066 annau

197 3111 309 3174 Sancti
323 3107 486 3187 Dionysii,
500 3107 639 3168 salutem
653 3105 686 3166 et
696 3103 920 3182 Apostolioem
929 3099 989 3162 be-

197 3208 429 3272 nedicti0nem.
551 3263 555 3270 ,
721 3193 730 3226 ’
938 3207 942 3217 ‘

237 3305 342 3378 Quum
362 3318 382 3362 e
406 3299 501 3360 nobis
513 3299 635 3376 petitur
650 3295 736 3374 quod
750 3295 879 3372 justum
892 3295 942 3356 est
956 3293 989 3355 et

195 3401 382 3472 honestum,
404 3400 472 3460 tem
487 3397 583 3472 algor
602 3394 779 3474 aequitatis,
792 3407 891 3471 quam
906 3391 987 3454 ordo

196 3498 301 3575 exigit
322 3495 474 3568 rationis,
508 3495 545 3555 ut
568 3493 601 3554 id
635 3507 694 3569 per
729 3490 988 3552 sollicitudinem

196 3596 299 3658 offleii
320 3594 425 3656 nostri
451 3592 493 3653 ad
512 3591 657 3653 debitum
672 3588 873 3666 perducatur
888 3585 990 3648 effec-

195 3695 276 3756 tum.
291 3695 337 3754 Ea
348 3692 492 3770 propter,
515 3688 634 3750 dilecte
645 3688 680 3748 in
692 3685 830 3748 Domino
845 3685 904 3758 illi,
921 3685 988 3746 tols

193 3791 294 3870 justis
324 3787 600 3868 postulationibus
626 3785 720 3861 grato
754 3780 989 3844 concurrentes

197 3903 346 3960 assensu,
362 3888 397 3948 ut
411 3884 510 3946 liceat
524 3883 595 3955 tibi,
612 3883 645 3943 et
659 3878 907 3942 successoribus
922 3879 988 3941 tuis

197 3986 347 4050 ecclesiae
362 3986 426 4046 tuae
441 3982 548 4059 pellas
561 3979 678 4041 altaris
693 3977 889 4039 benedicere
903 3992 987 4038 auo·

196 4082 329 4145 toritate
379 4079 593 4158 praesentlum
636 4074 855 4151 indulgemus.
897 4071 989 4135 Nulli

196 4197 287 4258 ergo,
302 4182 377 4250 etc„
392 4177 478 4238 hanc
494 4175 649 4254 paginam
664 4175 786 4234 nostrae
797 4171 990 4234 concessio-

194 4263 248 4340 uis
263 4277 456 4352 intringere,
473 4274 535 4334 etc.
557 4271 592 4332 Si
607 4271 681 4348 quis
696 4270 818 4341 autem,
843 4270 905 4333 etc.
922 4269 990 4328 Da-

193 4375 264 4436 tum
283 4372 449 4444 Laterani,
461 4371 538 4432 XIX
553 4367 712 4428 kalendas
723 4366 884 4444 januarii,
905 4379 989 4442 pon·

194 4472 339 4534 titlcatus
351 4469 457 4532 nostri
472 4481 559 4530 anno
576 4464 726 4543 septimo.

530 4731 655 4820 XXXI

195 4891 248 4952 Ad
260 4889 425 4950 Jccooum
440 4887 636 4960 episcopum
651 4881 684 4944 et
708 4880 989 4944 archidiaconum

235 4978 431 5040 Nttrtenses
465 4973 500 5035 et
526 4969 753 5048 praepositum
780 4971 816 5030 S.
854 4972 989 5030 Iboaeae

235 5063 497 5139 Strtpontansis.

457 5153 490 5212 lb
504 5151 633 5211 decemb.
650 5152 729 5211 Ι222.

351 5267 441 5334 [licien
451 5267 513 5320 Cod.
525 5267 641 5332 diplom,
652 5271 670 5315 t.
681 5263 725 5324 ΙΙΙ,
738 5279 757 5323 ι,
767 5263 835 5330 382]

197 5377 313 5442 llaudat
326 5383 359 5436 ut
373 5375 518 5448 inquirant
532 5375 561 5432 iu
575 5375 626 5444 It,
641 5372 690 5446 qui
710 5387 764 5445 pro
786 5369 989 5430 archidiacono

451 5454 585 5514 vaciensi
600 5467 632 5510 se
646 5450 731 5526 gerit.

238 5573 404 5636 Honorius
413 5571 600 5648 episcopus,
608 5583 724 5632 servus
732 5582 905 5632 servorum
916 5566 987 5638 Dei,

1043 2673 1128 2719 nans
1147 2657 1332 2720 discordias
1356 2658 1443 2720 inter
1470 2658 1591 2720 iratres
1610 2659 1651 2720 ad
1677 2662 1837 2736 majorem

1043 2755 1266 2818 damnationis
1282 2771 1351 2816 suae
1367 2756 1546 2828 cumulum,
1564 2756 1676 2818 causis
1689 2756 1835 2818 saecula-

1042 2852 1145 2924 ribus,
1159 2852 1200 2914 de
1214 2852 1334 2929 quibus
1350 2852 1516 2915 interdum
1530 2852 1703 2928 sanguinis
1715 2853 1836 2916 effusio

1043 2949 1210 3027 provenit,
1239 2950 1363 3011 temere
1397 2965 1432 3010 se
1478 2949 1652 3020 immiscet,
1687 2949 1838 3027 aliasque

1044 3046 1138 3124 plura
1153 3061 1314 3109 exercens
1327 3046 1477 3109 enormia
1491 3047 1527 3108 in
1542 3063 1612 3108 suae
1627 3046 1745 3108 salutis
1765 3047 1836 3108 dis-

1042 3142 1238 3219 pendiumet
1248 3141 1497 3218 derogationem
1509 3141 1636 3204 ordinis
1648 3142 1833 3204 clericalis:

1043 3239 1222 3304 canonicos
1257 3239 1457 3302 canonicare
1492 3237 1707 3319 [adscribere]
1743 3255 1835 3315 prae-

1043 3339 1145 3400 sumit
1166 3353 1235 3400 suae
1260 3337 1400 3398 arbitrio
1428 3336 1621 3399 uoluntatis.
1646 3337 1731 3409 Quia
1756 3352 1836 3399 vero

1043 3435 1139 3497 nobis
1164 3450 1231 3496 non
1246 3433 1395 3497 constitit
1420 3433 1461 3495 de
1486 3434 1682 3511 praemissis,
1706 3434 1837 3496 discre-

1042 3532 1127 3594 tioni
1147 3532 1249 3594 uestae
1267 3547 1327 3609 per
1344 3531 1533 3608 Apostolica
1548 3530 1672 3608 scripta
1696 3531 1837 3592 manda·
1955 3565 1967 3576 -

1042 3645 1127 3702 mus,
1156 3630 1337 3706 quatenus,
1363 3627 1490 3690 vocatis
1514 3628 1572 3706 qui
1600 3628 1724 3690 tuerint
1751 3643 1835 3690 evo-

1043 3726 1152 3799 candi,
1168 3727 1203 3789 et
1216 3725 1339 3788 auiditIs
1354 3725 1432 3786 hinc
1452 3723 1530 3786 inde
1544 3725 1734 3800 propositis,
1749 3725 1836 3803 quod

1043 3823 1241 3886 canonicum
1277 3821 1388 3894 luerit,
1419 3822 1554 3882 auctore
1583 3820 1735 3893 Domino,
1758 3823 1834 3893 eto..

1043 3920 1186 3992 faciatis
1205 3921 1268 3982 eto.
1281 3918 1413 3992 Quodsi
1429 3933 1495 3978 non
1509 3933 1634 3989 omnes,
1645 3917 1706 3978 etc.
1717 3918 1836 3979 Datum

1044 4017 1210 4090 Laterani,
1228 4018 1335 4079 XVIII
1352 4014 1514 4076 kalendas
1524 4014 1686 4092 januarii,
1701 4015 1836 4092 pontid·

1044 4116 1137 4195 catus
1159 4114 1266 4178 nostri
1281 4127 1368 4176 anno
1391 4111 1543 4188 septimo.

1281 4291 1284 4298 ’
1367 4334 1514 4423 xxxn

1042 4491 1096 4552 Ad
1118 4491 1280 4552 ftomam
1303 4490 1501 4562 eptscopenc
1520 4488 1725 4562 agatensem
1742 4485 1776 4547 et
1794 4487 1835 4546 dc

1162 4588 1267 4662 Eorta
1282 4584 1315 4645 et
1333 4585 1368 4646 S.
1386 4584 1552 4645 coenaret
1567 4582 1715 4644 abbates.

1301 4713 1336 4772 lb
1350 4710 1479 4772 decemb.
1497 4711 1578 4770 1222.

1198 4837 1288 4902 [Fejen
1299 4835 1384 4888 Codex
1397 4832 1519 4898 oiplom,
1532 4831 1680 4893 111,1,3eo.]

1043 4963 1168 5033 Itandet,
1177 4969 1209 5019 ut
1216 4961 1350 5034 populum
1362 4958 1489 5026 iuducet,
1503 4971 1540 5013 ne
1554 4955 1725 5028 quidcontra
1736 4969 1835 5028 regem

1153 5050 1199 5107 vel
1212 5047 1322 5106 nobiles
1334 5055 1441 5105 temere
1457 5051 1596 5101 attentare
1611 5041 1724 5100 audeat.

1084 5174 1251 5240 Honorius
1260 5173 1572 5250 episcopusservus
1581 5185 1753 5232 servorum
1763 5171 1833 5242 Dei,

1042 5271 1227 5336 venerabili
1241 5269 1374 5338 tratri...
1386 5267 1541 5344 episcopo
1555 5266 1721 5342 agriensi,
1733 5267 1766 5328 et
1780 5267 1835 5328 di-

1043 5369 1139 5434 lectis
1154 5368 1271 5429 illlis...
1288 5366 1329 5426 de
1342 5365 1439 5441 Egris
1454 5365 1524 5426 et...
1549 5363 1662 5426 Sancti
1677 5363 1836 5426 (lethardi

1044 5465 1229 5538 abbatibus,
1243 5461 1458 5525 cenadiensis
1472 5462 1507 5525 et
1516 5459 1732 5523 Gueuriensis
1747 5459 1835 5520 dioe-

1044 5580 1168 5636 cesum,
1184 5561 1337 5632 salutem,
1354 5559 1416 5622 eto.
