4244 6374
330 293 390 354 607

328 451 440 528 gativa
455 447 642 509 dilectionis
657 445 691 514 et
701 443 819 520 gratiae
834 441 1073 518 amplexantes,
1090 440 1122 500 te

943 281 1121 341 HONORII
1144 279 1189 338 111
1211 280 1359 340 OPERA.

1918 281 1983 341 608

1177 414 1300 499 tionem
1330 453 1429 514 super
1460 436 1522 498 hoc
1551 439 1648 514 juxta
1677 437 1808 515 parium
1837 455 1981 500 suorum

328 547 508 610 secundum
544 546 719 618 utrumque
754 539 921 602 hominem
959 537 1122 615 prolicere
1172 534 1337 612 judicium
1352 534 1535 606 exhiberet,
1560 535 1711 595 eumdem
1737 535 1890 598 comitem
1915 552 1981 597 ex-

328 645 533 714 affectamus,
548 656 587 702 ea
601 656 673 716 quae
687 638 728 699 ad
751 637 892 702 salutem
916 635 1036 695 animae
1056 635 1121 694 tuae

289 778 295 794 .
328 757 368 802 ac
393 740 534 817 gloriam
563 737 664 812 regiae
698 733 870 810 dignitatis
904 731 1120 809 perveniunt,

328 839 475 900 studiose
486 834 687 896 intendimus
703 831 854 898 suadere,
869 831 902 891 te
916 830 957 889 ad
969 843 1121 888 mansue-

327 935 476 998 tudinem
504 930 658 1008 precibus
693 931 726 990 et
756 928 891 989 monitis
929 925 1118 996 invitando,

329 1033 472 1095 scientes
491 1030 577 1108 quod
598 1029 723 1090 exaltat
750 1027 940 1087 mansuetos
962 1023 1120 1085 Dominus

328 1131 365 1191 in
380 1129 520 1190 salutem
535 1128 568 1187 et
589 1125 723 1201 sapiens
740 1122 844 1183 lilium
859 1122 1039 1182 admonens
1055 1119 1119 1180 ait:

329 1225 653 1293 Irrmorasttetttdirte,
667 1222 726 1292 pti,
744 1235 850 1294 opero
865 1220 924 1279 luo
934 1219 1073 1292 perfice,
1088 1217 1121 1278 ct

329 1323 618 1398 supernominant
632 1322 779 1393 proriam
795 1319 960 1392 diriperis
977 1313 1036 1393 (l).

369 1411 1120 1492 Sane,intellectoquondam,quodinterclarae

329 1514 497 1578 memoriae
514 1510 702 1587 Philippum
723 1512 848 1586 patrem
864 1510 956 1569 tuum
972 1508 1005 1568 et
1019 1506 1119 1567 nobi-

327 1613 392 1673 lem
409 1611 515 1673 virum
530 1608 684 1669 comitem
696 1607 934 1666 Flandrensem
951 1619 1119 1666 convene-

326 1712 390 1780 rat,
405 1709 441 1769 ut
461 1707 550 1767 idern
571 1719 681 1766 comes
705 1719 764 1780 pro
780 1704 871 1765 certa
888 1718 924 1762 se
943 1701 1121 1762 redimeret

325 1805 476 1884 pecuniae
496 1803 680 1880 quantitate
695 1799 882 1878 praestanda
905 1799 968 1860 sibi
990 1798 1119 1858 nihilo-

327 1903 438 1964 minus
454 1901 493 1961 de
509 1903 599 1961 terra
612 1899 789 1969 Flandriae,
805 1915 877 1976 quae
894 1897 935 1957 ad
951 1896 1118 1956 dominum

325 2015 437 2076 regem
453 1998 589 2075 spectat,
613 2011 652 2057 ea
679 2011 776 2072 quam
793 1994 904 2071 posset
928 1993 1119 2069 impendere

325 2097 491 2162 cautione,
510 2109 570 2155 nos
597 2093 737 2154 alterius
767 2091 930 2168 compassi
961 2089 1117 2160 miseriae,

326 2209 366 2254 ac
379 2191 592 2253 miseratione
617 2189 754 2251 alterius
779 2187 943 2258 delectati,
968 2187 1119 2248 eumdem

325 2305 437 2366 regem
452 2288 575 2350 nostris
596 2285 716 2347 litteris
732 2285 922 2362 rogavimus
942 2285 975 2346 et
988 2284 1118 2345 monui-

325 2403 409 2458 mus,
422 2389 458 2448 ut
475 2385 598 2446 dictum
611 2383 762 2445 comitem
779 2383 900 2444 divinae
916 2381 1049 2458 pietatis
1065 2382 1119 2442 in-

325 2483 412 2546 tuitu
423 2482 581 2544 liberaret
597 2479 663 2560 (2);
680 2481 829 2541 tolentes
844 2495 972 2558 quoque
987 2479 1119 2539 indem-

324 2581 421 2642 nitati
438 2581 540 2655 regiae
569 2594 768 2656 praecavere,
793 2578 834 2638 ad
862 2577 1116 2654 postulationem

325 2679 430 2755 ipsius
444 2677 585 2752 comitis,
602 2674 848 2737 venerabilibus
870 2674 1028 2735 iratribus
1044 2691 1117 2736 nos·

324 2775 385 2838 tris
399 2773 814 2850 Remensiarchiepiscopo
827 2774 859 2834 et
874 2773 1116 2833 Silvanectensi

323 2873 477 2949 episcopo
493 2873 616 2932 uostris
632 2871 782 2931 dedimus
796 2869 916 2932 litteris
927 2870 961 2930 in
975 2869 1116 2930 manda·

323 2971 366 3031 tis
380 2973 425 3040 ut,
441 2970 470 3028 si
485 2967 744 3044 praenominatus
763 2983 872 3028 comes
887 2967 920 3026 in
937 2982 1048 3042 regem
1062 2966 1115 3027 vel

325 3066 452 3142 prolem
472 3064 524 3125 vel
550 3065 673 3126 terram
698 3079 792 3124 suam
809 3062 909 3140 (quod
923 3063 1008 3125 absit
1021 3060 1043 3140 l)
1060 3061 1115 3122 in-

323 3161 484 3237 surgeret,
507 3161 572 3221 nisi
593 3161 679 3220 inira
693 3159 912 3236 quadraginta
926 3159 1006 3230 dies,
1019 3162 1114 3236 post-

320 3274 418 3336 quam
433 3259 685 3328 essetmonitus,
701 3257 736 3316 in
748 3257 840 3317 curia
851 3257 944 3331 regia
960 3257 1114 3318 satislac-

356 3457 397 3532 (ι)
418 3460 517 3528 hecti,
535 3473 574 3530 ιιι,
593 3459 635 3517 19.

355 3533 396 3606 (ι)
414 3531 531 3587 Ηοιιοιιι
547 3529 583 3586 ad
607 3529 679 3586 Phili
721 3543 768 3587 um
796 3543 895 3604 regem
922 3529 1031 3586 litteras
1047 3529 1113 3587 vide

319 3611 405 3674 stlpra
419 3600 467 3658 lib.
485 3601 643 3682 Vll,·epist.
663 3545 722 3657 {ff
995 3672 1000 3683 .

355 3674 397 3747 (3)
413 3670 529 3742 Scripsit
546 3686 575 3726 ιιι
590 3669 722 3728 eumdem
739 3669 797 3726 lere
808 3669 923 3727 modum
940 3686 1002 3744 regi
1020 3670 1112 3728 Ludo·

317 3745 381 3871 vics
401 3741 586 3869 cargfflanum
615 3741 779 3814 collegium,
801 3748 832 3797 ut
858 3741 933 3814 apud
952 3743 1108 3812 Balantum,

319 3816 356 3872 ibi
380 3859 386 3870 .
431 3857 437 3870 .
500 3829 522 3868 ¹:

354 3905 366 3936 ι
384 3829 628 3942 hristianissimo
641 3882 757 3940 domino
773 3880 925 3950 haderico,
940 3883 991 3940 Dei
1006 3884 1110 3966 gratia,

316 3971 346 4014 rs
370 3957 377 4011 i
405 3955 532 4012 Francia
566 3953 676 4022 illustri,
708 3955 793 4024 Hugo
814 3952 915 4009 eadem
939 3955 1109 4022 hostiensis,

316 3971 450 4099 Pelagius
478 4023 662 4091 nitranensis,
705 4023 838 4104 Nicotaus
873 4025 1108 4091 Tusculanensis,

315 4096 407 4156 Guido
422 4095 623 4157 Praenestinus,
637 4094 781 4165 episcopm
810 4095 866 4150 Leo
884 4095 955 4150 tituli
971 4095 999 4150 S.
1013 4096 1110 4153 Crucis

316 4169 346 4224 in
359 4166 527 4230 Jerusalem,
540 4165 609 4220 Galo
625 4165 652 4220 S.
667 4163 779 4219 hlartinl
791 4164 818 4218 in
832 4165 936 4234 Monte,
949 4165 1110 4237 Stephanus

314 4233 973 4304 basiliceduodecimapostotorurn,Greoortns
984 4237 1012 4292 S.
1023 4237 1110 4293 Anas

315 4308 405 4374 taeta,
421 4305 473 4361 Th.
486 4307 513 4361 S.
530 4304 653 4370 sabine,
668 4302 814 4384 lohannes
833 4306 861 4361 S.
876 4279 1022 4374 braxedis,
1036 4321 1111 4379 pres·

314 4377 427 4450 hyteri3
449 4376 622 4432 Octavianus
644 4375 691 4430 SS.
709 4375 801 4462 Sergii
816 4383 844 4431 et
867 4377 981 4445 Bacchi,
998 4379 1107 4450 Grego-

315 4450 374 4504 rius
389 4448 417 4504 S.
434 4443 585 4512 Theodori,
604 4445 749 4501 Romanus
762 4449 790 4502 S.
805 4447 919 4518 Angeli,
946 4445 1108 4520 Stephanus

316 4520 344 4576 S.
362 4516 488 4586 Adriani,
506 4517 604 4572 Petrus
621 4516 649 4572 S.
667 4517 782 4589 Georgii
807 4515 842 4572 ad
864 4518 956 4573 velum
978 4533 1106 4585 aureum,

315 4588 428 4645 diaconi
441 4586 610 4654 cardinales,
624 4587 754 4654 salutem,
771 4593 799 4642 et
811 4588 940 4658 precibus
953 4590 1109 4645 misericor

313 4658 462 4718 dtaaures
481 4655 702 4714 misericorditer
718 4657 866 4714 inclinare.

348 4731 419 4788 Cum
439 4728 474 4785 ad
496 4743 582 4800 opera
599 4726 712 4799 pietatis
727 4729 836 4800 regiam
851 4729 1048 4786 celsitudinem
1062 4730 1106 4786 iu·

312 4801 451 4866 vitamus,
477 4806 555 4856 tauto
587 4797 746 4884 promptius
779 4798 907 4855 exaudiri
946 4813 1104 4870 speramus,

314 4878 419 4943 quanto
446 4885 496 4953 per
522 4884 572 4925 eas
597 4868 764 4926 indelrciens
790 4869 934 4936 meritum,
962 4869 1037 4941 quod
1064 4878 1108 4928 est

333 4948 503 5009 raestanttus,
519 4939 593 5012 apud
613 4943 704 4998 Deum
718 4939 798 4995 robis
813 4941 975 5010 aequiritur,
989 4947 1017 4996 et
1032 4941 1107 5012 apud

312 4957 444 5070 Homines
458 5010 550 5067 laudis
565 5017 594 5066 et
609 5011 707 5082 gloriae
723 5011 896 5080 preconium
910 5019 1105 5082 courparatur3

333 5080 1108 5153 uia,etsigloriosumettemporaliteralleotandumest

311 5097 347 5210 He
362 5152 490 5208 hostibus
513 5159 640 5234 optatum
670 5151 798 5206 obtinere
814 5151 996 5222 triumphum,
1018 5154 1106 5210 multo

311 5231 408 5281 tamen
423 5222 575 5294 gloriosius
591 5221 755 5291 etamplius
771 5221 998 5293 amplectendum
1014 5223 1103 5280 olien-

310 5309 372 5352 sam
395 5293 537 5350 remittere
553 5291 773 5348 misericorditer
789 5296 817 5347 et
835 5307 951 5366 parcere
965 5293 1024 5375 jam
1039 5309 1103 5367 pro·

310 5365 415 5423 stratis.
445 5363 524 5420 Beati
550 5364 625 5418 eninr
651 5362 860 5430 misericordes,
888 5377 1024 5433 quonlam
1052 5367 1105 5438 ipsi

310 5434 536 5492 misericordiam
569 5447 655 5490 conse
677 5439 787 5489 uentur.
812 5434 886 5490 Sane
912 5449 977 5490 curn
1002 5434 1105 5494 nobilis

212 5561 215 5572 ,
294 5501 361 5561 'viri
373 5505 484 5563 comitis
497 5501 636 5562 Flandrise
680 5503 846 5577 FeruandiJ,
869 5505 917 5576 qul
943 5519 999 5560 non
1015 5522 1101 5579 spon·

308 5583 420 5644 laneus,
434 5577 485 5633 sed
512 5573 646 5632 seductus
671 5589 699 5630 tn
710 5575 835 5632 novitate
848 5589 898 5632 sua
915 5576 1024 5647 regiam
1039 5593 1100 5635 mu·

1177 631 1469 692 communicationi
1484 647 1523 692 ac
1538 633 1662 693 terram
1685 647 1780 692 suam
1797 633 1978 694 interdicto

1177 727 1412 805 supponerent,
1428 729 1532 790 donee
1554 729 1628 805 ipse
1653 729 1749 791 modo
1765 730 1980 792 satisfaceret

1176 826 1378 902 supradicte.
1397 828 1529 894 Verum,
1553 827 1702 904 nequitia
1727 827 1851 889 diaboli
1876 828 1977 889 bonis

1176 922 1304 984 actibus
1313 923 1493 994 invidente,
1505 924 1663 1000 praedicto
1677 924 1832 1001 Philippo
1842 924 1977 986 sublato

1176 1020 1216 1080 de
1233 1021 1353 1091 medic,
1383 1021 1558 1082 conventio
1582 1021 1783 1100 incompleta
1799 1024 1975 1094 remansit,

1176 1123 1209 1182 et
1224 1119 1303 1180 dicti
1329 1120 1459 1180 comitis
1475 1118 1629 1180 liberatio
1643 1121 1695 1181 est
1709 1120 1870 1182 hactenus
1886 1136 1979 1197 prae-

1176 1215 1299 1292 pedita.

1216 1311 1300 1384 Quia
1314 1327 1394 1374 vero
1410 1313 1510 1374 nimis
1525 1312 1745 1374 inhumanum
1758 1314 1890 1376 ridetur
1905 1315 1975 1375 dic·

1175 1410 1244 1470 tum
1256 1411 1409 1472 comitem
1425 1410 1565 1472 ulterius
1578 1412 1781 1488 captivitatis
1798 1412 1974 1488 squalori-

1175 1506 1236 1567 bus
1253 1507 1427 1578 macerari,
1448 1507 1679 1570 celsitudinem
1694 1511 1785 1570 tuam
1801 1525 1972 1584 rogamus,

1175 1621 1346 1666 monemus
1355 1607 1388 1666 et
1396 1605 1569 1667 hortamur
1579 1607 1715 1676 attente,
1732 1609 1777 1677 ut,
1791 1607 1977 1683 prudenter

1175 1703 1348 1764 attendens
1370 1703 1456 1779 quod
1477 1703 1747 1764 misericordibus
1774 1705 1974 1766 misericor-

1175 1800 1263 1860 diam
1273 1801 1433 1860 Dominus
1444 1799 1629 1878 pollicetur,
1643 1802 1676 1862 et
1688 1817 1874 1877 agnoscens
1883 1803 1974 1879 quod

1174 1897 1334 1973 optimum
1353 1897 1508 1958 vindictae
1526 1913 1631 1973 genus
1650 1900 1700 1960 est
1727 1899 1815 1958 nolle
1838 1900 1972 1976 punire,

1175 2011 1249 2055 cum
1264 1996 1382 2072 possis,
1391 2011 1430 2056 eo
1442 1994 1527 2072 quod
1541 1996 1825 2072 magnanimitatis
1837 1997 1888 2058 est
1898 2012 1975 2057 ma-

1173 2092 1294 2167 gnilica
1307 2108 1454 2169 parcere,
1465 2091 1506 2152 ad
1515 2092 1857 2170 liberationemipsius
1867 2094 1974 2154 comi-

1173 2189 1216 2250 tis
1232 2205 1289 2250 cor
1303 2192 1392 2251 tuum
1420 2189 1600 2252 clementer
1621 2189 1783 2260 inflectas,
1808 2193 1841 2252 et
1859 2191 1972 2267 ipsum

1173 2287 1291 2347 redimi
1308 2287 1445 2364 patiaris
1455 2285 1513 2366 (3).
1529 2289 1598 2348 Nos
1613 2289 1702 2348 enim
1717 2288 1971 2365 archiepiscopo

1174 2385 1206 2445 et
1217 2385 1370 2461 episcopo
1380 2384 1838 2461 supradictisnostrislitteris
1849 2386 1969 2446 damus

1173 2482 1207 2542 iu
1218 2482 1403 2558 praeceptis,
1430 2498 1503 2558 quae
1520 2481 1673 2544 volumus
1685 2483 1837 2544 etiamad
1851 2499 1970 2544 eorum

1172 2592 1380 2638 successores
1402 2579 1548 2650 extendi,
1569 2580 1615 2651 ut,
1633 2580 1662 2639 si
1685 2579 1771 2642 forte
1788 2597 1898 2641 comes
1913 2581 1970 2642 vel

1172 2676 1970 2755 comitissaFlandriaecontraconventionesquae

1171 2776 1227 2834 tuo
1240 2775 1273 2833 et
1284 2772 1388 2850 ipsius
1400 2773 1530 2835 comitis
1541 2775 1574 2834 et
1584 2774 1763 2836 comitisse
1775 2775 1896 2852 sigillis
1907 2791 1969 2852 ap-

1172 2871 1343 2947 paruerint
1362 2871 1528 2944 sigillatae,
1545 2871 1661 2933 venire
1680 2874 1968 2950 praesumpserint,

1171 2969 1241 3045 ipse
1256 2967 1292 3028 in
1306 2968 1436 3029 comitis
1462 2970 1495 3029 et
1519 2969 1697 3030 comitissae
1716 2985 1755 3030 ac
1777 2970 1969 3048 adjutorum

1170 3079 1305 3124 suorum
1329 3079 1488 3140 personas
1512 3065 1866 3127 excommunicationis
1878 3068 1911 3129 et
1930 3068 1969 3128 in

1169 3162 1277 3224 terras
1292 3177 1407 3222 eorum
1424 3161 1591 3223 interdicti
1607 3164 1801 3235 sententias,
1815 3165 1969 3241 appella-

1168 3247 1259 3321 tione
1275 3258 1468 3336 postposita,
1484 3259 1693 3335 promulgent
1709 3261 1742 3322 et
1756 3259 1969 3324 iacianteas-

1165 3462 1299 3534 jestatem
1311 3461 1439 3532 oliendit,
1451 3469 1599 3535 peccatum
1612 3470 1639 3520 et
1653 3463 1835 3521 intortunium
1850 3464 1903 3522 sibi
1915 3479 1966 3521 ne-

1168 3534 1330 3590 cessitatem
1367 3533 1519 3606 ingesserit
1545 3535 1770 3591 misericordiam
1792 3536 1964 3607 postulandi,

1168 3610 1196 3660 et
1217 3604 1298 3660 vobis
1317 3605 1460 3676 paraverit
1474 3613 1664 3676 opportunam
1693 3608 1841 3663 materiam
1860 3608 1966 3664 misero

1168 3673 1388 3740 misericorditer
1423 3674 1588 3743 miserendi,
1614 3677 1725 3748 regiam
1762 3676 1966 3734 celsitudinem

1167 3752 1270 3815 quanta
1297 3759 1448 3816 possumus
1471 3745 1621 3802 allectione
1635 3761 1772 3819 rogamus
1786 3753 1813 3803 cl
1828 3747 1962 3804 obsecra-

1167 3829 1230 3870 mus
1264 3815 1292 3870 ιιι
1325 3816 1444 3872 Domino
1473 3818 1540 3874 lesu
1568 3817 1769 3888 chrismari,
1794 3831 1860 3874 cum
1886 3824 1966 3874 esset

1166 3885 1303 3942 ditissimi
1325 3887 1409 3954 itlius,
1440 3887 1499 3942 liert
1524 3901 1625 3960 regum
1650 3895 1678 3944 et
1704 3887 1842 3944 Dominus
1868 3887 1960 3946 domi-

1166 3957 1305 4023 nantium,
1334 3971 1390 4012 non
1411 3956 1503 4013 solum
1519 3971 1570 4029 pro
1593 3955 1675 4014 nobis
1702 3959 1840 4030 captivari
1860 3959 1948 4016 voluit

1165 4026 1297 4083 manibus
1324 4025 1443 4084 traditus
1475 4033 1504 4083 et
1530 4029 1661 4100 potestati
1695 4030 1875 4097 nocentium,
1908 4002 1960 4087 sed

1165 4098 1250 4154 etiam
1259 4097 1475 4168 opprobriosum
1484 4097 1678 4156 crucissubire
1690 4106 1874 4164 tormentum,
1886 4113 1958 4172 qua·

1165 4173 1248 4224 tenus
1261 4168 1350 4239 ipsius
1360 4169 1461 4225 intuitu
1475 4169 1795 4240 principaliter,necnon
1810 4177 1838 4227 et
1852 4173 1960 4229 summi

1165 4237 1318 4306 pontificis,
1336 4239 1384 4309 qui
1398 4237 1433 4294 de
1455 4238 1574 4295 consilio
1588 4254 1622 4296 ac
1636 4253 1778 4296 consensu
1797 4249 1895 4297 nostro
1909 4257 1961 4324 pro

1165 4307 1291 4378 ejusdem
1306 4309 1418 4366 cernitis
1430 4309 1597 4365 liberatione
1605 4310 1692 4452 roff&
1707 4311 1850 4437 makestati
1863 4312 1962 4384 dirigit

1164 4379 1268 4449 scripta
1285 4394 1346 4446 sus,
1363 4380 1624 4437 nostrisetiamooa

1164 4449 1257 4520 ipsum
1270 4449 1305 4506 de
1319 4449 1505 4522 compedibus
1516 4456 1545 4505 et
1556 4451 1719 4522 captivitate
1729 4451 1848 4509 liberare
1862 4453 1961 4524 digne-

1164 4519 1244 4581 mini,
1265 4522 1386 4577 servatis
1404 4518 1486 4576 vobis
1514 4519 1550 4576 ab
1574 4521 1636 4592 ipso
1655 4521 1866 4579 conditionibus
1887 4537 1958 4606 quas

1163 4604 1227 4646 cum
1242 4590 1353 4662 inclytis
1368 4592 1514 4648 memorias
1528 4598 1608 4662 patra
1623 4599 1718 4649 vestro
1739 4605 1809 4674 rege
1828 4593 1959 4666 Philippo

1163 4659 1264 4717 dicitur
1292 4661 1401 4728 iniisse,
1425 4669 1453 4716 et
1479 4675 1542 4733 quae
1570 4670 1665 4719 vestro
1683 4663 1821 4735 etjpstus
1846 4665 1960 4721 comitis

1163 4737 1191 4787 et
1208 4730 1361 4788 comitissae
1378 4733 1400 4788 si
1427 4730 1480 4787 illis
1500 4727 1603 4787 luerint
1619 4732 1761 4805 sigillata,
1782 4741 1821 4800 ut,
1837 4733 1905 4791 dum
1927 4736 1957 4792 in

1163 4815 1214 4856 vos
1229 4803 1358 4873 peccanti
1374 4817 1390 4857 ο
1414 4817 1512 4858 ensam
1529 4808 1556 4857 et
1568 4811 1684 4874 peccata
1704 4805 1857 4874 remittitis,
1872 4819 1956 4862 secu·

1162 4872 1221 4928 rius
1235 4887 1269 4928 ac
1283 4871 1473 4930 conlidentius
1486 4872 1566 4930 vobis
1581 4887 1596 4930 a
1616 4875 1738 4930 Domino
1752 4874 1846 4932 dehita
1864 4883 1958 4935 vestra

1161 4943 1311 5068 postuletis
1326 4943 1439 5000 remitti.
1456 4945 1527 5012 Quia
1540 4957 1608 5000 vero
1624 4959 1680 5000 non
1696 4953 1738 5000 est
1749 4944 1783 5002 de
1798 4953 1952 5004 consuetu-

1182 5013 1227 5068 ine
1240 5012 1315 5084 quod
1330 5014 1458 5070 omnium
1480 5020 1606 5070 nostrum
1628 5015 1721 5088 sigilla
1738 5015 1831 5072 eidem
1856 5018 1954 5089 impri-

1162 5091 1275 5140 mantur
1287 5085 1444 5155 scriptura,
1458 5099 1511 5140 nec
1521 5084 1662 5155 aliquibus
1676 5086 1786 5154 litteris.
1798 5088 1854 5144 uisi
1868 5091 1954 5170 ptiri-

1161 5155 1245 5236 legiis
1259 5154 1396 5212 duntaxat
1408 5156 1588 5226 apostolicis,
1610 5156 1832 5226 subscribantur,
1854 5158 1956 5231 argillis

1162 5240 1285 5352 [trorum
1311 5234 1472 5282 nostrorum
1496 5226 1626 5297 lingonis
1650 5227 1789 5284 Ostiensis
1815 5229 1953 5301 episcopi,

1183 5296 1264 5352 conis
1293 5297 1415 5354 titulis.
1438 5297 1535 5354 Crucis
1555 5298 1583 5352 iu
1607 5299 1764 5355 ierusalem
1786 5299 1956 5371 presbyteri,

1160 5367 1307 5423 Octaviani
1320 5367 1368 5425 SS.
1385 5367 1479 5440 Sergii
1493 5373 1522 5424 et
1537 5365 1640 5425 Bacchi
1655 5368 1768 5426 diaconi
1790 5369 1955 5439 cardinalis,

1180 5443 1331 5493 rosentem
1357 5444 1465 5494 cartam
1493 5437 1613 5496 lecimus
1640 5440 1820 5496 communiti.
1852 5443 1955 5498 Datum

1160 5452 1301 5574 Ratetani,
1317 5506 1468 5566 Vltalend.
1485 5508 1563 5575 maii,
1579 5509 1760 5580 pontilicatus
1771 5508 1879 5569 domiui
1895 5512 1954 5568 llo·

1158 5579 1231 5634 uorii
1244 5579 1373 5650 paptelll
1390 5592 1467 5634 anno
1479 5585 1590 5636 octavo.
1604 5601 1614 5628 ι

1657 4381 1755 4437 uvanti
1774 4381 1959 4454 usprecibus,
