4274 6388
178 206 239 281 311

174 378 253 454 gula
265 377 349 455 ipsa,
361 378 448 441 61661
458 379 582 458 6611ρ16
594 379 655 452 661,
668 377 770 442 166111
778 380 963 444 observata.

174 476 294 537 caeteri
309 492 438 554 quoque
460 477 516 554 qui
538 477 669 553 plenius
690 482 854 540 noverant
877 481 969 556 6166-

175 571 249 634 1616
264 572 391 634 ordinis
402 574 524 636 statnm
535 574 692 636 concordi
704 591 783 636 voce
799 577 965 649 dixerunt,

174 670 260 746 quod
275 684 341 731 non
356 671 495 733 credunt
520 672 671 734 ordinem
694 673 888 749 praedictum
904 675 969 736 ali-

174 781 240 844 quo
259 767 355 829 modo
370 783 467 846 posse
489 768 673 831 subsistere
694 769 767 831 sine
781 770 878 832 bonis
894 787 967 848 quae
1000 815 1005 826 .

174 863 300 926 obtinet
314 867 409 925 extra
421 865 526 926 metas
543 888 550 926 :
566 881 640 926 cum
660 881 780 942 magna
802 883 880 946 pars
907 868 968 930 dn-
1001 893 1004 900 ⁴

174 976 305 1022 anorum
318 961 423 1038 ipsius
437 962 501 1024 sita
516 962 561 1024 sit
580 963 615 1024 in
631 964 714 1024 locis
733 963 837 1026 aridis
852 966 885 1026 et
899 964 967 1028 ste-

43 1085 63 1108 2
173 1057 303 1131 rilibus‚
327 1057 360 1120 et
381 1058 620 1145 multiplicatus
645 1061 689 1123 sit
711 1077 870 1124 numerus
891 1062 965 1124 fra-

176 1155 261 1218 trum
275 1155 401 1216 ordinis
416 1157 597 1234 saepedicti,
619 1157 768 1235 adeoque
796 1159 965 1236 refrigue-

173 1252 219 1314 rit
234 1253 358 1326 caritas
378 1254 411 1314 et
430 1253 650 1317 abundaverit
672 1256 811 1328 malitia,
835 1257 872 1318 ut
895 1271 968 1318 mo-

175 1349 269 1438 derni
286 1337 396 1427 potius
419 1350 576 1413 auferant
598 1351 724 1414 eisdem
742 1353 901 1414 fratribus
926 1368 966 1415 aa

175 1463 248 1524 quae
262 1447 313 1507 sui
325 1451 468 1524 majores
481 1449 564 1525 ipsis
579 1449 614 1510 in
630 1449 876 1528 eleemosynam
891 1468 967 1512 con·

175 1543 332 1616 tulerant,
355 1560 454 1621 quam
481 1546 617 1622 propria
645 1546 843 1622 largiantur.
871 1551 967 1610 Asse-

173 1643 314 1702 ruerunt
336 1641 474 1718 insuper
496 1641 671 1720 episcopus
698 1645 731 1705 et
751 1629 966 1706 ¹subdecanus

173 1737 323 1814 praedicti
339 1738 403 1799 sibi
420 1754 478 1816 per
492 1739 622 1805 litteras
634 1739 752 1801 decani
768 1741 800 1802 et
812 1739 966 1802 officialis

172 1834 391 1896 Bituricensis
406 1836 632 1912 delegatorum
648 1837 762 1900 aSede
777 1838 967 1914 Apostolica

174 1933 375 2005 constitisse,
405 1933 491 2010 quod
516 1933 711 1994 Guillelmus
747 1935 908 2011 Lespinas
935 1936 967 1997 et

173 2029 293 2089 Petrus
309 2024 501 2090 Brnschars
520 2031 671 2092 conversi
688 2031 967 2093 Grandimonten-
1000 2031 1003 2042 ‘

172 2125 220 2185 sis
237 2125 342 2202 jurati
358 2125 501 2187 confessi
521 2129 598 2187 sunt
615 2142 726 2188 coram
742 2128 791 2188 616
804 2126 889 2206 quod
905 2127 964 2189 lit-

171 2221 262 2282 teras
277 2237 337 2298 per
351 2222 442 2298 ipsos
457 2221 589 2284 6161166
604 2239 785 2285 666161666
800 2221 964 2301 impetra-

172 2317 224 2378 tas
257 2333 277 2379 a
305 2317 400 2379 nobis
433 2335 534 2396 super
571 2320 851 2396 possessionibus,
884 2337 966 2398 quas

173 2414 323 2476 obtinent
346 2418 442 2478 extra
467 2415 584 2486 metas,
609 2417 645 2477 in
666 2418 777 2479 odium
798 2418 967 2495 ρ11611661

173 2510 374 2573 clericorum
403 2513 663 2590 impetraverant
688 2515 777 2576 malo
803 2517 914 2578 animo
934 2516 967 2578 et

174 2609 300 2686 iniquo,
318 2609 577 2672 destructionem
589 2611 690 2674 totius
700 2611 827 2673 ordinis
838 2614 870 2674 61
885 2629 966 2690 prae·

175 2705 290 2767 sertim
304 2707 427 2784 prioris
443 2707 475 2770 et
494 2708 692 2770 clericorum
713 2710 792 2772 tunc
806 2711 965 2787 temporis

175 2801 388 2880 affectantes3
406 2820 445 2865 ac
459 2804 678 2867 nihilominus
696 2807 755 2868 sub
774 2809 965 2884 juramento

173 2899 330 2962 dixerunt
342 2902 491 2962 ordinem
508 2903 579 2964 sine
595 2903 762 2980 praedictis
778 2907 966 2980 possessio·

173 2997 271 3058 nibus
286 3014 353 3059 non
368 3014 465 3075 posse
481 2999 693 3076 aliquatenus
710 2999 903 3062 sustentari.

213 3093 389 3174 Saepedicti
417 3091 497 3172 ergo
522 3095 669 3174 episcopi
696 3097 729 3159 61
756 3097 966 3160 subdecanus

173 3207 232 3267 pro
243 3191 324 3268 ipsis
337 3193 448 3270 priore
461 3209 499 3253 ao
510 3192 668 3254 fratribus
679 3195 796 3256 etcum
810 3197 859 3258 eis
870 3195 966 3257 nobis

171 3287 343 3350 humiliter
375 3289 604 3367 supplicarunt
632 3291 669 3353 ut
695 3308 796 3369 super
823 3293 876 3354 bis
905 3309 965 3354 ar-

170 3385 298 3457 ticulis,
329 3385 485 3448 videlicet
515 3403 616 3464 super
640 3385 801 3450 habendis
833 3406 967 3467 posses-

172 3481 321 3544 sionibus
337 3484 431 3545 extra
445 3485 560 3557 metas,
578 3485 610 3547 61
629 3482 744 3547 bestiis
766 3489 966 3548 necessariis

172 3579 213 3640 ad
239 3579 398 3652 laborem,
412 3582 513 3642 certis
530 3582 715 3644 redditibus
731 3584 763 3645 et
777 3584 966 3662 repetendis

172 3675 308 3750 ablatis,
334 3676 528 3755 dispensare
553 3680 814 3742 misericorditer
835 3681 870 3742 16
895 3685 966 3760 jam

171 3772 259 3834 dicta
278 3774 394 3850 regula
416 3775 640 3851 dignaremur.
657 3779 698 3838 Et
718 3777 751 3837 id
769 3777 876 3854 ipsum
897 3777 966 3838 tam

171 3870 373 3932 venerabilis
383 3870 488 3933 frater
499 3875 612 3934 noster
622 3874 816 3936 Portuensis
831 3876 965 3952 episco-

170 3969 449 4046 ρ66Αρ661611666
471 3969 567 4031 Sedis
586 3970 728 4047 legatus,
742 3987 840 4048 quarn
855 3989 914 4035 166
934 3972 967 4036 61
997 3995 1001 4004 ·

170 4065 373 4126 venerabilis
388 4065 492 4128 frater
505 4070 619 4132 noster
635 4067 891 4144 Burdogalensis
907 4085 966 4130 ar-

172 4162 416 4240 cbiepisoopus,
447 4163 572 4241 aliique
601 4165 754 4225 nonnulli
779 4166 848 4227 tam
876 4166 967 4243 epis-

172 4259 246 4335 copi
270 4275 367 4336 quam
395 4258 530 4321 abbates
566 4259 691 4338 aliique
715 4263 845 4339 praelati
870 4263 965 4324 nobis

172 4357 314 4417 suadere
327 4372 388 4433 per
400 4371 477 4417 suas
493 4357 622 4418 litteras
638 4361 855 4433 6616161661,
873 4375 967 4422 asse-

170 4453 282 4514 rentes
296 4453 445 4514 ordinem
460 4454 570 4530 ipsum
584 4455 764 4517 sustentari
777 4471 842 4517 non
854 4474 962 4534 posse,

171 4550 240 4610 nisi
276 4566 336 4626 per
363 4551 656 4628 dispensationem,
682 4553 718 4614 ut
745 4552 867 4614 dictum
902 4558 963 4627 est,

171 4647 387 4723 provideatur
400 4648 519 4711 eidem.
543 4650 623 4708 Cum
638 4649 741 4725 igitur
755 4665 818 4710 nos
837 4652 873 4713 ei
890 4651 964 4713 fra-

169 4744 239 4805 tres
256 4745 363 4806 nostri
377 4745 566 4821 satagentes
582 4746 717 4807 obviare
738 4746 845 4808 ruinae
860 4749 965 4826 ipsius

172 4841 309 4914 ordinis,
332 4855 392 4918 pro
416 4845 511 4920 cujus
538 4843 625 4904 statu
650 4844 839 4920 Apostolioa
865 4847 965 4908 Sedes

171 4939 224 5000 bis
239 4941 272 5000 et
284 4939 361 4999 aliis
376 4938 580 5014 temporibus
596 4938 773 5016 plurimum
788 4941 964 5012 laboravit,

171 5036 443 5098 convenissemus
462 5037 498 5096 in
516 5051 617 5097 unum
633 5053 733 5114 super
747 5039 819 5116 ipso
832 5040 966 5115 negotio

171 5133 356 5204 tractaturi,
373 5133 441 5194 1166
460 5129 662 5209 provisionis
676 5136 740 5196 vias
762 5134 858 5197 nobis
878 5138 966 5199 inter

171 5231 312 5292 caeterns
324 5230 550 5291 occurrerunt.
564 5231 677 5291 Prima
690 5231 763 5303 fuit,
776 5237 812 5293 61
824 5233 967 5294 distrac-

97 5367 106 5382 .
171 5328 214 5388 tis
237 5326 334 5387 bonis
356 5341 429 5402 quae
454 5328 632 5404 saepedicta
656 5329 965 5392 Grandimontensis

171 5425 288 5488 domus
302 5425 334 5485 et
349 5427 422 5501 ejus
435 5425 528 5486 cellae
541 5425 694 5488 obtinent
708 5428 823 5488 contra
838 5429 965 5504 regulae

172 5535 241 5582 666
257 5520 424 5592 166111616,Ι
433 5535 475 5582 er
486 5535 601 5583 eorum
615 5523 721 5599 pretio
737 5523 856 5586 fierent
870 5541 965 5589 novae

786 223 1016 284 EPISTOLAE.

1750 205 1821 282 ,3¹38

1023 383 1129 454 cella,
1147 381 1231 444 etin
1246 395 1362 443 earum
1382 379 1524 456 singulis
1543 379 1593 446 tot
1611 381 1821 446 collocaren-

1021 479 1077 542 tur
1100 479 1141 540 de
1163 477 1333 558 matribus,
1350 478 1436 555 quod
1451 479 1646 542 viderentur
1659 479 1700 542 de
1722 479 1821 541 bonis

1023 576 1112 639 intra
1127 591 1243 638 661616
1258 576 1364 637 metas
1375 575 1492 652 positis
1510 576 1690 638 sustentari
1707 597 1715 636 =
1732 591 1820 654 qua-

1022 673 1120 734 tenus
1142 687 1282 732 6616616
1305 671 1444 734 fratrum
1464 671 1500 732 in
1526 672 1619 734 cellis
1649 672 1818 735 veteribus

1024 769 1277 831 consistentium
1305 783 1366 846 per
1395 767 1458 830 boc
1493 767 1629 830 redacto
1656 769 1698 831 ad
1731 785 1816 832 con-

1022 881 1139 942 gruam
1155 865 1370 942 paucitatem,
1388 866 1421 928 et
1445 865 1510 941 ipsi
1532 866 1712 928 sustentari
1727 883 1816 944 pos-

1023 964 1096 1024 sent
1106 962 1147 1023 de
1159 962 1255 1024 bonis
1270 979 1343 1041 quaa
1357 962 1542 1039 cellaaipsae
1558 961 1709 1025 obtinent
1726 963 1817 1025 intra

1022 1059 1139 1120 metas.
1153 1059 1305 1121 secunda
1332 1059 1404 1131 fuit,
1429 1061 1466 1122 61
1485 1061 1553 1120 mm
1574 1059 1818 1135 possessiones,

1022 1169 1120 1232 qnam
1133 1155 1202 1216 alia
1222 1172 1294 1233 666
1319 1159 1435 1218 666116
1457 1155 1580 1218 statuta
1601 1156 1727 1231 1636166
1746 1171 1817 1218 suae

1022 1250 1148 1312 obtinet
1162 1251 1270 1314 dictus
1289 1251 1381 1324 ordo,
1397 1251 1548 1330 personis
1564 1252 1818 1314 'committeren-

1021 1347 1138 1409 rentur
1158 1349 1299 1422 idoneis,
1318 1365 1391 1427 quae
1410 1349 1470 1410 1116
1497 1350 1631 1411 6616166
1658 1349 1817 1410 Ecclesiae

1022 1447 1182 1507 Romana
1203 1446 1365 1516 tenentes,
1383 1445 1423 1506 de
1443 1445 1577 1508 illorum
1601 1446 1816 1522 proventibus
1879 1475 1884 1482 ·

1021 1543 1215 1619 supplerent
1223 1543 1386 1606 defectum
1399 1545 1619 1618 proventuum
1631 1543 1818 1619 possessio·
1868 1561 1873 1571 ·

1022 1654 1100 1700 num
1127 1640 1378 1702 consistentium
1401 1640 1490 1702 intra
1514 1640 1630 1712 metas,
1660 1655 1699 1702 ae
1727 1639 1815 1702 resi-

1022 1736 1133 1809 duum,
1147 1738 1176 1798 si
1188 1737 1267 1815 quid
1281 1738 1379 1809 esset,
1391 1739 1427 1798 in
1442 1738 1680 1814 eleemosymas
1689 1751 1815 1812 eroga-

1022 1833 1106 1905 1661,
1118 1833 1260 1896 inhibito
1287 1835 1391 1910 ipsius
1415 1833 1543 1895 ordinis
1565 1833 1670 1910 priori
1688 1836 1722 1895 61
1743 1832 1816 1895 ira-

1021 1929 1138 2001 tribus,
1155 1946 1198 1990 ne
1219 1930 1350 2008 aliquos
1373 1931 1561 2006 reciperent
1580 1930 1615 1992 in
1639 1929 1815 2006 capitevel

1021 2027 1057 2087 in
1085 2023 1254 2099 membris,
1270 2041 1441 2104 quousque
1466 2027 1507 2088 ad
1536 2042 1611 2088 eum
1640 2041 1818 2088 numerum

1022 2122 1244 2196 devenissent,
1257 2125 1312 2200 qui
1323 2124 1431 2200 potest
1445 2123 1711 2202 possessionibus
1726 2123 1815 2184 intra

1022 2221 1126 2282 metas
1148 2221 1264 2297 positis
1280 2237 1425 2298 congrue
1440 2221 1640 2284 sustentari:
1660 2236 1700 2282 ac
1719 2219 1816 2282 dein-

1022 2331 1099 2394 ceps
1126 2318 1161 2379 in
1187 2319 1261 2395 ipso
1286 2333 1424 2383 numero
1447 2319 1679 2396 permanentes
1703 2318 1818 2378 essent

1020 2413 1116 2475 bonis
1153 2415 1240 2477 16116
1267 2416 1373 2478 metas
1397 2416 1515 2493 positis
1543 2415 1690 2477 contenti
1717 2414 1815 2492 juxta

1021 2512 1127 2588 ipsius
1142 2513 1305 2586 instituta,
1323 2514 1357 2575 et
1374 2516 1453 2575 tunc
1473 2514 1604 2574 demum
1625 2512 1816 2589 possessio-

1021 2625 1080 2670 nes
1109 2610 1203 2671 extra
1236 2611 1340 2672 metes
1369 2611 1601 2683 venderentur,
1632 2610 1816 2686 fierentque

1021 2723 1116 2768 novae
1139 2695 1232 2768 66116
1248 2707 1353 2785 1ρ6166
1369 2708 1496 2770 ordinis
1510 2707 1550 2768 de
1565 2707 1671 2783 pretio
1686 2721 1816 2768 earum-

1020 2803 1106 2864 dem.
1120 2803 1232 2865 Tertia
1250 2819 1329 2866 vero
1344 2804 1419 2875 fuit,
1444 2807 1481 2866 ut
1498 2803 1658 2865 fratribus
1668 2807 1739 2880 jam
1755 2819 1814 2864 re·

1020 2901 1136 2976 ceptis,
1157 2900 1308 2976 regulam
1329 2901 1437 2978 ipsam
1460 2902 1559 2978 jnnta
1583 2916 1653 2962 suae
1679 2899 1814 2976 profes-

1020 2997 1126 3058 sionis
1145 2997 1292 3059 debitum
1308 2997 1573 3070 observantibus,
1589 2997 1705 3058 eadem
1724 2997 1815 3058 circa

1020 3092 1230 3170 recipiendos
1268 3093 1308 3155 de
1345 3095 1465 3156 caetero
1504 3093 1707 3172 temperetur
1751 3093 1817 3154 boc

1021 3191 1129 3264 modo,
1151 3193 1187 3253 ut
1211 3190 1369 3267 videlicet
1393 3192 1543 3269 praedicti
1567 3192 1709 3268 quatuor
1731 3191 1817 3254 arti·

1021 3288 1088 3350 6611
1115 3288 1156 3350 de
1178 3291 1295 3367 regula
1324 3289 1600 3352 subtraherentur
1623 3290 1750 3360 eadem,
1781 3288 1816 3351 61

1020 3387 1202 3464 1661ρ166ι11
1227 3388 1267 3448 de
1282 3392 1401 3450 caetero
1417 3387 1651 3465 profiterentur
1664 3385 1816 3462 regulam

1021 3498 1079 3558 per
1094 3482 1370 3545 substractionem
1392 3481 1610 3545 articulorum
1624 3479 1815 3559 hujusmodi

1020 3580 1248 3656 temperatam,
1265 3581 1366 3660 bique
1386 3580 1521 3643 illorum
1546 3595 1618 3656 quae
1640 3594 1730 3640 nunc
1755 3577 1816 3640 eb-

1023 3677 1105 3739 tinet
1119 3678 1226 3740 dictus
1242 3678 1322 3739 ordo
1343 3679 1458 3740 contra
1476 3677 1601 3751 regulae
1625 3692 1695 3738 suae
1713 3675 1815 3737 insti-

1019 3772 1091 3836 tuta
1102 3777 1173 3851 jam
1192 3773 1277 3835 liciti
1292 3789 1512 3850 possessores,
1525 3789 1640 3834 curam
1660 3773 1816 3848 gerentes

1021 3885 1146 3943 eorum,
1169 3871 1318 3948 ipsorum
1346 3869 1563 3946 proventibus
1589 3868 1654 3929 sibi
1679 3869 1712 3930 et
1737 3866 1816 3928 61116

1021 3967 1178 4028 fratribus
1193 3967 1349 4028 fraternae
1371 3967 1521 4029 caritatis
1542 3965 1730 4028 ministeria
1749 3978 1814 4024 ne-

1021 4065 1168 4126 cessaria
1189 4063 1430 4136 ministrarent,
1460 4065 1573 4141 totque
1595 4076 1813 4125 assumeren-

1019 4165 1075 4223 tur
1093 4162 1133 4223 de
1157 4177 1244 4224 novo
1264 4161 1312 4223 sic
1330 4162 1547 4238 temperatam
1564 4161 1715 4238 regulam
1736 4175 1816 4238 pro-

1021 4258 1153 4331 fessuri,
1176 4259 1260 4336 quod
1284 4259 1323 4320 ad
1348 4275 1461 4320 curam
1484 4258 1675 4322 sufficerent
1696 4273 1816 4336 snpra-

1021 4357 1152 4428 dictam,
1176 4356 1303 4418 duobus
1328 4356 1534 4434 singularum
1550 4357 1723 4419 domorum
1745 4354 1813 4416 mi-

1020 4455 1159 4538 nisterio
1184 4453 1391 4530 deputandis,
1414 4453 1813 4526 6661116116616161166,

1020 4552 1152 4630 alioque
1167 4568 1339 4614 converso.
1355 4555 1500 4623 Quorum
1522 4554 1608 4614 61161
1631 4566 1814 4614 666161666

1020 4649 1148 4710 66111661
1174 4648 1308 4734 6611661,
1339 4650 1587 4712 616116661616
1617 4648 1816 4712 66116616116

1020 4745 1166 4808 officium
1194 4749 1336 4823 gereret,
1374 4747 1555 4809 secundum
1592 4747 1678 4823 quod
1714 4747 1815 4807 etiam

1020 4860 1108 4906 nunc
1129 4844 1327 4906 observatur
1344 4845 1380 4905 16
1399 4844 1518 4905 ordine
1537 4844 1753 4920 supradicto:
1779 4844 1817 4905 61

1020 4943 1068 5004 616
1095 4941 1255 5020 professis
1283 4941 1433 5018 regulam
1466 4941 1579 5003 taliter
1610 4939 1816 5001 moderatam

1020 5039 1180 5116 paulatim
1213 5039 1466 5102 succedentibus
1495 5038 1564 5098 illis
1593 5037 1650 5115 qui
1682 5037 1817 5100 fuerunt

1019 5137 1239 5198 austeriorem
1252 5136 1405 5213 professi,
1419 5135 1550 5197 tandem
1566 5151 1724 5213 processu
1736 5137 1815 5197 tem·

1020 5235 1110 5310 poris
1125 5249 1240 5294 omnes
1257 5232 1361 5309 ipsius
1381 5233 1508 5293 ordinis
1531 5231 1651 5294 fratres
1664 5233 1813 5296 eamdem

1020 5331 1068 5391 sic
1092 5329 1295 5392 moderatam
1318 5329 1554 5406 profiterentur
1573 5331 1606 5392 61
1629 5331 1812 5393 servarent.

1021 5431 1108 5490 Sane
1139 5429 1212 5489 vias
1252 5427 1467 5490 discutientes
1506 5429 1651 5500 easdem,
1688 5427 1814 5488 nullam

1020 5542 1135 5606 aarum
1150 5523 1340 5586 invenimus
1351 5525 1439 5586 omni
1455 5541 1592 5604 prorsus
1603 5523 1813 5601 scrupulosi-

1039 223 1120 284 LIB.
1143 223 1213 286 v11.
