4244 6374
141 313 201 374 633

141 467 264 530 dicitur
289 467 464 544 contineri,
491 466 586 548 robis
610 467 643 530 et
668 481 728 543 per
747 466 933 530 roscidam

141 565 343 628 monasterio
369 565 565 627 auctoritate
589 563 777 641 apostolica
805 563 931 625 condr-

141 679 270 724 mamus
285 663 318 725 et
329 662 502 740 praesentis
518 662 632 738 scripti
645 661 829 738 patrocinio
841 677 934 722 com-

140 761 318 833 munimus,
352 763 416 822 eto.
441 761 559 822 natum
587 759 754 831 Laterani,
786 761 831 820 111
857 759 931 820 idus

139 857 231 929 maii,
248 872 336 918 anno
349 857 477 919 octavo

473 1067 605 1156 CCXV

140 1221 192 1279 Ad
210 1223 350 1293 priores
369 1219 506 1282 Saactce
532 1223 659 1282 Mortae
679 1220 768 1293 loris
789 1219 930 1293 portam

177 1321 354 1378 Lucanam
375 1319 409 1378 et
424 1319 542 1379 Sancti
565 1319 682 1380 Jocoot
700 1319 741 1378 dc
761 1317 928 1386 06616166,

178 1417 333 1477 utoecests
345 1417 567 1478 Florentium.

411 1613 415 1622 Ι
428 1547 461 1603 13
476 1546 543 1602 maii
559 1544 638 1602 1111.

223 1669 372 1735 mittarelli,
385 1669 478 1720 Annei.
490 1667 695 1728 66661661.,11,
707 1682 766 1733 app.
777 1665 844 1732 432]

137 1785 253 1844 Mandat
264 1792 296 1842 ut
314 1798 431 1842 causam
457 1785 530 1842 inter
547 1783 678 1842 abbatem
702 1789 930 1855 conventumque

173 1875 202 1932 S.
214 1873 310 1931 savini
320 1871 427 1930 ordinis
436 1870 841 1944 camaldulensisetquosdam
852 1871 930 1929 cives

173 1963 304 2019 Lucanos
318 1975 404 2034 super
416 1961 642 2034 possessionibus
653 1968 681 2018 et
691 1960 775 2020 rebus
788 1961 850 2018 eliis
865 1960 927 2032 agi·

173 2057 261 2108 tetam
276 2050 439 2107 terminent.

177 2176 344 2236 Honorius
354 2177 540 2253 episcopus,
552 2174 926 2246 servusservorumDei,

137 2271 266 2333 dilectis
282 2272 396 2334 filiis...
420 2273 549 2334 Sanctae
569 2272 684 2333 Mariae
705 2271 928 2348 forisportam

135 2370 303 2429 Lucanam
314 2369 382 2430 61...
395 2369 508 2430 Sancti
518 2369 633 2431 iacobi
644 2369 684 2429 de
694 2368 846 2430 Gertaldo
857 2367 929 2428 Flo·

136 2467 276 2528 rentinae
309 2466 462 2528 dioecesis
495 2465 678 2542 prioribus,
713 2465 855 2528 salutem
896 2466 929 2526 et

135 2563 359 2638 Apostolicam
374 2563 647 2624 benedictionem.
827 2557 834 2568 '

175 2659 294 2722 Dilecti
313 2660 411 2720 11111...
437 2660 538 2721 abbas
562 2662 595 2721 et
616 2660 798 2722 convontus
815 2659 928 2722 Sancti

137 2757 251 2818 Savini
260 2757 387 2818 ordinis
403 2757 664 2819 camaldulensis
677 2757 771 2819 nobis
787 2771 929 2833 conque·

134 2854 238 2916 rendo
251 2857 487 2927 monstrarunt,
507 2855 630 2931 quod...
647 2855 793 2930 potestas
806 2858 838 2915 et
853 2854 928 2930 qui-

134 2950 210 3011 dam
221 2951 280 3011 alii
295 2952 383 3012 cives
399 2951 525 3011 Lucani
549 2966 649 3026 super
663 2949 928 3026 possessionibus

134 3049 167 3109 ct
186 3048 285 3108 rebus
299 3047 375 3108 aliis
391 3047 595 3125 injuriantur
618 3046 753 3107 eisdem.
772 3046 927 3123 quocirca

134 3145 328 3206 discretioni
356 3145 475 3205 restrae
501 3159 560 3220 per
587 3143 778 3220 apostolica
803 3144 927 3219 scripta

133 3241 345 3313 mandamur,
373 3244 534 3317 quatenus
562 3240 710 3317 partibus
737 3241 926 3303 convocatis

134 3336 278 3399 audiatis
293 3353 439 3410 causam,
453 3337 713 3414 etappellationo
722 3339 848 3398 remota
861 3338 926 3399 dne

133 3435 243 3497 debito
258 3435 453 3506 terminetis,
476 3434 647 3506 faciendae,
664 3434 750 3512 quod
770 3435 927 3496 decreve-

132 3532 218 3604 ritis,
236 3547 294 3608 per
306 3547 491 3593 censuram·
507 3531 766 3593 ecclesiasticam
787 3532 926 3593 firmiter

132 3627 315 3690 observari.
349 3629 474 3702 Testes,
509 3631 571 3690 etc.
601 3631 719 3691 Datum
756 3629 923 3700 Laterani,

132 3728 180 3788 ΙΙΙ
191 3725 264 3787 idus
278 3728 369 3800 maii,
382 3727 563 3804 pontificat.
576 3727 682 3789 nostri
693 3742 782 3788 anno
795 3727 923 3790 octavo.

450 3993 601 4081 CCXVI

231 4144 283 4202 Ad
308 4145 504 4204 Simeonem
531 4145 826 4218 arehiepiscopum

372 4241 685 4302 Ravennatensem.

428 4379 461 4436 lt
476 4379 543 4437 maii
556 4379 633 4437 lati.

254 4501 405 4568 [Baliarium
420 4504 573 4562 Romanum,
590 4502 634 4560 111,
647 4500 702 4561 tot,
713 4516 738 4553 n.
749 4501 800 4567 to]

148 4618 331 4679 Confirmatio
344 4619 570 4692 privilegiorum,
587 4619 739 4690 bonorum,
758 4625 787 4676 61
798 4616 907 4691 jnrium

332 4709 462 4766 ecclesie
483 4707 720 4770 Ravennatensis.

170 4825 336 4886 Honorius
377 4825 561 4901 episcopus,
600 4839 716 4886 servus
752 4837 924 4886 servorum

741 307 969 370 EPISTOLAE.
992 307 1071 368 LIB.
1095 309 1181 370 vui.
1242 297 1252 304 ’

1725 317 1784 380 634

987 465 1222 538 sollicitudine,
1232 481 1271 528 ac
1281 468 1491 545 propensiori
1502 469 1612 534 studio
1621 473 1782 550 caritatis,

987 578 1060 639 qnae
1076 562 1249 624 adsedem
1260 563 1484 640 Apostolicam
1500 570 1685 633 noscuntur
1701 587 1782 649 spe-

986 659 1106 719 cialius
1127 660 1304 736 pertinere.
1331 663 1504 737 Quocirca,
1525 667 1727 730 venerabilis
1746 669 1783 732 in

987 754 1118 816 Christo
1146 755 1249 818 irater
1284 757 1551 836 archiepiscope,
1583 761 1650 822 tuis
1680 765 1782 841 justis

985 851 1263 927 postulationibus
1278 854 1458 916 clementer
1468 857 1656 932 annuimus,
1669 861 1701 922 et
1713 876 1781 923 no-

985 945 1086 1008 bilem
1112 965 1152 1010 ac
1175 949 1334 1012 famosam
1362 954 1650 1016 Ravennatensem
1673 957 1782 1019 ecole-

986 1044 1081 1116 siam,
1098 1047 1152 1106 cui
1168 1049 1303 1108 auctore
1318 1050 1386 1109 Deo
1399 1065 1543 1125 praeesse
1557 1051 1778 1127 dignosceris,

985 1141 1027 1202 ad
1054 1143 1225 1220 exenrplar
1252 1144 1358 1206 lelicis
1382 1147 1624 1209 recordationis
1643 1150 1777 1224 calixti,

985 1240 1302 1314 Gregoriiflonorii,
1314 1243 1449 1316 (1616611,
1460 1247 1684 1308 Romanorum
1695 1263 1781 1325 pon-

985 1329 1122 1404 tilicum,
1157 1339 1438 1414 praedecessorum
1474 1343 1682 1416 nostrorum,
1720 1344 1781 1405 sub

984 1431 1073 1494 beati
1095 1434 1197 1504 Petri,
1215 1435 1247 1496 et
1268 1437 1381 1498 nostra
1407 1440 1614 1514 protectione
1636 1441 1780 1518 suscipi-¹

984 1545 1069 1602 mus,
1097 1531 1130 1592 et
1155 1533 1329 1607 praesentis
1354 1535 1470 1611 scripti
1491 1537 1667 1613 privilegio
1687 1553 1781 1599 com-

985 1626 1171 1700 munimus;
1189 1630 1381 1702 statuentes,
1403 1631 1440 1691 ut
1455 1647 1682 1711 quascumque
1701 1651 1781 1710 pos·

985 1721 1165 1793 sessiones,
1180 1738 1394 1800 quaecumque
1408 1724 1495 1786 bona
1510 1727 1625 1789 eadem
1638 1727 1781 1791 ecclesia

984 1817 1019 1876 in
1033 1819 1287 1894 praesentiarum
1297 1822 1387 1897 iuste
1400 1823 1433 1883 et
1447 1825 1606 1885 canonice
1621 1825 1777 1901 possidet,

984 1919 1042 1974 aut
1056 1914 1090 1973 in
1107 1914 1253 1975 laturum
1266 1918 1480 1980 concessione
1493 1921 1697 1996 pontificum,
1711 1921 1780 1983 lar-

984 2010 1109 2084 gittone
1134 2011 1382 2088 imperatorum,
1411 2031 1527 2091 regum
1556 2019 1612 2078 aut
1648 2019 1779 2094 princi·-

984 2123 1073 2183 pum,
1101 2107 1269 2169 oblatione
1299 2109 1461 2183 fidelium,
1493 2128 1551 2174 seu
1579 2114 1656 2174 aliis
1678 2115 1780 2192 Justis

984 2204 1104 2277 modis,
1132 2205 1264 2268 latente
1294 2208 1445 2278 Domino,
1471 2211 1593 2286 poterit
1625 2211 1777 2288 adipisci,

984 2301 1079 2362 drma
1101 2301 1161 2364 tibi
1183 2303 1314 2380 tuisque
1329 2307 1578 2367 successoribus
1594 2307 1626 2369 et
1648 2307 1779 2371 illibata

983 2401 1210 2474 permaneant.
1236 2402 1272 2461 ln
1299 2401 1418 2478 quibus
1435 2402 1506 2464 haec
1521 2405 1665 2482 propriis
1680 2405 1780 2467 duxi-

982 2512 1056 2556 mus
1081 2497 1299 2573 exprimenda
1318 2499 1510 2561 vocabulis:
1528 2504 1649 2563 Locum
1669 2503 1779 2580 ipsum

983 2593 1017 2652 in
1033 2609 1097 2670 quo
1120 2594 1259 2670 praelata
1274 2596 1416 2657 ecclesia
1432 2599 1495 2659 sita
1511 2599 1561 2660 est
1575 2615 1650 2660 cum
1665 2601 1778 2662 omni-

983 2689 1043 2750 bus
1070 2691 1279 2766 pertinentiis
1304 2693 1393 2766 suis3
1425 2696 1589 2768 Parmen,
1624 2698 1775 2772 Region..

983 2786 1157 2860 Mutinen,
1185 2789 1381 2860 Bononien.,
1407 2791 1554 2862 imolen,
1589 2793 1775 2866 Faventia,

983 2883 1778 2962 Forotivien,Foropoputien,cesenaten,Bo-

982 2979 1085 3049 bien.,
1102 2981 1265 3051 cervien,
1284 2982 1482 3054 comaclen,
1500 2985 1533 3045 ot
1544 2985 1678 3046 Adrien.
1693 2987 1778 3062 opis·

983 3079 1129 3153 copatuS,
1147 3079 1384 3140 monasterium
1405 3080 1583 3154 Galiaten„
1603 3084 1777 3145 monaste-

982 3175 1069 3234 rinm
1086 3175 1199 3236 Sancti
1213 3175 1416 3252 Apollinaris
1428 3178 1462 3238 in
1477 3179 1778 3252 Classemonaste·

981 3271 1068 3331 rium
1099 3272 1211 3332 Sancti
1248 3273 1372 3346 Severi,
1403 3276 1641 3337 monasterium
1662 3278 1776 3340 Sancti

982 3369 1152 3430 Laurentii
1167 3368 1248 3430 ioris
1262 3386 1405 3443 murum,
1416 3373 1654 3435 monasterium
1671 3376 1777 3435 Sanc-

980 3465 1023 3527 tae
1052 3466 1167 3526 Mariae
1194 3467 1367 3540 Rotundae,
1385 3471 1622 3532 monasterium
1645 3473 1776 3534 sancte

981 3563 1110 3636 Mamae,
1144 3565 1382 3625 monasterium
1418 3567 1531 3628 Sancti
1572 3568 1776 3645 Apollinaris

980 3661 1069 3730 novi,
1087 3662 1324 3722 monasterium
1343 3663 1455 3724 Sancti
1470 3665 1609 3725 ioannis
1622 3668 1776 3742 Evange-

980 3755 1077 3826 listas,
1095 3758 1333 3819 monasterium
1354 3761 1484 3820 Sanctae
1499 3762 1616 3822 Mariae
1631 3761 1667 3822 in
1689 3765 1775 3824 Cos-

980 3853 1101 3926 mcdin,
1139 3855 1376 3916 monasterium
1407 3858 1520 3919 Sancti
1551 3860 1773 3932 Mercurialis,

979 3951 1217 4012 monasterium
1230 3952 1343 4012 Sancti
1351 3952 1482 4024 Vitalis,
1491 3954 1524 4014 et
1536 3956 1774 4017 monasterium

981 4047 1093 4108 Sancti
1103 4047 1255 4118 Andreae,
1263 4049 1296 4108 et
1308 4048 1502 4110 canonicam
1515 4051 1644 4112 Sanotae
1657 4052 1774 4114 Mariae

968 4143 1015 4204 in
1030 4145 1143 4214 Portu,
1161 4144 1254 4206 salva
1276 4145 1616 4225 compositioneque
1636 4149 1671 4208 in
1686 4165 1774 4226 prae-

979 4241 1088 4302 sentia
1110 4243 1223 4303 nostra
1243 4241 1331 4302 inter
1355 4257 1391 4303 se
1410 4257 1449 4304 ac
1463 4241 1575 4320 ‘ipsam
1596 4247 1773 4309 ecclesiam

979 4338 1177 4410 intercessit,
1195 4339 1228 4400 et
1238 4341 1305 4416 166,
1325 4339 1411 4417 qnod
1432 4341 1535 4402 habes
1553 4343 1589 4403 in
1605 4346 1775 4407 monaste-

979 4436 1030 4496 rio
1047 4437 1176 4496 Sanctae
1187 4437 1303 4496 Mariae
1319 4437 1359 4498 de
1373 4439 1496 4511 Urano,
1513 4440 1596 4502 etin
1611 4443 1773 4505 canonica

981 4532 1094 4594 Sancti
1105 4532 1295 4606 Clementis,
1305 4535 1500 4596 canonicam
1514 4539 1628 4599 Sancti
1639 4539 1775 4615 Georgii

979 4627 1014 4688 in
1029 4626 1167 4698 Tabula,
1186 4644 1253 4689 non
1266 4630 1365 4706 longe
1378 4646 1397 4690 a
1414 4632 1517 4692 muris
1533 4632 1625 4693 urbis
1640 4637 1775 4695 Raven-

979 4740 1031 4786 nae
1042 4725 1151 4798 sitam,
1166 4726 1343 4786 ecclesiam
1358 4729 1472 4788 Sancti
1486 4728 1722 4791 Bartholomaei
1732 4729 1774 4792 de

980 4821 1166 4894 Mauriano,
1184 4821 1314 4898 plebem
1337 4825 1465 4884 Sanctae
1481 4823 1608 4896 Mariae,
1626 4841 1698 4901 quae
1710 4841 1773 4888 vo-

130 4921 201 4989 Dei,
228 4920 414 4982 venerabili
437 4913 532 4982 lrat'ri
557 4920 705 4982 Simeoni
734 4920 924 4982 Ravennati
979 4917 1074 4979 catur
1098 4919 1134 4978 in
1163 4920 1277 4991 Portu,
1307 4918 1614 4996 plebemMaterii,
1643 4921 1773 4998 plebem

128 5017 391 5095 archiepiscopo,
408 5020 546 5094 ejusque
563 5017 812 5078 successoribus
827 5033 925 5079 cano·
980 5015 1094 5076 Sancti
1107 5015 1186 5088 Viti,
1204 5015 1334 5092 plebem
1357 5017 1470 5077 Sancti
1482 5017 1639 5079 venantii
1652 5018 1692 5079 de
1706 5021 1772 5080 Ca-

128 5114 204 5175 6166
217 5113 454 5176 substituendis
467 5114 502 5174 in
516 5115 721 5191 perpetuum,
734 5115 875 5176 salutem
891 5117 925 5177 et
978 5112 1047 5189 pite
1067 5113 1231 5184 Gannetti,
1249 5112 1377 5189 plebem
1394 5113 1507 5175 Sancti
1515 5114 1720 5190 Apollinaris
1734 5118 1775 5180 de

127 5211 351 5287 Apostolicam
360 5210 636 5273 benedictionem.
979 5209 1139 5271 comitatu
1152 5208 1284 5285 Rodigii
1299 5225 1373 5270 cum
1386 5211 1524 5286 capellis
1539 5211 1620 5284 sule,
1634 5229 1772 5276 monas-

168 5308 239 5369 Etsi
253 5309 419 5369 universis
439 5310 568 5372 Sanctae
588 5307 745 5369 Ecclesiae
764 5307 844 5368 111116
863 5307 924 5368 de·
978 5305 1100 5367 terium
1127 5307 1240 5368 Sancti
1261 5307 1353 5374 Petri
1376 5306 1411 5368 in
1428 5309 1539 5369 Maon.
1556 5311 1593 5370 In
1616 5311 1774 5374 comitatu

127 5403 251 5466 bitores
264 5419 307 5466 ex
326 5404 447 5467 collato
466 5405 563 5467 nobis
582 5421 601 5467 a
623 5407 691 5466 Deo
710 5404 924 5482 apostolatus
980 5403 1196 5464 Ponsaurien.
1223 5403 1368 5464 castrum
1389 5403 1529 5476 Gazolac,
1556 5409 1701 5468 castrum
1716 5407 1775 5468 Li-

128 5500 240 5562 oidoio
266 5501 461 5571 existamus,
480 5501 548 5563 illis
573 5503 685 5564 tamen
713 5501 867 5578 personis
892 5501 926 5563 et
979 5498 1107 5576 gabizzi
1125 5501 1158 5560 61
1187 5501 1332 5560 castrum
1359 5501 1552 5563 Granarolae
1575 5504 1774 5566 661666111-

127 5595 211 5660 locis
233 5595 409 5674 providere
436 5613 497 5661 nos
531 5598 686 5700 convenit
720 5597 925 5674 diligentiori
979 5595 1053 5666 bus,
1072 5596 1305 5674 jurisdictione
1334 5601 1367 5660 et
1390 5597 1601 5676 pertinentiis
1625 5599 1706 5662 suis.
1734 5603 1772 5664 In
