4258 6394
776 309 1004 373 EPISTOLAE.
1027 310 1106 372 ule.
1129 311 1214 372 VIII.

339 638 391 697 Ad
404 635 656 698 morzcsterlcm
667 633 812 696 sauma.

446 768 462 827 7
479 764 594 838 augusti
608 765 686 824 1113.

350 889 478 954 [Sebatum
492 887 560 938 dnn.
572 887 692 946 radere„
706 886 805 951 1,eae.]

177 1011 252 1074 ¹Illud
270 1012 475 1070 monasterium
499 1010 552 1068 sub
571 1025 621 1068 sua
644 1009 820 1083 protectione
841 1009 970 1082 suscipit,

215 1101 298 1174 eique
314 1099 464 1160 confirmat
482 1097 619 1157 ecclesias
636 1097 671 1156 de
686 1096 865 1156 Imminchus
887 1103 916 1154 et
936 1095 972 1154 dc

216 1189 389 1249 Godeslein.

219 1315 388 1376 Honorius
397 1313 585 1390 episcopus
593 1328 710 1375 servus
718 1326 891 1374 servorum
899 1309 970 1380 Dei,

180 1413 309 1476 dilectis
333 1411 413 1474 filiis
442 1410 619 1490 praeposito
645 1409 678 1472 et
703 1407 882 1472 conventui
900 1423 973 1468 mo-

179 1509 320 1574 nasterii
345 1507 492 1581 skaban,
525 1507 664 1568 salutem
693 1505 726 1569 et
748 1504 972 1583 Apostolioam

179 1607 453 1672 benedictionem.

222 1704 442 1766 sacrosancta
456 1705 605 1766 Romana
620 1701 769 1765 Ecclesia
789 1700 925 1764 devotos
940 1699 973 1762 et

180 1800 324 1864 humiles
351 1800 506 1863 liliosas
534 1801 676 1862 assuetae
704 1798 837 1876 pietatis
861 1795 971 1858 olflcio

180 1899 378 1978 propensius
393 1895 532 1974 diligere
548 1895 731 1964 consuevit,
743 1896 776 1957 et
794 1911 836 1957 na
851 1910 973 1972 pravo-

179 2011 255 2058 rum
268 1995 439 2056 bominnm
455 1993 617 2056 molestiis
632 1993 810 2069 agitentur,
825 2008 882 2058 eos
896 1993 973 2054 tan-

181 2108 281 2170 quam
291 2093 348 2169 pia
368 2093 556 2154 matersuae
564 2090 778 2168 protectionis
790 2089 971 2150 munimine

181 2189 345 2252 confovet.
359 2189 553 2266 Eapropter,
568 2187 680 2248 dilecti
694 2187 730 2247 in
744 2187 883 2248 Domino
896 2184 970 2258 tilii,

178 2287 302 2349 vestris
316 2284 417 2362 justis
431 2283 710 2362 postulationibus
724 2284 820 2359 grato
835 2297 972 2345 concur·

178 2383 291 2445 rentes
306 2397 457 2454 assensu,
474 2395 637 2459 personas
654 2381 785 2443 vestras
806 2383 840 2444 et
861 2381 970 2442 locum

178 2479 216 2540 in
246 2495 311 2557 quo
342 2480 455 2541 divino
479 2478 560 2541 estis
587 2477 745 2556 obsequio
776 2477 969 2555 mancipatu

178 2592 252 2638 cum
273 2576 426 2638 omnibus
445 2575 541 2638 bonis
563 2592 636 2653 quae
655 2575 690 2636 in
715 2575 970 2654 praesentiarum

177 2673 423 2735 rationabiliter
437 2673 594 2750 possidet,
611 2673 669 2735 aut
687 2673 721 2732 in
737 2672 884 2733 futurum
895 2675 971 2750 jus-

176 2771 220 2832 us
244 2772 351 2833 modis
374 2771 555 2848 praestante
581 2770 720 2831 Domino
737 2771 868 2846 potent
897 2769 969 2832 adi-

177 2868 272 2944 pisci,
291 2868 351 2930 sub
366 2868 457 2930 beati
476 2869 568 2930 Petri
585 2869 618 2929 et
636 2868 750 2929 nostra
764 2868 970 2943 protectione

177 2965 393 3043 suscipimus3
420 2964 610 3042 specialiter
637 2964 748 3026 autern
768 2964 809 3024 de
828 2965 969 3028 Immin-

177 3062 270 3134 chus,
286 3062 318 3125 et
332 3063 373 3122 de
393 3061 582 3123 Godesleim
597 3060 757 3122 ecclesias
772 3077 846 3123 cum
861 3061 971 3122 omni-

174 3159 237 3220 bus
256 3158 499 3236 pertinentibus
514 3159 598 3230 suis,
615 3157 703 3220 sicut
721 3173 778 3218 eas
793 3160 893 3236 juste,
911 3173 970 3220 ca·

175 3258 296 3318 nonicc
320 3256 353 3317 et
374 3255 511 3332 pacifice
530 3255 718 3332 possidetis,
736 3257 831 3318 vobis
854 3255 888 3317 et
909 3271 970 3333 ρον

174 3369 235 3422 vos
259 3352 461 3415 monasterio
484 3353 595 3414 vestro
615 3352 813 3415 auctoritate
833 3354 970 3432 Aposto-

175 3450 241 3512 lica
265 3449 500 3512 confirmamus
519 3451 553 3512 et
576 3451 749 3526 praesentis
773 3453 889 3530 scripti
909 3468 970 3528 pa-

174 3548 319 3611 trocinio
344 3548 596 3610 communimus.
612 3547 705 3610 Nulli
729 3565 808 3611 vero
822 3551 968 3612 «omnino

175 3645 348 3710 hominum
363 3646 464 3708 liceat
477 3646 565 3707 banc
581 3645 737 3723 paginam
752 3648 875 3709 nostrae
890 3664 969 3725 pro-

176 3743 331 3806 tectionis
353 3743 387 3805 et
409 3739 671 3808 confirmationis
694 3743 889 3821 infringere,
914 3745 968 3807 rel

175 3840 208 3902 ei
222 3856 307 3900 ausu
319 3840 499 3903 temerario
515 3841 694 3904 contraire.
713 3841 749 3902 Si
765 3842 840 3918 quis
857 3844 968 3903 autem

175 3937 240 4002 boc
279 3937 444 3998 attentare
481 3938 741 4014 praesumpserit,
770 3937 969 4014 indignatio·

174 4051 251 4098 nem
266 4034 502 4110 omnipotentis
522 4035 582 4096 Dei
596 4034 813 4098 etbestorum
829 4035 922 4100 Petri
936 4035 969 4098 et

174 4131 269 4194 Pauli
283 4131 517 4208 Apostolorum
528 4133 600 4208 ejus
616 4146 653 4193 se
668 4132 798 4193 noverit
812 4133 969 4194 incursu-¹

173 4243 259 4290 rum.
273 4231 392 4291 Datum
406 4227 541 4304 Signiae,
558 4229 616 4289 Vll
632 4228 706 4290 idus
721 4229 866 4305 augusti,
883 4246 969 4308 pon-

172 4325 316 4388 titlcatus
332 4325 437 4388 nostri
450 4340 539 4388 anno
554 4325 684 4390 octavo.

543 4582 600 4671 VI

332 4737 383 4798 Ad
400 4738 535 4797 aarstoe
547 4737 805 4812 Gzccdtsoloum.

451 4865 469 4922 9
484 4866 599 4937 augusti
613 4865 692 4924 1223.

312 4986 460 5052 [Raynnldb
475 4989 543 5040 Anu.
553 4989 586 5039 ad
595 5003 655 5038 ann.
670 4988 739 5048 lm,
752 4987 826 5054 aaa]

172 5113 279 5172 Garsiae
290 5112 464 5172 Gundisalvo
484 5113 623 5186 magistro
642 5114 749 5171 militiae
769 5114 846 5173 beati
867 5115 965 5174 Jacobi

207 5201 326 5275 ejusque
352 5199 486 5259 tratribus
510 5202 658 5275 privilegiu
680 5210 709 5261 et
735 5203 809 5262 bona
837 5203 966 5278 ejusdem

207 5291 316 5348 militie
332 5291 484 5350 confirmat
498 5289 667 5364 subditque:

212 5415 262 5477 Sit
292 5417 403 5478 tamen
437 5415 591 5478 omnibus
629 5418 798 5494 praecipua
824 5435 904 5482 cura
932 5422 966 5482 et

171 5514 303 5574 cautela
321 5513 492 5586 continua,
514 5515 549 5575 ut
566 5515 622 5590 qui
642 5515 832 5593 conjugium
855 5517 963 5580 sortiti

171 5609 305 5684 luerint,
335 5611 574 5674 continentiam
594 5613 784 5676 custodiant
802 5618 964 5694 conjuga-

1758 305 1820 368 tce

1024 469 1101 543 lem,
1116 470 1150 530 et
1167 467 1313 550 quisine
1330 469 1486 547 conjugio
1506 483 1643 532 manere
1660 463 1821 530 decreve-

1025 566 1104 638 rint,
1132 565 1327 628 inviolntam
1358 567 1494 630 teneant
1528 564 1726 636 castitatem,
1753 562 1817 624 etc.

1065 663 1185 724 Datum
1224 663 1360 738 Signiae,
1402 677 1462 739 per
1499 679 1634 724 manum
1666 655 1819 735 magistri

1026 759 1188 824 (luidonis
1203 762 1241 820 Ι).
1257 775 1352 837 papae
1361 759 1540 836 capellani,
1553 761 1582 819 V
1594 759 1639 820 id.
1657 773 1747 834 aug,
1764 756 1820 840 in-

1026 856 1170 919 dictione
1184 859 1241 928 Xl,
1260 857 1505 920 lucarnationis
1530 855 1710 918 Dominicae
1730 867 1818 916 anno

1025 955 1229 1024 Mccxxnl,
1246 953 1458 1029 pontificatus
1472 967 1552 1016 vero
1568 951 1693 1014 domini
1707 953 1820 1012 liono-

1024 1050 1505 1129 riipapaelllannoseptimo.
1763 1075 1766 1088 =

1382 1379 1460 1470 VII

1060 1532 1348 1606 adproperatum
1352 1574 1412 1591 .....
1429 1529 1611 1594 desoncto
1626 1532 1735 1596 cruce
1752 1531 1788 1592 et

1094 1629 1128 1689 S.
1150 1630 1299 1690 Andreas
1311 1631 1457 1690 decanos
1469 1630 1753 1690 Hddescmeasas.

1292 1757 1325 1814 17
1342 1756 1456 1830 augustl
1474 1756 1552 1814 ilat.

1057 1878 1243 1946 [Lappenbarg
1256 1861 1395 1944 llamburg.
1410 1879 1533 1939 Urlrnnd,
1542 1880 1562 1938 l,
1575 1894 1600 1945 p.
1614 1877 1670 1939 tol,
1682 1893 1708 1928 n.
1720 1877 1789 1944 1111]

1025 2001 1140 2061 llandat
1165 2011 1196 2060 ut
1222 2003 1434 2060 accusationem
1456 2000 1572 2072 capituli
1591 1999 1820 2074 numburgensis

1043 2097 1140 2147 contra
1155 2088 1401 2163 archiepiscopum
1417 2090 1599 2146 bremensem
1611 2089 1797 2162 investigent.

1066 2223 1233 2285 Honorius
1242 2224 1428 2300 episcopus,
1441 2237 1736 2285 servusservorum
1746 2221 1817 2294 Dei,

1023 2319 1154 2382 dilectis
1163 2319 1280 2381 filiis...
1301 2320 1516 2397 praeposito...
1531 2319 1571 2380 de
1583 2320 1703 2391 Sancta
1714 2320 1835 2381 Cruce-

947 2477 954 2490 ,
1024 2417 1057 2480 ο1
1068 2417 1181 2479 Sancti
1191 2416 1333 2479 Andreae
1348 2417 1484 2479 decanis
1498 2416 1817 2490 Hildesemensibus,

1024 2513 1729 2591 salutemetApostolicambenedictIonam.

1063 2611 1182 2672 Dileoti
1226 2611 1289 2671 tilii
1336 2611 1522 2688 capitulum·
1541 2624 1545 2632 '
1566 2611 1819 2687 Hamburgense

1023 2708 1220 2770 transmIssa
1253 2707 1348 2768 nobis
1383 2708 1542 2785 petitione
1577 2709 1818 2781 monstrarunt,

1024 2805 1120 2882 quod,
1136 2821 1236 2882 qurum
1249 2807 1336 2866 inter
1349 2805 1439 2882 ipsos
1452 2821 1495 2866 ex
1509 2805 1603 2881 parte
1623 2819 1689 2866 una
1710 2806 1743 2866 et
1755 2820 1816 2866 ca-

1023 2903 1162 2962 nonicos
1189 2904 1385 2963 Bremenses
1414 2917 1457 2962 ex
1484 2902 1600 2973 altera,
1622 2917 1722 2978 super
1739 2904 1816 2978 jure

1023 2997 1167 3074 eligendi
1176 2998 1462 3076 archiepiscopum
1472 2997 1612 3060 strabus
1620 2998 1696 3059 aliis
1706 3013 1818 3060 coram

1019 3093 1187 3171 jndicibus
1203 3094 1362 3172 delegatis
1381 3111 1401 3156 a
1422 3095 1528 3167 nobis,
1545 3096 1684 3173 quaestio
1707 3096 1820 3157 verte-

1022 3193 1125 3264 retur,
1135 3193 1337 3254 renerabilis
1350 3192 1453 3255 frater
1463 3195 1613 3254 noster...
1625 3193 1817 3255 Bremensis

1023 3290 1295 3368 archiepiscopus
1315 3290 1395 3354 tunc
1420 3290 1556 3363 electus,
1580 3291 1713 3363 timens,
1729 3289 1816 3368 quod
1875 3339 1878 3344 .

1022 3402 1081 3462 ρον
1102 3386 1310 3458 electionem,
1333 3401 1406 3463 quae
1429 3387 1627 3464 contemptis
1647 3386 1815 3464 praedictis

1022 3483 1338 3560 Hamburgensibus,
1355 3483 1411 3562 qui
1425 3484 1596 3546 commode
1609 3485 1763 3561 poterant
1784 3485 1818 3547 et

1022 3578 1184 3642 debebant
1199 3580 1239 3642 de
1255 3584 1331 3660 jure
1354 3580 1480 3654 uocari,
1498 3581 1538 3642 de
1558 3581 1632 3658 ipso
1650 3581 1819 3643 celebrata

1022 3676 1141 3749 luerat,
1155 3676 1221 3739 sibi
1235 3678 1301 3739 non
1312 3678 1465 3755 potuerat
1473 3681 1529 3754 jus
1537 3678 1677 3755 acquiri,
1687 3678 1727 3740 de
1740 3693 1817 3739 con·

1022 3773 1098 3836 silio
1113 3775 1345 3852 praedictorum
1357 3775 1507 3852 judicum
1522 3775 1697 3853 quamdam
1723 3790 1817 3836 com-

1022 3871 1199 3949 positionis
1225 3871 1365 3933 lormarn
1392 3888 1467 3933 cnm
1498 3873 1622 3933 eisdem
1651 3870 1818 3932 Hambur-

1021 3968 1180 4044 gensibus
1220 3967 1306 4040 iniit,
1341 3968 1489 4046 praestito
1524 3969 1734 4047 juramento,
1781 3968 1817 4030 ut

1021 4065 1177 4128 videlicet
1198 4067 1325 4144 inpari
1346 4065 1473 4128 honore
1499 4081 1538 4129 ac
1560 4065 1720 4142 dignitate
1744 4081 1817 4127 ser-

1020 4164 1116 4225 varet
1135 4163 1418 4240 Hamburgensem
1443 4163 1617 4224 ecclesiam
1634 4179 1709 4225 cum
1730 4166 1815 4225 Bre-

1021 4259 1138 4333 mensi,
1164 4249 1397 4322 scribendo¹se
1429 4261 1496 4321 tam
1520 4260 1555 4320 iu
1584 4259 1696 4338 sigillo
1718 4275 1816 4338 quarn

1021 4356 1142 4419 litteris
1177 4358 1463 4435 archiepiscopum
1497 4359 1680 4436 utriusque,
1720 4357 1817 4436 prout

1021 4455 1120 4516 etlam
1139 4453 1232 4531 prius
1247 4453 1388 4517 lucrata
1416 4453 1717 4532 praedecessoribus
1746 4455 1816 4517 suis

1021 4551 1155 4613 lactum.
1191 4551 1403 4614 Postmodum
1435 4567 1515 4615 uero
1556 4553 1816 4631 praenominatus

1021 4647 1144 4707 electus
1160 4645 1238 4707 ad...
1255 4647 1469 4724 praepositum
1493 4649 1623 4709 Sanctae
1637 4648 1753 4708 Mariae
1773 4647 1816 4707 ad

1019 4743 1142 4818 gradus
1155 4744 1363 4804 coloniensis
1378 4743 1410 4805 et
1429 4747 1501 4821 ejus
1523 4742 1668 4819 collegas
1683 4743 1815 4806 nostras

1020 4840 1147 4902 litteras
1162 4841 1357 4918 impetrare,
1372 4855 1407 4902 se
1422 4856 1482 4916 per
1497 4855 1553 4902 eos
1568 4839 1609 4901 ab
1624 4839 1815 4920 hujusmodi

1015 4938 1205 5015 juramento
1232 4937 1360 4999 absolvi
1386 4939 1419 4999 et
1444 4937 1717 5014 compositionem
1734 4937 1815 4998 irri-

1018 5036 1084 5096 tari
1099 5035 1302 5112 praedictam,
1315 5033 1511 5112 contemptis
1526 5033 1692 5112 praedictis
1708 5035 1812 5096 Ham-

1019 5131 1251 5209 burgensibus,
1273 5133 1475 5210 procuravit.
1497 5132 1569 5193 Lite
1587 5146 1716 5210 qnoque
1733 5148 1813 5211 pan·

1019 5229 1117 5292 dente
1144 5230 1230 5291 inter
1248 5230 1403 5307 praefatas
1431 5228 1590 5290 ecclesias
1627 5245 1728 5307 snper
1759 5246 1810 5304 eo,

1019 5327 1105 5404 quod
1124 5329 1264 5402 utraque
1278 5342 1314 5388 se
1335 5325 1407 5387 lora
1430 5326 1551 5388 asserit
1574 5325 1811 5400 cathedralem,

1018 5424 1105 5486 idem
1118 5424 1244 5486 electus
1257 5423 1316 5483 sub
1334 5424 1468 5485 nomine
1482 5425 1612 5486 tantum
1623 5424 1813 5486 Bremensis

1018 5521 1168 5582 ecclesiae
1183 5520 1321 5598 pallium
1345 5535 1363 5582 a
1380 5521 1475 5582 nobis
1494 5537 1555 5598 ρον
1578 5522 1712 5582 nuntios
1733 5537 1812 5582 suos

1018 5617 1172 5684 obtinuit,
1188 5616 1314 5678 nullam
1328 5617 1368 5678 de
1384 5617 1566 5694 praemissis
1576 5617 1703 5679 faciens
1718 5629 1815 5680 men-
