4244 6374
374 253 436 316 635
993 252 1170 314 hosdan
1192 253 1237 312 111
1258 253 1406 314 OPERA.
1963 261 2019 320 636

377 411 706 484 contumacium..
722 411 870 476 coebum
883 410 1005 473 montis
1019 409 1171 472 eolumbi
1226 413 1294 474 tate
1313 413 1457 483 Domini,
1472 413 1653 478 testivitate
1676 417 1931 494 protomartyris
1956 421 2019 480 ste

377 525 452 574 cum
468 509 701 586 ¹iurisdictione
716 505 903 586 temporali,
919 507 954 569 et
971 508 1049 569 aliis
1067 508 1174 586 perti·
1228 509 1344 584 phani,
1368 510 1629 574 circumcisione
1651 513 1796 586 Domini,
1824 514 2016 592 Epiphania,

376 607 746 678 nentiissuis,castrum
755 606 877 667 montis
889 605 1173 668 cruciscumcur·
1226 608 1406 682 Ypapanti,
1432 608 1605 670 Dominica
1629 610 1665 672 iu
1691 611 1796 672 ramis
1819 611 2016 682 Palmarum,

376 704 477 778 tibus,
483 703 717 782 jurisdictione
728 702 903 780 temporali
913 705 947 764 et
961 703 1172 780 pertinentiis
1227 705 1328 766 coena
1360 705 1503 777 Domini,
1529 705 1666 768 sabbato
1698 709 1825 780 sancto,
1851 708 1937 772 laria
1969 727 2019 772 sa·

377 803 469 878 snis;
496 801 682 866 districtum
705 801 911 862 Ravennatis
935 799 1040 871 urbis,
1064 799 1172 876 ripam
1227 801 1335 862 cunda
1352 803 1427 878 post
1447 803 1590 875 Pascha,
1608 805 1827 877 ascensione,
1843 809 2019 867 Pentecos-

376 901 553 988 integram,
578 899 757 970 monetam,
781 898 961 970 teloneum,
991 912 1117 968 muros,
1140 897 1173 957 et
1227 899 1294 970 ten,
1310 899 1416 960 tribus
1436 899 1673 962 festivitatibus
1692 901 1797 964 beatae
1813 903 1940 974 Maria,
1958 920 2016 964 na-

376 1013 491 1060 omnes
505 998 617 1074 portas
629 995 793 1070 civitatis,
810 994 1059 1056 comaclensem
1073 993 1173 1054 comi-
1227 995 1287 1055 tali
1307 993 1396 1056 beati
1410 997 1550 1058 Joannis
1569 996 1737 1075 Baptista,
1755 999 2016 1061 solemnitatibus

376 1094 481 1158 tatum
502 1109 577 1156 cum
598 1091 791 1164 honoribus,
807 1091 841 1153 et
854 1091 1067 1168 pertinentiis
1090 1090 1170 1150 suis.

377 1193 415 1254 In
430 1191 564 1254 civitate
573 1190 787 1262 Ariminensi,
804 1189 1042 1250 monasterium
1059 1188 1172 1248 Sancti

376 1289 510 1352 Thomas
522 1286 671 1365 Apostoli
685 1288 719 1349 et
738 1289 867 1348 sanotae
883 1286 1075 1362 Euphemiaa
1090 1285 1171 1346 Vir-

375 1387 475 1464 ginis,
490 1387 634 1448 morttem
646 1385 749 1447 castri
763 1383 892 1455 tibaldi,
904 1383 1048 1444 montem
1061 1383 1170 1452 Cerni,

376 1487 522 1548 castrum
545 1483 693 1544 Ossaniae
706 1483 740 1543 et
755 1483 902 1542 castrum
919 1480 1040 1542 montis
1056 1479 1170 1552 Boddi,

375 1584 410 1645 at
422 1581 508 1644 alias
522 1579 761 1658 possessiones,
779 1593 862 1656 quas
876 1576 1019 1639 ecclesia
1036 1578 1093 1638 tua
1111 1576 1174 1636 ha-

376 1679 431 1742 bet
449 1679 485 1740 in
509 1677 659 1739 Maronia
679 1691 739 1753 per
760 1676 911 1737 diversos
935 1673 1122 1736 comitatus.
1135 1676 1172 1734 ln

375 1776 533 1840 comitatu
541 1775 701 1846 Arimen,
719 1774 863 1834 montem
879 1773 1077 1844 canianum,
1090 1773 1168 1832 Ma-

374 1889 544 1946 razanum,
556 1870 671 1934 villam
689 1870 890 1942 corlianam,
906 1871 1053 1930 castrum
1070 1869 1171 1929 Savi-

375 1971 489 2048 gnaui
503 1973 650 2032 castrum
669 1967 870 2038 Montiliani,
887 1968 1033 2028 castrum
1048 1967 1172 2027 Montis

375 2068 473 2130 Novi.
493 2067 530 2128 In
550 2065 744 2142 episcopatu
769 2063 1005 2136 caesenatensi,
1026 2063 1172 2124 castrum

376 2164 573 2236 Subrivolae,
594 2164 740 2226 castrum
754 2161 1008 2234 Montiscucchi,
1025 2162 1171 2223 castrum

376 2261 530 2333 salliani,
550 2260 696 2322 castrum
717 2258 839 2320 montis
857 2259 1007 2330 cerardi,
1026 2259 1171 2320 castrum

377 2358 514 2422 Serzani
533 2359 566 2419 et
586 2356 755 2428 Flarbani,
776 2357 920 2417 castrum
946 2354 1171 2432 Deuleguardi

376 2458 410 2520 et
427 2457 573 2518 castrum
593 2452 784 2516 casalecchi
797 2453 830 2516 et
845 2452 1028 2524 Rudiliani,
1044 2454 1077 2514 et
1091 2469 1169 2513 cas-

374 2555 464 2618 trum
480 2551 651 2628 stagnani,
669 2551 782 2612 villam
793 2552 886 2612 Rotae
901 2550 935 2612 et
950 2551 1096 2611 castrum
1109 2549 1170 2610 ai-

374 2651 523 2722 varsani,
536 2651 681 2711 castrum
692 2647 732 2710 de
742 2649 864 2720 Monte,
879 2647 912 2710 et
922 2646 1068 2708 castrum
1079 2649 1172 2708 Ron-

375 2748 431 2812 chi
444 2763 517 2811 cum
530 2744 692 2818 curtibus,
703 2744 938 2823 jurisdictione
954 2745 987 2806 et
999 2743 1171 2821 pertinen-

373 2847 432 2909 tiis
444 2846 524 2907 suis.
540 2847 577 2906 ln
589 2843 783 2922 episcopatu
797 2841 1003 2918 Populiensi,
1022 2842 1169 2902 castrum

373 2959 509 3015 novum,
523 2941 668 3004 castrum
682 2939 860 3013 Tuderani,
882 2941 1029 3002 castrum
1046 2938 1170 3011 Quilia-

373 3041 421 3112 ni,
445 3039 591 3102 castrum
605 3037 756 3114 Bagnoli,
774 3037 918 3098 castrum
941 3035 1059 3098 Melini
1072 3037 1168 3098 vete-

374 3139 423 3202 ris
436 3137 469 3200 et
480 3136 625 3199 castrum
636 3134 758 3196 montis
771 3133 905 3196 Bovarii
921 3149 995 3194 cum
1008 3133 1167 3205 curtibus,

370 3233 604 3314 jurisdictione
619 3233 651 3294 et
670 3231 881 3309 pertinentiis
894 3231 975 3292 suis.

415 3333 452 3394 in
464 3330 657 3408 episcopatu
667 3329 862 3397 Faventino,
874 3330 1020 3390 castrum
1027 3328 1166 3401 Aurioli,

375 3429 521 3492 castrum
536 3425 673 3488 Tribuni
687 3426 721 3488 et
732 3425 846 3488 villam
863 3425 976 3486 Sancti
992 3425 1113 3486 Pontii.
1132 3428 1169 3487 ln

374 3525 532 3588 comitatu
550 3523 699 3596 imolen,
718 3523 834 3585 villam
854 3521 949 3583 Lucii
970 3539 1046 3584 cum
1064 3523 1170 3584 curti-

373 3622 446 3696 bus,
470 3621 705 3702 jnrisdictione
729 3619 761 3684 et
785 3619 995 3696 pertinentiis
1022 3619 1102 3681 suis.
1131 3623 1168 3682 In

372 3721 542 3784 territorio
578 3723 745 3782 Ravennae
781 3717 1021 3785 ltovendulam,
1054 3717 1167 3779 villam

374 3819 487 3882 Sancti
505 3815 684 3888 Pancratii,
707 3816 740 3878 et
758 3814 872 3877 villam
901 3817 933 3876 S.
953 3814 1165 3891 Archangeli,

371 3917 487 3980 villam
502 3913 602 3986 Rulli,
620 3916 653 3976 et
667 3913 788 3990 caboy,
805 3915 837 3974 et
850 3913 995 3975 castrum
1015 3911 1169 3974 casama-

373 4013 444 4076 rate
453 4027 527 4075 cum
540 4009 699 4082 curtibus,
710 4008 944 4086 jurisdictione
957 4009 990 4070 et
1003 4009 1168 4085 pertinen·

371 4111 429 4174 tiis
450 4110 532 4178 suis,
557 4111 591 4170 et
609 4107 799 4168 comitatum
821 4107 987 4183 argentae,
1007 4105 1093 4168 idest
1116 4106 1168 4183 ip-

372 4225 444 4271 sam
458 4207 637 4282 Argentum
655 4219 729 4266 cum
745 4202 845 4276 Pado,
862 4203 956 4280 ripis,
978 4202 1165 4280 paludibus,

373 4307 407 4366 et
421 4303 575 4382 piscariis
597 4302 678 4374 suis,
699 4300 824 4374 stratis,
840 4299 913 4373 viis,
933 4301 1077 4377 pascuis,
1092 4300 1166 4379 syl-

372 4401 436 4474 vis,
453 4402 486 4462 et
500 4397 695 4476 publicariis
709 4397 887 4470 universis,
903 4398 936 4460 et
950 4413 1025 4458 cum
1036 4398 1167 4474 integro

373 4497 531 4561 comitatu
547 4496 710 4572 Argentea,
728 4493 886 4556 videlicet
899 4494 1015 4557 villam
1033 4497 1164 4570 Portus,

372 4597 406 4658 at
429 4595 534 4658 totum
558 4592 768 4672 plebanatum
791 4595 881 4670 ejus,
912 4592 1041 4654 scilicet
1069 4595 1168 4670 caput

374 4693 538 4765 sandalis,
573 4689 758 4762 Grasalum,
784 4690 903 4766 Ripam
933 4688 1058 4767 pertici,
1081 4691 1167 4752 Ver-

1227 1091 1374 1151 omnium
1419 1092 1675 1168 Apostolorum,
1708 1098 2016 1158 commemoratione

1227 1189 1374 1248 omnium
1398 1190 1600 1260 sanctorum,
1622 1189 1887 1253 dedicationibus
1915 1194 2017 1254 eccle-

1227 1285 1365 1356 siarum,
1395 1263 1629 1348 an‘niversario
1663 1289 1729 1348 tuae
1759 1291 2016 1351 consecrationis

1227 1382 1292 1454 die,
1314 1383 1465 1444 ecclesiae
1486 1386 1552 1445 tuae
1572 1385 1813 1460 principalibus
1832 1386 2017 1449 festivitati·

1227 1478 1299 1552 bus,
1326 1480 1630 1542 consecrationibus
1654 1482 1896 1559 episcoporum,
1917 1488 1949 1546 et
1966 1501 2016 1546 or-

1227 1575 1454 1636 dinationibus
1465 1575 1672 1638 clericorum.
1685 1578 1734 1639 Ad
1745 1579 1817 1639 haec
1828 1579 2014 1656 adjicientes

1227 1673 1352 1734 arctius
1377 1673 1577 1744 inhibemus,
1601 1690 1643 1735 ne
1667 1675 1742 1752 quis
1763 1678 1952 1737 coemeteria
1972 1695 2014 1738 ec·

1227 1769 1403 1830 clesiarum
1414 1772 1447 1832 et
1462 1771 1688 1834 ecclesiastica
1700 1771 1863 1835 beneficia
1878 1774 2014 1835 haeredi·

1226 1867 1313 1928 tario
1338 1871 1415 1945 jure
1442 1867 1620 1944 possideat,
1638 1868 1724 1946 quod
1753 1871 1781 1930 si
1813 1871 1887 1948 quis
1913 1871 2012 1932 lacere

1227 1963 1311 2026 sorte
1325 1966 1587 2042 praesumpserit,
1604 1982 1745 2028 censura
1761 1970 1924 2029 canonica
1939 1986 2013 2030 com·

1226 2063 1391 2138 pascatur.
1409 2063 1575 2124 Praeterea
1591 2063 1677 2141 quod
1693 2067 1861 2127 communi
1880 2082 2011 2128 assensn

1227 2158 1363 2235 capituli
1389 2159 1448 2231 tui,
1466 2161 1519 2221 vel
1540 2162 1645 2237 partis
1664 2163 1796 2224 consilii
1819 2165 1964 2225 sanioris
1982 2166 2011 2224 in

1226 2257 1283 2318 tua
1298 2257 1433 2318 dioecesi
1446 2273 1507 2335 per
1518 2259 1560 2330 le,
1573 2259 1626 2320 vel
1643 2275 1855 2322 successores
1867 2264 1944 2323 tuos
1958 2262 2005 2321 lue

1225 2353 1271 2414 rit
1296 2353 1456 2415 canonice
1483 2354 1682 2428 institutum,
1704 2356 1814 2418 ratum
1836 2359 1869 2420 et
1890 2359 2011 2419 firmum

1225 2450 1378 2511 volumus
1404 2467 1612 2528 permanere.
1630 2452 1849 2516 Prohibemus
1869 2456 2009 2531 insuper,

1227 2563 1268 2608 ne
1279 2549 1594 2622 excommunicatos
1611 2550 1665 2612 vel
1679 2551 1875 2613 interdictos
1892 2553 2011 2614 tuosad

1225 2642 1372 2706 osticium
1394 2645 1448 2708 vel
1472 2647 1739 2709 communionem
1758 2648 2011 2712 ecclesiasticam

1226 2741 1298 2804 sine
1311 2744 1516 2806 conscientia
1530 2746 1563 2806 at
1578 2760 1744 2807 consensu
1765 2748 1822 2808 tuo
1844 2749 2010 2824 quisquam

1225 2838 1388 2912 admittat,
1401 2844 1459 2902 aut
1472 2843 1588 2903 contra
1604 2844 1802 2905 sententiam
1816 2845 1910 2906 tuam
1925 2861 2010 2906 cano-

1225 2937 1299 2999 nice
1309 2937 1550 3014 promulgatam
1563 2940 1684 3017 aliquis
1695 2941 1810 3002 venire
1826 2944 2008 3018 praesumat,

1224 3035 1290 3096 nisi
1308 3035 1392 3098 torte
1412 3036 1596 3112 periculum
1617 3039 1734 3100 mortis
1753 3039 1937 3112 immineat,
1961 3041 2010 3102 ant

1224 3133 1302 3194 dum
1316 3135 1526 3211 praesentiam
1541 3136 1631 3196 tuam
1649 3135 1773 3198 habere
1794 3137 2007 3214 nequiverint,

1225 3246 1283 3307 per
1307 3231 1410 3292 alium
1432 3232 1614 3293 secundum
1629 3231 1770 3294 sormam
1785 3235 1944 3296 Ecclesiae
1958 3250 2009 3295 sa·

1224 3328 1412 3390 tisiactione
1427 3330 1610 3405 praemissa,
1628 3333 1779 3407 oporteat
1797 3331 1938 3408 ligatum
1957 3332 2010 3394 ab·

1224 3426 1320 3489 solvi.
1341 3428 1519 3488 Sacrorum
1535 3442 1665 3505 quoque
1681 3445 1846 3490 canonum
1868 3429 2010 3492 auctori·

1222 3523 1325 3586 tatem
1349 3525 1536 3601 sequentes,
1567 3526 1754 3598 statuimus,
1775 3527 1813 3588 ut
1834 3527 1949 3588 nullus
1966 3541 2010 3588 ar

1224 3619 1465 3698 obiepiscopus,
1482 3621 1535 3682 vel
1550 3623 1724 3699 episcopus
1737 3621 1862 3702 absque
1879 3626 1947 3696 tuo,
1962 3622 2008 3684 vel

1223 3733 1453 3779 successorum
1493 3720 1626 3780 tuorum
1661 3735 1802 3782 assensu
1835 3721 2008 3782 conventus

1223 3815 1404 3887 celebrare,
1432 3831 1551 3877 causas
1579 3816 1679 3878 etiam
1704 3819 1759 3880 vel
1789 3819 2008 3880 ecclesiastica

1223 3911 1356 3987 negotia
1377 3910 1413 3970 in
1428 3913 1678 3973 Ravennatensi
1700 3913 1849 3988 dioecesi,
1867 3914 1935 3976 nisi
1957 3928 2008 3990 per

1223 4011 1408 4070 Romanum
1422 4008 1622 4084 pontificem,
1638 4011 1692 4072 val
1703 4014 1775 4088 eius
1788 4012 1934 4088 legatum
1944 4011 2008 4072 iue-

1222 4105 1267 4167 rit
1290 4104 1396 4167 eidem
1422 4105 1618 4182 injunctum,
1640 4107 1802 4172 tractrare
1823 4111 2004 4186 praesumat.

1222 4203 1317 4264 illam
1332 4219 1462 4281 quoque
1477 4202 1650 4266 abusivam
1662 4207 1946 4278 consuetudinem,
1961 4207 2005 4268 vel

1222 4300 1331 4377 potius
1356 4300 1612 4362 abominabilem
1637 4305 1871 4380 corruptelam,
1885 4321 1948 4383 qua
1964 4303 2008 4364 ci·

1221 4413 1280 4459 ves
1306 4399 1526 4470 Ravennates,
1548 4399 1798 4478 archiepiscopo
1822 4401 2005 4471 decedente,

1221 4494 1308 4556 bona
1323 4493 1458 4556 mobilia
1474 4495 1779 4574 archiepiscopatus
1790 4500 1956 4577 tamquam
1970 4495 2007 4558 ad

1223 4607 1279 4654 eoa
1299 4595 1375 4670 lure
1405 4593 1628 4655 successionis
1648 4596 1847 4671 pertineant,
1866 4596 2004 4674 rapiunt,

1222 4691 1255 4752 et
1264 4691 1446 4766 asportant,
1458 4690 1647 4755 inhibentes
1659 4693 1775 4765 electo,
1787 4709 1830 4754 ne
1844 4693 2008 4772 ingredia-

372 4791 567 4872 gundinum,
595 4789 724 4866 portum
746 4787 943 4859 veterariae,
973 4787 1164 4862 sandalum,
1221 4789 1276 4849 tur
1286 4787 1569 4864 archiepiscopale
1584 4789 1756 4866 palatium,
1770 4791 1839 4852 nisi
1853 4791 2008 4868 priusju-

373 4887 559 4960 Materiam,
586 4886 768 4957 cavallum,
789 4885 822 4946 et
847 4885 974 4945 curtem
998 4883 1039 4945 de
1062 4885 1166 4947 Podio
1221 4885 1274 4947 ret
1293 4899 1328 4946 se
1352 4883 1486 4945 illorum
1515 4887 1772 4949 consuetudines
1792 4891 2005 4958 servaturum,

374 5003 448 5050 cnm
480 4983 613 5062 placito,
641 4981 792 5044 districtu
824 4982 858 5043 et
894 4981 984 5042 omni
1004 4981 1166 5058 jurisdic-
1222 4981 1352 5058 penitus
1367 4981 1538 5044 abolemus
1562 4981 1622 5044 sub
1644 4984 1915 5048 interminatione
1931 5000 2008 5046 ana·

371 5085 498 5148 tiones
513 5079 677 5159 principio
694 5077 870 5141 comitatus
892 5079 1047 5154 Argentae
1061 5093 1166 5156 usque
1221 5079 1376 5144 thematis
1391 5079 1605 5155 prohibentes
1620 5097 1662 5143 ne
1676 5082 1759 5144 talia
1770 5083 1812 5145 de
1826 5085 1947 5146 caetero
1961 5083 2008 5142 at-

374 5183 577 5244 Ravennam.
590 5179 694 5240 Usum
716 5191 846 5254 quoque
866 5175 972 5252 pallii,
986 5176 1168 5254 plenitudi-
1221 5178 1400 5239 tententur.
1418 5180 1521 5240 Porro
1548 5180 1833 5254 consuetudinem,
1850 5196 1949 5257 quam
1976 5179 2006 5238 in

373 5275 614 5341 nemvidelicet
625 5273 826 5353 pontificalis
841 5273 1031 5346 officiatus
1047 5273 1167 5336 irater-
1221 5274 1382 5351 portanda
1407 5289 1516 5348 cruce,
1528 5276 1565 5338 'et
1585 5276 1810 5340 tintinnabulo
1826 5295 1899 5340 cum
1922 5293 2006 5354 prae-

373 5375 469 5440 nitati
492 5371 689 5450 apostolicae
714 5371 808 5432 Sedis
833 5370 1034 5433 liberalitate
1056 5371 1165 5448 largi·
1221 5371 1453 5434 decessoribus
1479 5373 1546 5434 tuis
1570 5391 1674 5452 usqua
1702 5375 1744 5436 ad
1772 5375 1846 5438 haec
1863 5376 2007 5454 tempora

373 5487 457 5546 mur,
472 5485 537 5549 quo
555 5468 644 5530 inira
663 5467 839 5530 ecclesiam
861 5472 952 5530 tuam
975 5469 1079 5530 utaris
1100 5469 1166 5532 die·
1221 5469 1408 5542 servavisti,
1425 5467 1581 5533 videlicet
1605 5474 1641 5534 ut
1663 5489 1870 5551 quocumque
1883 5474 2007 5536 iveritis

372 5570 433 5632 bus
455 5567 595 5631 interius
615 5565 794 5640 annotatis,
814 5566 971 5628 videlicet
985 5565 1019 5626 in
1035 5567 1166 5628 Nativi-
1221 5569 1359 5645 excepta
1385 5567 1477 5640 urbe,
1498 5571 1532 5631 et
1547 5567 1654 5631 tribus
1670 5569 1838 5634 milliariis
1851 5587 1963 5648 prope,
1979 5573 2008 5632 et
