4244 6374
296 191 358 256 563

369 291 380 325 t

298 347 341 410 ad
355 349 475 410 tecum
500 349 608 424 gratia
631 348 746 408 nostra
767 347 967 408 remittimus
985 348 1020 408 et
1039 347 1092 408 ta-

215 431 226 442 '
298 459 391 517 vore,
405 445 685 506 catamitautuae
700 445 956 520 parapostouca
967 445 1090 520 scripu

299 541 508 612 mandantes,
529 545 693 619 quatenus
716 541 942 602 difficultatem
965 541 1090 602 nnllam

299 639 467 713 ingerens,
482 639 540 698 sed
556 640 698 714 gratiam
713 653 954 712 recognoscens
967 637 1091 713 absque

299 751 403 796 morae
416 735 591 812 dispendio
611 735 872 796 consecrationis
892 735 956 794 sihi
971 751 1090 794 munus

298 831 484 908 impendas,
499 833 545 893 ita
558 832 642 908 qnod
656 835 713 896 tna
726 830 802 892 inde
817 833 922 908 possit
936 831 1091 892 discretio

298 929 535 1002 commendari,
565 929 715 1004 alioquin
742 945 785 990 ne
808 929 899 1004 gregi
921 928 1091 988 Dominico

298 1025 358 1086 diu
376 1025 462 1086 desit
487 1041 567 1086 cura
591 1026 750 1101 pastoris,
780 1024 964 1086 venerabili
996 1024 1091 1084 fratri

300 1123 416 1184 nostro
427 1121 679 1198 archiepiscopo
690 1123 870 1183 Viennensi
888 1137 947 1182 nos
959 1121 1092 1181 noveris

299 1219 500 1296 injunxisse,
524 1219 560 1280 ut
585 1218 750 1296 adjunctis
775 1218 839 1279 sibi
858 1217 987 1280 duobus
1001 1218 1093 1293 epis-

300 1315 479 1391 copiseum
502 1317 700 1377 auctoritate
722 1317 837 1376 nostra
857 1314 1012 1374 suffultus
1026 1329 1091 1374 non

299 1411 442 1482 diflerat,
456 1411 549 1472 nullo
565 1429 608 1472 ex
633 1412 696 1474 hoc
718 1411 779 1473 tibi
797 1412 849 1473 vel
862 1411 1013 1474 ecclesiae
1025 1411 1092 1471 tnae

300 1508 336 1568 in
366 1509 534 1584 posterum
556 1509 749 1585 praejudicio
773 1508 943 1584 generato.
973 1509 1092 1568 Datum

301 1605 469 1678 Laterani,
483 1607 527 1666 Vl
542 1619 648 1666 nonas
657 1605 780 1678 martii,
793 1604 1005 1682 pontificatus
1018 1620 1093 1666 nos·

304 1699 350 1764 tri
365 1703 595 1764 annooctavo.

668 1999 729 2088 GL

302 2155 354 2214 Ad
378 2153 575 2212 conradum
608 2153 803 2225 episcopam
830 2152 1093 2212 lmescmauscm

341 2249 375 2310 et
397 2248 607 2324 magstrum
640 2249 868 2316 Solornorrcm,
890 2247 1094 2307 correctorem

339 2346 631 2418 Herbtpolcnscm.

583 2481 801 2540 acerrumas.
837 2447 842 2458 ’

431 2613 608 2680 [Wurdtweim
621 2615 692 2666 Nova
702 2613 825 2672 subsidia,
838 2613 881 2673 lV,
897 2612 964 2678 lio]

353 2747 402 2806 Eis
416 2745 604 2820 predicanda
616 2747 709 2804 crucis
719 2745 844 2804 officium
855 2745 883 2803 in
894 2745 1039 2818 provincia

526 2835 693 2909 linguntine
704 2835 864 2892 committit.

339 2961 517 3033 Honorius,
532 2961 608 3032 etc,
620 2959 805 3022 venerabili
816 2959 923 3031 fratri,
937 2959 1092 3036 episcopo

300 3057 513 3120 ildesemensi
534 3057 567 3118 et
590 3056 709 3118 dilecto
736 3056 805 3117 illio
820 3056 979 3131 magistro
993 3055 1092 3116 Salo-

299 3155 401 3226 moni,
422 3153 583 3215 canonico
615 3152 861 3230 Herbipolensi,
893 3153 1034 3214 salutem
1061 3153 1094 3213 et

299 3249 808 3328 Apostolicambenedictionem.

341 3349 445 3418 Quum
462 3345 797 3422 praedicandeecrucis
810 3343 1000 3408 officiumin
1016 3360 1094 3422 pro-

299 3443 410 3506 vincia
424 3441 619 3518 Magantina
631 3441 724 3504 vobis
735 3443 928 3502 duxerimus
939 3442 1094 3504 commit-

298 3539 444 3612 tendum,
471 3540 506 3600 ut
520 3539 683 3600 inoffense
699 3541 835 3616 possent
858 3554 993 3600 currere
1017 3553 1092 3600 ser-

301 3653 416 3700 mones
432 3637 542 3708 ¹vestri
569 3638 601 3699 et
626 3635 720 3698 labor
741 3635 882 3697 fructum
907 3635 1092 3698 uberiorem

300 3735 433 3808 afferre,
451 3735 663 3812 praesentium
678 3733 771 3795 vobis
792 3735 989 3796 auctoritate
1003 3749 1095 3795 com-

300 3831 461 3894 mittimus
477 3833 523 3903 ut,
541 3847 641 3909 quum
657 3831 697 3892 ad
713 3832 787 3892 loca
804 3831 964 3894 veneritis
984 3832 1093 3892 inter-

300 3929 399 4002 dicta,
422 3929 522 3992 liceat
535 3928 629 3990 vobis
648 3929 682 3989 in
707 3943 821 3990 eorum
837 3929 977 4004 singulis
995 3945 1093 3988 unam

300 4026 402 4088 semel
413 4026 588 4088 ecclesiam
615 4025 746 4102 aperire
772 4026 805 4086 et
820 4025 940 4086 ibidem
960 4041 1095 4086 excom-

299 4123 478 4184 municetis
490 4123 522 4184 et
536 4121 729 4183 nominatim
740 4121 927 4183 interdictis
949 4122 1093 4183 exclusis

301 4218 470 4282 celebrare
495 4217 618 4286 divine,
650 4217 686 4278 ut
709 4217 757 4280 sic
772 4217 944 4290 ,efficacius
961 4219 1093 4295 possitis

301 4314 347 4376 ibi
363 4329 548 4392 proponere
574 4313 710 4376 verbum
732 4315 853 4385 crucis,
878 4315 1094 4376 nibilominus

300 4411 531 4483 concedentes,
557 4412 591 4473 ut
613 4413 826 4485 eorumvota,
842 4428 914 4489 qum
931 4416 1095 4476 voverunt

302 4507 391 4572 beati
405 4507 519 4572 iacobi
534 4509 586 4570 vel
613 4508 755 4570 aliorum
769 4509 957 4570 sanctorum
979 4511 1095 4572 limina

300 4607 453 4680 visitare,
492 4607 525 4668 in
552 4607 786 4668 transmarinae
816 4607 1095 4683 peregrinationis

300 4705 435 4782 possitis
448 4706 651 4765 commutare
665 4703 823 4776 laborem,
836 4704 929 4765 ethis
943 4705 1000 4782 qui
1010 4721 1097 4765 com·

300 4802 463 4864 miserunt
488 4801 662 4873 incendia,
703 4801 824 4878 quique
862 4817 922 4878 pro
950 4802 1095 4863 violenta

300 4915 457 4962 manuum
473 4899 649 4976 injectione
665 4899 699 4958 in
715 4914 874 4960 canonem
894 4899 1093 4971 inciderunt,

300 4995 475 5058 dummodo
488 5012 555 5058 non
571 4997 614 5058 sit
626 4996 772 5058 enormis
797 5011 965 5068 excessus,
988 4995 1097 5057 valea·

300 5091 342 5154 tis
352 5095 450 5169 juata
460 5092 600 5156 formam
616 5093 772 5154 Ecclesiae
787 5092 985 5154 beneficium
999 5093 1097 5154 abso-

300 5189 436 5251 lutionis
457 5189 648 5266 impendere
670 5191 742 5252 vice
766 5192 891 5260 nostra,
909 5191 936 5250 si
964 5190 1095 5266 quidem

301 5287 411 5366 passis
449 5285 606 5362 injuriam
634 5287 857 5350 satisfecerint
873 5289 1098 5364 competenter

300 5387 332 5446 et
345 5379 461 5446 devote
473 5382 679 5460 susceperint
693 5387 824 5462 signum
835 5385 944 5447 crucis
957 5385 1098 5463 prosub-

302 5481 386 5543 sidio
405 5483 516 5544 Terrae
534 5481 682 5555 Sanotae;
711 5483 922 5546 concedimus
946 5482 1045 5545 etiam
1062 5485 1098 5546 ut

911 188 1089 248 florloitn
1109 189 1156 248 111
1175 189 1325 250 OPERA.

1883 191 1956 252 564

1144 348 1280 424 aliquos
1294 349 1386 408 viros
1400 345 1558 410 honestos
1572 349 1661 410 etad
1675 349 1740 410 boc
1754 349 1893 410 idoneos
1908 350 1955 410 iu

1145 445 1272 518 partem
1293 442 1479 504 commissae
1504 443 1600 503 robis
1623 443 1858 504 sollicitudinis
1881 459 1956 505 va-

1145 539 1242 599 leatis
1267 539 1441 608 advocare,
1465 555 1566 615 quum
1594 539 1746 601 videritis
1764 540 1948 616 expedire,

1145 636 1291 712 quidum
1306 636 1341 695 in
1355 635 1544 711 hujusmodi
1565 637 1813 712 praedicationis
1832 637 1951 698 officio

1145 729 1344 791 laborabunt
1369 730 1605 792 beneficiorum
1632 748 1768 794 suorum
1794 733 1951 794 redditus

1146 843 1211 888 non
1222 829 1385 899 amittant,
1401 829 1458 887 sed
1474 830 1603 903 integre
1615 828 1692 889 illos
1703 829 1892 905 percipiant
1904 845 1949 890 ac

1145 925 1175 985 si
1189 925 1224 984 in
1235 925 1305 984 suis
1315 925 1467 986 ecclesiis
1478 927 1675 998 residerent,
1688 929 1822 1002 proviso
1831 929 1950 988 tamen

1146 1037 1188 1082 ne
1215 1021 1250 1081 in
1287 1037 1426 1082 numero
1453 1024 1729 1084 assumendorum
1757 1024 1946 1092 excedatis,

1147 1133 1231 1178 neve
1245 1119 1424 1180 assumatis
1444 1119 1484 1180 de
1504 1135 1572 1180 una
1595 1121 1737 1180 ecclesia
1750 1121 1825 1196 plus
1840 1137 1947 1197 quam

1147 1231 1260 1274 unum.
1269 1215 1348 1276 Illos
1356 1232 1485 1292 quoque
1494 1217 1551 1294 qui
1559 1233 1690 1278 crucem
1699 1219 1950 1293 assumpserint

1147 1311 1209 1370 sub
1223 1311 1312 1374 beati
1326 1314 1417 1374 Petri
1431 1315 1465 1374 et
1479 1317 1593 1376 nostra
1612 1315 1820 1390 protectione
1834 1315 1949 1375 susci-

1146 1409 1276 1483 pientes
1290 1425 1364 1469 cnm
1380 1409 1534 1470 omnibus
1549 1410 1646 1471 bonis
1661 1411 1743 1482 suis,
1756 1413 1947 1472 statuentes

1147 1505 1184 1566 ut
1206 1508 1379 1584 postquam
1404 1507 1529 1568 fuerint
1569 1509 1635 1569 iter
1661 1508 1947 1584 peregrinationis

1146 1604 1308 1678 aggressi,
1331 1619 1372 1664 ea
1395 1605 1507 1664 omnia
1531 1603 1593 1664 suh
1621 1604 1760 1680 speciali
1783 1605 1946 1666 Ecclesiae

1147 1698 1338 1760 defensione
1367 1701 1562 1772 consistant,
1588 1701 1946 1786 donecuderedituip-

1147 1814 1259 1859 sorum
1286 1796 1337 1858 vel
1376 1797 1468 1858 obitu
1494 1798 1679 1858 certissime
1704 1800 1944 1873 cognoscatur;

1147 1895 1279 1956 clericis
1292 1893 1509 1954 nihilominus
1524 1894 1747 1962 concedendo,
1764 1895 1800 1956 ut
1809 1895 1947 1972 propter

1147 1992 1211 2052 boc
1225 1991 1352 2067 possint
1366 1989 1603 2051 beneficiorum
1614 2007 1749 2052 suorum
1761 1993 1945 2068 proventus

1148 2103 1254 2165 usque
1278 2087 1321 2148 ad
1345 2087 1524 2148 triennium
1553 2089 1684 2164 pignori
1716 2087 1865 2164 obligare
1888 2088 1945 2149 vel

1147 2185 1317 2262 percipere
1331 2185 1488 2260 quamdiu
1512 2184 1665 2246 absentes
1682 2184 1807 2246 fuerint
1821 2186 1884 2246 bac
1900 2185 1944 2246 de

1147 2295 1260 2352 causa,
1273 2280 1340 2340 illis
1353 2280 1473 2357 quibus
1485 2297 1542 2342 eos
1569 2281 1700 2358 pignori
1720 2281 1945 2358 obligaverint

1148 2378 1202 2440 vel
1221 2377 1427 2452 colligendos
1450 2379 1678 2440 commiserint
1703 2379 1776 2440 sine
1795 2379 1944 2440 diminu-

1147 2473 1238 2536 tione
1251 2474 1399 2551 qualibet
1412 2474 1628 2546 exhibendos,
1653 2475 1699 2535 ita
1719 2477 1840 2548 tamen,
1853 2476 1942 2552 quod

1148 2570 1396 2648 parochialibus
1421 2571 1571 2632 ecclesiis
1584 2587 1643 2647 per
1660 2571 1835 2633 honestum
1847 2573 1943 2634 vica-

1148 2669 1234 2729 rium
1258 2668 1391 2730 interim
1420 2668 1596 2740 serviatur,
1613 2683 1674 2729 nec
1687 2668 1808 2745 aliquis
1821 2684 1941 2743 proce-

1148 2765 1227 2827 dere
1238 2767 1419 2842 praesumat
1430 2765 1471 2826 ad
1486 2765 1722 2840 obligationem
1737 2765 1940 2842 hujusmodi,

1147 2863 1212 2922 nisi
1224 2878 1324 2938 quum
1338 2863 1549 2937 iterarripiet
1561 2861 1810 2930 transfretandi,
1829 2863 1944 2938 totque

1147 2959 1244 3020 annis
1257 2958 1397 3036 quilibet
1410 2959 1445 3019 in
1456 2958 1562 3035 ipsius
1574 2960 1673 3019 terrae
1687 2958 1833 3020 subsidio
1846 2975 1940 3020 com-

1148 3059 1304 3128 moretur,
1317 3071 1376 3132 per
1397 3071 1478 3132 qnos
1500 3071 1579 3116 suos
1597 3055 1746 3117 redditus
1765 3055 1941 3130 obligarit;

1147 3153 1277 3229 quodsi
1296 3152 1409 3212 forsan
1435 3153 1513 3213 ante
1538 3151 1686 3224 redierit,
1710 3153 1835 3214 sarriet
1859 3153 1941 3213 dili·

1147 3249 1263 3324 genter
1275 3248 1424 3310 ecclesiae
1440 3251 1535 3325 cujus
1550 3248 1699 3310 redditus
1713 3249 1850 3324 obligati
1864 3250 1940 3310 fue-

1148 3346 1267 3407 rintab
1296 3345 1411 3406 eodem
1439 3347 1543 3406 nisio
1567 3347 1783 3422 quorumdam
1804 3347 1942 3408 mantue

1148 3443 1307 3515 obvietur,
1324 3444 1380 3519 qni
1404 3441 1640 3504 beneficiorum
1662 3459 1797 3504 suorum
1824 3443 1943 3504 fructi-

1147 3538 1208 3600 bus
1223 3539 1376 3616 obligatis
1401 3540 1510 3600 solent
1523 3539 1671 3602 salutare
1697 3540 1814 3601 limina
1828 3543 1941 3601 Terrae

1150 3639 1278 3699 Sanctae
1305 3651 1344 3697 ac
1368 3616 1527 3698 continuo
1552 3637 1816 3709 redeuntes,tam
1835 3639 1941 3714 ipsam

1148 3735 1284 3795 Terram
1305 3735 1461 3794 Sanctam
1477 3749 1575 3810 quam
1597 3735 1756 3795 ecclesias
1785 3751 1862 3796 suas
1882 3750 1941 3796 suo

1149 3831 1288 3894 servitio
1323 3830 1531 3892 defraudare.
1562 3832 1645 3902 Quia
1680 3847 1759 3893 vero
1791 3832 1942 3892 nonnulli

1149 3945 1280 3990 crucem
1297 3930 1499 4004 assumptam
1508 3929 1836 4006 temeritatepropria
1847 3929 1942 4006 depo·

1149 4025 1478 4086 suissedicunturvel
1499 4025 1651 4102 incoeptae
1663 4027 1941 4104 peregrinationis

1149 4123 1268 4184 itinere
1284 4139 1349 4183 non
1379 4123 1510 4200 expleto
1530 4137 1550 4183 a
1577 4123 1738 4200 portubus
1760 4139 1939 4196 remeasse,

1150 4219 1303 4282 volumus
1318 4223 1351 4281 et
1372 4220 1569 4280 mandamus
1593 4223 1628 4281 ut
1643 4235 1701 4282 eos
1717 4221 1757 4280 ad
1771 4235 1943 4282 resumen-

1149 4319 1225 4379 dam
1246 4333 1378 4379 crncem
1400 4318 1432 4379 et
1455 4318 1496 4378 ad
1525 4317 1729 4378 reddendum
1753 4318 1864 4380 votum
1884 4321 1942 4379 Do·

1149 4417 1239 4477 mino
1259 4415 1346 4492 quod
1371 4416 1534 4477 voverunt
1555 4415 1716 4476 canonica
1738 4415 1941 4478 districtione

1150 4513 1374 4590 compellatis;
1390 4512 1431 4572 ad
1447 4513 1510 4572 hoc
1525 4512 1561 4573 ut
1583 4511 1729 4572 fidelium
1752 4513 1882 4573 devotio
1902 4512 1942 4573 ad

1149 4607 1942 4686 ipsiusTerraeSanctaesubsidiummeliusprovo

1150 4710 1252 4777 cetur,
1269 4706 1428 4766 ordinetis
1444 4705 1608 4767 solemnes
1627 4705 1855 4782 processiones
1871 4705 1941 4767 fleri

1150 4805 1267 4864 saltem
1284 4803 1425 4878 singulis
1446 4801 1613 4863 mensibus
1640 4803 1674 4863 in
1693 4802 1845 4864 omnibus
1863 4803 1942 4874 locis

1150 4902 1206 4978 qui
1226 4901 1267 4960 ad
1281 4900 1343 4960 hoc
1357 4899 1470 4960 idonei
1485 4899 1724 4962 videbunturet
1736 4900 1897 4976 psalmum
1909 4901 1943 4961 il-

1151 4999 1218 5058 lum
1233 4999 1357 5060 Ocules
1372 4998 1544 5058 uerterant
1562 4999 1683 5073 pentes
1706 5013 1765 5072 per
1786 4999 1942 5060 ecclesias

1151 5093 1388 5156 omnesdiebus
1398 5094 1538 5169 singulis
1548 5109 1639 5154 more
1650 5093 1748 5155 solito
1761 5093 1940 5168 decantari,

1151 5192 1283 5270 proviso
1299 5192 1384 5268 quod
1408 5189 1535 5252 siforte
1550 5189 1603 5250 his
1623 5191 1680 5268 qui
1696 5191 1737 5251 ad
1755 5191 1942 5268 hujusmodi

1151 5289 1381 5368 processiones
1407 5303 1465 5348 seu
1501 5287 1541 5348 ad
1568 5286 1653 5347 alias
1692 5290 1942 5351 convocationes

1152 5387 1378 5458 convenerint,
1389 5385 1534 5461 aliquam
1550 5385 1760 5460 peccatorum
1775 5387 1943 5449 remissio-

1152 5501 1227 5546 nem
1241 5483 1402 5546 duxeritis
1415 5481 1613 5554 faciendam,
1624 5483 1737 5544 decem
1746 5483 1875 5544 dierum
1884 5501 1943 5545 nu-
