4258 6394
129 374 188 434 361

128 532 325 610 infringere,
341 535 394 595 vel
408 535 440 596 el
451 551 535 596 ausu
549 534 728 598 temerario
743 536 920 598 contraire.

130 631 167 692 Si
179 632 253 708 quis
268 633 379 693 autem
401 632 465 694 hoo
479 633 645 695 attentare
661 632 920 710 presumpserit,

129 726 392 802 indignationem
414 728 649 804 omnipotentis
669 728 729 790 Dei
749 729 781 789 et
802 727 922 788 beato-

128 839 204 884 rum
216 825 307 886 Petri
320 825 353 886 et
366 825 463 886 Pauli
476 824 708 902 Apostolorum
724 828 796 902 ejus
814 839 849 886 se
862 839 923 885 no-

127 921 217 983 verit
237 921 459 983 incursurum.
484 923 602 984 Datum
628 922 794 994 Laterani,
808 925 838 982 X
860 921 922 982 ka-

128 1018 356 1096 lendasjunii,
373 1019 585 1096 pontificatus
606 1020 713 1082 nostri
733 1035 821 1082 anno
841 1033 920 1098 sop-

128 1117 220 1178 timo.

168 1437 216 1498 At
232 1436 369 1499 abbates
387 1439 428 1499 dc
443 1439 579 1500 cardon
598 1437 632 1499 ct
651 1440 743 1499 Bello
758 1391 877 1498 Pedio.

414 1567 449 1625 23
469 1567 538 1626 maii
558 1565 637 1624 1223.

282 1689 434 1756 [licumque
445 1691 514 1740 Anu.
527 1689 642 1750 cisterc,
651 1689 695 1748 iv,
705 1688 773 1754 228]

127 1814 261 1889 Indulget
274 1821 304 1873 ut
319 1815 382 1873 aliis
397 1815 531 1889 agricolis
542 1813 715 1872 excolendas
729 1811 843 1870 tradunt
861 1817 917 1868 ter-

162 1919 209 1962 ras
229 1904 292 1962 sine
306 1918 394 1962 onere
417 1902 594 1964 deeimarum
610 1917 683 1975 quas
701 1909 817 1975 propter
833 1901 917 1959 steri·

160 1993 270 2051 litatem
284 1993 326 2050 sie
340 1991 497 2065 possident.

165 2118 334 2179 Honorius
371 2118 559 2194 episcopus,
589 2129 707 2178 servus
745 2128 919 2176 serrorum

124 2215 197 2287 Dei,
214 2215 345 2278 dilectis
360 2216 439 2276 flliis
454 2215 495 2276 de
513 2213 643 2276 Gardon
655 2215 689 2276 et
705 2213 798 2274 Bello
815 2211 917 2274 Pedio

124 2313 311 2384 abbatibus,
330 2314 364 2376 et
390 2313 496 2390 priori
525 2311 566 2373 de
593 2312 704 2384 Galer,
724 2310 918 2386 Urgelensis

124 2412 290 2486 dioecesis,
302 2412 442 2474 salutem
464 2412 498 2474 et
510 2410 734 2488 apostolicam
752 2406 917 2470 benedic-

123 2510 261 2574 tionem.

164 2608 311 2671 Dilectus
335 2609 425 2670 illius
449 2607 565 2681 abbas,
590 2608 624 2670 et
649 2605 832 2668 conventus
857 2607 919 2666 Po·

123 2706 229 2783 puleti
241 2706 473 2768 Cistereiensis
485 2706 625 2778 ordinis,
637 2704 734 2766 nobis
745 2702 919 2764 humiliter

126 2805 367 2883 supplicarunt,
377 2804 415 2866 ut
426 2804 585 2882 quasdam
598 2800 743 2883 [terrast
760 2815 844 2879 quas
858 2815 918 2878 per

124 2903 347 2981 quadraginta
373 2919 479 2964 annos
504 2901 629 2980 absque
652 2900 868 2972 decimarum,
885 2898 918 2960 et

123 3002 461 3079 primitiarumonere
469 2998 699 3078 possederunt,
708 2997 788 3058 dare
796 2995 917 3060 vicinis

124 3099 283 3176 agricolis
294 3098 506 3170 excolendas,
516 3097 590 3158 sine
604 3111 706 3157 onere
721 3093 914 3165 memorate,

123 3215 164 3261 ac
176 3198 338 3276 quasdam
353 3196 456 3259 simili
469 3195 567 3256 modo
578 3196 649 3270 jam
669 3192 763 3254 datas
778 3191 847 3253 illis
864 3191 917 3251 di-

122 3297 265 3369 mittere,
283 3296 340 3374 qui
353 3293 485 3356 easdem
506 3291 619 3354 taliter
641 3290 848 3367 receperunt,
862 3287 915 3351 rel

122 3395 205 3458 dare
218 3393 306 3466 aliis,
319 3393 348 3454 si
361 3391 467 3468 magis
483 3389 583 3452 luerit
597 3389 828 3466 opportunum,
841 3403 914 3448 cum

122 3509 182 3555 eas
199 3493 333 3570 propter
346 3490 555 3554 sterilitatem
569 3488 739 3559 canumet
754 3485 916 3548 malitiam

122 3591 409 3655 circumstantium
421 3587 575 3651 excolere
594 3587 761 3664 nequeant
786 3584 915 3646 utiliter

122 3707 183 3770 per
203 3689 355 3767 seipsos,
373 3687 534 3765 quinimo
549 3685 741 3762 specialiter
755 3698 795 3744 aa
813 3698 914 3743 causa

122 3789 244 3850 debitis
266 3788 335 3849 sint
354 3785 513 3864 gramhus
529 3783 669 3854 onerati,
691 3780 815 3842 eisdem
835 3795 915 3841 nos-

122 3888 175 3950 tra
197 3885 417 3966 permissione
444 3882 571 3944 liceret.
599 3881 762 3953 Quocirca
782 3879 913 3940 discre-

122 3986 207 4049 tioni
222 3985 342 4046 vestrae
362 3997 422 4060 per
442 3979 665 4058 apostolicam
683 3977 802 4040 Sedem
818 3991 915 4037 man-

122 4083 250 4156 damus,
264 4082 428 4159 quatenus
446 4077 605 4155 inquisita
618 4091 719 4152 super
731 4074 914 4153 premissis

122 4181 264 4245 veritate
293 4175 497 4252 diligentius,
526 4175 555 4235 si
586 4172 681 4235 robis
715 4171 911 4244 const'terit,

121 4295 193 4341 rem
218 4277 331 4339 taliter
354 4289 391 4336 se
418 4272 553 4343 hahere,
578 4271 775 4332 auctoritate
799 4269 913 4331 nestra

120 4374 276 4440 tribuatis
289 4373 338 4436 eis
351 4369 520 4435 licentiam
534 4367 745 4446 postulatam,
761 4383 821 4428 nec
839 4383 914 4430 eon-

121 4477 174 4539 tra
189 4490 262 4535 earn
288 4470 498 4550 permittatis,
520 4466 653 4529 eosdem
668 4482 688 4526 a
706 4480 914 4544 quocumque

121 4572 246 4635 temere
271 4566 452 4631 molestari.
480 4566 573 4628 Datis
598 4563 773 4638 Laterani,
795 4565 826 4624 X
843 4561 910 4624 kal.

119 4669 218 4750 junii,
235 4684 323 4732 anno
336 4667 431 4730 sexte
449 4659 627 4746 [septimol.

449 4895 586 4984 cxiii

12 5116 17 5136 ‚
122 5057 174 5118 Ad
193 5057 381 5116 Renroncm
401 5050 597 5123 episcopum
612 5047 910 5121 Sertoaclltereem.

412 5170 447 5228 29
461 5168 529 5226 maii
545 5167 623 5226 1223.

307 5284 425 5352 [Helladi.
437 5283 513 5336 ltalia
524 5296 603 5342 mora,
613 5282 645 5340 ll,
657 5280 726 5347 aaa]

121 5408 277 5471 Ecclesiam
297 5400 541 5476 senogalliensem
558 5397 612 5455 sub
627 5395 703 5454 beati
723 5395 799 5453 Petri
817 5403 846 5454 ct
859 5409 911 5453 sua

154 5496 328 5573 protectione
339 5489 458 5563 suscipit
469 5501 627 5559 omnesque
636 5485 700 5559 ejus
715 5485 912 5558 possessiones

156 5601 190 5645 ac
204 5584 290 5651 boue,
300 5581 363 5654 iura
379 5593 413 5638 ao
428 5577 577 5650 privilegia
591 5575 751 5634 cendrmat.

161 5699 327 5767 Honorius
337 5697 649 5776 episcopusservus
658 5706 829 5756 servorum
838 5691 909 5764 liei,

743 375 971 437 EPISTOLAE.
995 375 1073 436 LIB.
1095 375 1165 436 VII.

1713 373 1775 434 362

977 533 1161 597 venerabili
1179 531 1274 595 tratri
1289 534 1429 595 Remoni
1443 533 1599 610 episcopo
1615 532 1773 610 Sonogal-

978 631 1088 699 liensi,
1122 631 1264 693 salutem
1297 631 1330 692 et
1357 630 1581 706 apostolicam
1615 630 1772 692 benedie-
1904 658 1909 666 ·

977 729 1113 790 tionem.

1018 829 1054 888 ln
1066 825 1224 888 eminenti
1235 825 1433 902 apostolicae
1444 824 1682 902 Sedisspeeula
1692 825 1771 888 licet

977 923 1146 994 immeriti,
1177 923 1373 1000 disponente
1407 923 1557 994 Domine,
1586 923 1769 994 constituti,

977 1018 1097 1082 tratres
1117 1023 1247 1082 nostros
1267 1021 1451 1098 episcopos,
1472 1021 1539 1082 tam
1556 1005 1767 1097 propinquos,

976 1133 1074 1194 quam
1094 1118 1192 1193 longe
1212 1118 1347 1194 positos,
1369 1119 1516 1180 fraterna
1537 1117 1693 1178 debemus
1708 1133 1769 1178 ca-

975 1214 1074 1276 ritate
1088 1214 1239 1292 diligere,
1260 1216 1293 1277 et
1312 1214 1462 1277 ecclesiis
1477 1215 1540 1275 sibi
1556 1230 1575 1276 s
1590 1217 1659 1276 Deo
1678 1229 1770 1275 com-

976 1311 1086 1372 missis
1117 1311 1277 1390 pastoraii
1305 1312 1529 1373 sollieitudine
1562 1312 1768 1391 providere:

976 1409 1149 1481 Quocirca,
1161 1410 1364 1472 venerabilis
1375 1410 1409 1470 in
1420 1409 1552 1471 Christo
1563 1409 1667 1472 irater
1680 1410 1770 1486 epis-

975 1521 1067 1582 cope,
1083 1507 1151 1568 tuis
1168 1507 1269 1584 justis
1290 1506 1569 1584 postulationibus
1589 1507 1770 1569 elementer

975 1603 1168 1676 annuimus,
1199 1604 1232 1665 et
1262 1603 1437 1665 ecclesiam
1470 1604 1767 1679 senogalliensem,

974 1699 1040 1772 cui,
1061 1703 1198 1762 auctore
1214 1703 1292 1774 Deo,
1310 1715 1453 1778 praeesse
1473 1700 1689 1776 dignosceris,
1707 1700 1769 1761 suh

974 1795 1063 1858 beati
1089 1797 1191 1870 Petri,
1220 1799 1253 1860 et
1284 1799 1399 1860 nostra
1427 1799 1632 1876 protectione
1656 1798 1767 1860 susci-

974 1895 1094 1970 pimus,
1111 1897 1145 1956 et
1157 1896 1332 1971 praesentis
1349 1895 1464 1972 scripti
1480 1896 1655 1972 privilegio
1674 1911 1768 1958 com·

976 1991 1156 2062 munimus,
1173 1992 1376 2078 statuentes¹
1389 1992 1425 2053 ut
1446 2007 1671 2070 quascumque
1691 2008 1771 2070 pos-

973 2088 1152 2159 sessiones
1167 2104 1383 2165 quaecumque
1395 2088 1482 2151 bona
1494 2089 1610 2151 eadem
1625 2089 1768 2152 ecclesia

973 2185 1008 2245 in
1024 2186 1280 2262 praesentiarum
1295 2187 1397 2263 juste,
1418 2201 1457 2248 ao
1476 2187 1636 2248 canonice
1655 2187 1768 2264 possi-

973 2282 1039 2356 det,
1052 2284 1128 2356 etc.,
1140 2299 1247 2358 usque
1262 2283 1390 2345 illibata
1405 2285 1631 2361 permaneant.
1647 2287 1683 2345 ln
1694 2284 1770 2362 qui-

972 2380 1033 2441 bus
1048 2381 1120 2442 haec
1135 2381 1281 2458 propriis
1303 2381 1459 2442 duximus
1477 2381 1693 2458 exprimenda
1708 2398 1769 2446 ro-

973 2477 1112 2540 cahulis.
1144 2481 1181 2539 ln
1210 2478 1346 2540 civitate
1379 2479 1622 2555 senogalliensi
1654 2481 1767 2543 Sancti

972 2575 1134 2637 iohannis
1158 2577 1326 2654 Baptistae,
1355 2577 1388 2637 S.
1422 2577 1523 2650 Petri,
1555 2579 1588 2638 S.
1617 2577 1765 2651 Martini,

973 2675 1007 2734 S.
1017 2674 1162 2749 Georgii,
1172 2676 1205 2735 S.
1217 2675 1333 2735 Mariae
1344 2673 1385 2735 de
1395 2674 1526 2747 Scottis,
1537 2676 1570 2735 S.
1582 2675 1765 2747 Laurentii,

973 2773 1006 2832 S.
1033 2771 1228 2843 salvatoris,
1253 2773 1286 2832 S.
1308 2772 1434 2844 Crucis,
1459 2773 1492 2832 S.
1517 2771 1765 2844 Bartholomaei,

973 2869 1006 2929 8.
1023 2867 1228 2940 Paterniani,
1246 2870 1279 2928 S.
1295 2867 1450 2942 erigite,
1469 2867 1503 2929 et
1522 2870 1558 2928 8.
1576 2869 1693 2930 Severi
1710 2883 1770 2930 eo-

972 2964 1093 3026 clesias
1117 2980 1192 3027 eum
1212 2964 1365 3026 omnibus
1393 2965 1604 3042 pertinentiis
1629 2981 1773 3028 earum--

971 3062 1057 3135 dem,
1074 3063 1107 3125 et
1120 3061 1253 3124 tertiam
1269 3063 1397 3140 partem
1412 3061 1452 3124 do
1465 3063 1555 3124 omni
1570 3063 1712 3136 redditu,
1726 3079 1777 3126 ae

970 3159 1115 3232 datione,
1129 3159 1287 3222 distracto
1306 3161 1497 3237 quoquest
1516 3160 1649 3238 placito,
1671 3162 1704 3224 et
1725 3159 1771 3223 de

971 3257 1127 3329 mercato,
1148 3272 1211 3319 nec
1239 3271 1313 3318 non·
1331 3256 1381 3318 de
1397 3257 1483 3334 ripa,
1505 3259 1537 3320 et
1565 3259 1674 3335 portu,
1705 3275 1766 3320 seu

969 3355 1010 3416 de
1036 3355 1113 3416 aliis
1137 3353 1337 3432 supradicte
1361 3355 1507 3418 civitatis
1527 3355 1774 3432 vectigalibus3·

970 3452 1175 3531 seliquatico,
1188 3452 1339 3530 pedagio,
1351 3453 1626 3526 mensuratico,et
1636 3453 1677 3516 de
1687 3453 1779 3516 aliis:

969 3551 1084 3627 portis,
1096 3551 1130 3612 et
1142 3549 1320 3627 porterelis
1332 3550 1477 3613 civitatis
1490 3551 1606 3627 ipsine,
1622 3553 1762 3628 excepta

969 3650 1064 3726 perta
1089 3651 1121 3709 S.
1146 3649 1276 3724 Angeli,
1299 3650 1394 3726 cujus
1417 3649 1522 3710 nostri
1547 3649 1581 3710 in
1596 3649 1779 3726 integrum·

969 3747 1046 3809 sunt
1072 3746 1263 3822 proventus.
1294 3746 1333 3807 In
1356 3745 1492 3806 diecesi
1517 3747 1762 3822 senogalliensi

969 3843 1206 3905 monasterium
1236 3845 1270 3904 S.
1298 3841 1486 3906 Gaudentii,
1507 3857 1581 3903 oum
1609 3843 1770 3904 omnibus.

968 3944 1040 4019 ejus
1059 3939 1166 4012 benis,
1188 3940 1220 4002 et
1242 3939 1463 4016 pertiuentiis,
1487 3941 1520 4001 et
1541 3941 1668 4000 curtem
1688 3955 1765 4018 quae

968 4036 1106 4100 vocatur
1119 4035 1316 4098 Turturaria
1329 4051 1403 4096 curn
1417 4035 1627 4110 molendinis,
1643 4038 1676 4099 et
1690 4037 1775 4100 suis..

968 4134 1189 4213 pertinentiis,
1211 4132 1386 4195 ecclesiam
1407 4136 1440 4194 S·
1463 4133 1531 4196 Viti
1551 4150 1625 4196 cum
1646 4135 1780 4213 hospi--

967 4234 1026 4296 tali
1042 4235 1075 4295 S.
1093 4232 1247 4309 Spiritus,
1264 4231 1448 4294 ecclesiam·
1461 4234 1494 4294 S.
1512 4233 1779 4310 Stephanieum:

968 4331 1072 4404 curte,
1091 4331 1206 4408 pratis,
1230 4329 1410 4407 paludibus
1426 4347 1566 4408 quoque,
1587 4347 1627 4393 ac
1644 4332 1762 4396 salinis

967 4427 1120 4490 omnibus
1135 4443 1154 4488 a
1169 4427 1373 4504 mariusque
1387 4427 1429 4488 ad
1444 4444 1556 4491 muros
1573 4428 1671 4491 dietae
1684 4429 1764 4493 civi·
1833 4491 1835 4496 ,

967 4527 1056 4598 tatis,
1072 4525 1189 4587 etcum
1202 4524 1354 4586 omnibus
1367 4526 1631 4602 possessionibus
1644 4528 1761 4604 positis

966 4624 1002 4684 in
1024 4623 1135 4684 monte
1156 4623 1190 4682 S.
1216 4622 1377 4698 Stephani
1395 4622 1561 4700 planiciis,
1579 4625 1612 4685 et
1633 4627 1776 4690 curtem,

968 4718 1178 4795 senogalliae,
1204 4718 1341 4796 dejure
1363 4719 1572 4796 episcopatus
1597 4721 1775 4796 senegai-..

966 4817 1075 4888 liensi,
1086 4817 1119 4878 et
1130 4815 1255 4878 curtem
1269 4831 1343 4893 quae
1353 4816 1580 4878 vocaturTres
1593 4817 1758 4890 Basilicas,

966 4931 1041 4978 eum
1066 4913 1214 4986 castello,
1245 4913 1331 4991 quod
1356 4914 1496 4975 vocatur
1524 4914 1658 4989 Orgiolo
1685 4930 1781 4978 oum.

967 5011 1119 5073 omnibus
1134 5009 1336 5082 hominibus,
1356 5011 1516 5072 eteorum
1532 5009 1627 5071 bonis
1643 5011 1676 5072 et
1690 5013 1762 5074 suis

966 5108 1188 5186 pertinentiis,
1214 5109 1247 5170 et
1275 5108 1420 5169 castrum
1446 5108 1586 5179 vivarii,
1614 5111 1780 5172 castrum·

966 5205 1157 5268 Remusceti
1172 5206 1204 5266 et
1221 5204 1397 5266 castellare
1412 5204 1556 5266 illiorum
1573 5205 1708 5280 Leonis,
1728 5209 1764 5272 ei

966 5300 1141 5363 castellare
1163 5299 1419 5376 Scorzaleporis‚
1445 5300 1639 5362 etcastrum
1663 5304 1765 5364 Mon-

965 5399 1043 5471 tale,
1064 5398 1098 5459 et
1116 5397 1293 5459 castellare
1313 5396 1533 5469 castellionis,
1557 5399 1591 5460 et
1613 5401 1779 5462 castrum·

966 5493 1118 5567 Farnesi,
1136 5496 1282 5554 castrum
1296 5492 1426 5564 Peticli,
1444 5492 1477 5554 et
1488 5493 1664 5556 castellare
1676 5497 1773 5558 Fos-

966 5590 1104 5663 seoebae,
1117 5591 1150 5652 et
1159 5588 1334 5651 castellare
1345 5588 1599 5663 Montisiertius,
1616 5594 1650 5653 et
1662 5591 1761 5670 quid-

966 5689 1044 5770 quid
1072 5687 1283 5766 episeopatus
1310 5685 1411 5754 hebet
1434 5687 1469 5748 in
1503 5687 1612 5754 castro
1641 5687 1767 5759 insulae.
