4244 6374
340 319 399 378 eis

341 489 579 553 cognoscamus
601 475 637 534 in
663 474 819 552 praesenti
841 473 994 545 articulo,
1021 488 1131 550 quaii-

340 576 410 637 tum
429 574 470 634 de
488 573 546 634 tua
568 571 742 634 devotione
758 587 893 647 sperare
908 572 944 631 iii
964 571 1131 648 posterum

341 671 531 742 debeamus,
574 685 679 746 eoque
706 669 864 730 libentius
894 669 951 730 tna
984 669 1132 743 tempore

341 770 525 845 opportuno
536 767 754 828 exaudiamus
766 767 967 844 precamina,
978 781 1041 842 quo
1054 781 1134 826 iios-

340 869 391 928 tra
408 865 656 926 meminerimus
671 865 733 925 ate
749 864 852 924 fuisse
865 865 1017 926 devotius
1028 879 1134 924 exau-

340 963 421 1024 dita.
453 963 503 1022 Ne
527 962 636 1022 autem
663 962 838 1022 occasione
864 978 1072 1032 excessuum,
1104 961 1134 1019 si

328 1061 399 1138 ‘qui
418 1059 530 1120 forsan
553 1060 700 1135 ipsarum
716 1060 907 1133 treugarum
928 1061 1078 1136 tempore
1098 1059 1132 1117 iii

341 1156 571 1234 praejudicium
584 1155 777 1216 alterutrius
794 1156 936 1232 partium
953 1157 1029 1217 sunt
1042 1171 1134 1216 com-

341 1253 446 1323 missi,
472 1252 676 1315 disturbetur
702 1253 892 1328 prorogatio
928 1253 1130 1324 earumdem,

341 1367 497 1426 rogamus
512 1352 558 1422 ut,
573 1343 638 1410 iii'si
654 1351 688 1411 tu
711 1366 750 1412 ac
764 1351 836 1426 ipse
852 1365 912 1410 rex
925 1350 1052 1425 Angliee
1071 1367 1132 1410 sii-

340 1464 400 1526 per
423 1449 475 1508 his
495 1449 672 1510 convenire
698 1448 848 1525 poteritis
870 1463 1008 1524 pervus
1030 1448 1130 1524 ipsoS,

341 1545 472 1621 eligatis
486 1545 705 1607 communiter
714 1546 844 1622 aliquos
857 1545 960 1606 honos
973 1545 1077 1618 viros,
1092 1545 1132 1606 ed

340 1659 481 1721 quorum
522 1643 697 1704 arbitrium
740 1658 898 1704 excessus
942 1642 1132 1720 hujusmodi

341 1741 556 1802 emendentur
580 1739 639 1820 (1).
666 1741 783 1802 Datum
807 1741 978 1812 Laterani,
1004 1743 1034 1800 X
1063 1739 1130 1801 lxal.

341 1839 464 1910 martii,
482 1853 570 1902 anno
586 1839 713 1899 octavo

669 2107 803 2193 CXXX

460 2260 510 2320 Ad
522 2261 562 2318 B.
580 2258 740 2319 concitem
753 2260 1011 2318 Posoiiiciisciit.

592 2390 625 2447 ti
646 2387 779 2445 februarii
801 2388 878 2444 itit.

504 2513 595 2578 pejor,
610 2512 670 2565 coo.
687 2511 802 2576 diplom„
814 2512 856 2571 iii,
869 2511 889 2569 l,
903 2511 970 2576 l³⁰l

342 2637 438 2700 Monet
460 2653 527 2696 eum
548 2645 579 2694 ut
595 2637 623 2694 in
649 2636 704 2694 ilde
725 2644 753 2693 et
772 2635 923 2693 devotione
951 2636 1025 2694 Belte
1056 2637 1134 2709 regis

582 2727 713 2800 persistat
729 2725 891 2782 immobilis.

380 2851 557 2921 Honorius,
584 2864 700 2910 servus
729 2863 900 2908 servornm
923 2847 993 2919 Dei,
1014 2847 1133 2909 dilecto

341 2949 409 3010 tilio
430 2947 542 3009 comiti
562 2945 769 3016 Posoniensi‚
793 2945 933 3006 salutem
947 2947 979 3006 et
992 2947 1134 3022 Aposto-

341 3045 439 3108 licam
454 3043 728 3105 benedictionem.

381 3143 426 3203 Ec
449 3141 525 3201 ildei
548 3142 612 3201 tuso
637 3140 823 3201 constantia
839 3140 944 3214 magis
961 3139 1133 3216 splendere

341 3237 546 3315 dignoscitur
579 3252 643 3314 quo
676 3236 711 3296 in
746 3239 871 3313 majore
904 3237 1069 3298 carissimi
1098 3237 1132 3298 in

341 3335 470 3397 Christo
493 3334 605 3395 fratris
625 3333 730 3394 nostri
749 3335 784 3392 B.
799 3333 898 3408 regis,
923 3333 1133 3409 primogeniti

341 3432 504 3496 carissimi
535 3432 570 3490 iii
594 3429 725 3492 Christo
758 3430 871 3490 fratris
905 3431 1009 3491 nostri
1043 3433 1131 3507 regis

377 3589 418 3664 (l)
439 3590 510 3658 Quid
533 3589 568 3646 ad
588 3589 704 3646 Houorii
725 3595 850 3644 montem
870 3587 955 3644 ctiam
976 3591 1068 3661 egerit
1083 3605 1133 3646 rex

342 3663 491 3729 henricus,
507 3660 642 3717 discimus
657 3674 691 3715 ex
707 3659 835 3731 ciusdem
855 3659 955 3716 litteris
975 3675 1046 3732 quas
1064 3662 1132 3718 rcci-

341 3740 382 3791 tat
395 3735 425 3790 F.
443 3735 587 3806 llymect.
600 3733 622 3798 Ι,
639 3737 709 3801 part.
724 3745 743 3798 i,
759 3745 785 3802 p.
798 3731 850 3786 90:

378 3805 461 3860 illex
474 3801 683 3859 constabulario
700 3801 848 3868 Dovicnsi,
865 3799 995 3857 salutem.
1012 3802 1129 3859 Manda-

340 3889 405 3932 mus
418 3871 467 3931 tibi
503 3873 557 3930 iiod
571 3871 727 3929 denniicies
738 3871 891 3927 baronibus
901 3873 1046 3928 nostiisde
1055 3874 1132 3944 qnin-

340 3961 395 4018 que
415 3888 541 4018 portiXus
566 3951 595 4000 ct
622 3941 827 3998 mercatoribus
849 3949 929 3998 terrie
952 3951 1064 4008 nostrie,
1081 3943 1132 4000 lie·

339 4015 490 4088 quentibus
514 4016 585 4070 inter
613 4013 701 4084 ipsos,
718 4019 792 4070 utse
818 4014 896 4084 ipsos
919 4013 1075 4070 certificent
1102 4015 1130 4069 iii

340 4086 441 4160 quihus
457 4093 484 4142 et
502 4085 531 4140 iii
548 4085 661 4156 quantis
680 4090 709 4139 et
731 4098 780 4154 per
800 4097 871 4154 quos
891 4082 926 4139 de
945 4098 1030 4154 possa
1055 4085 1131 4156 regis

340 4158 468 4216 Franciee
487 4154 660 4212 damnificati
678 4152 781 4210 luerint
796 4159 894 4210 contra
913 4152 987 4211 haiic
1003 4155 1130 4212 nltimam

339 4237 470 4310 trengam
495 4235 614 4298 quatuor
635 4239 785 4290 annorum,
806 4232 919 4295 captam
940 4225 1131 4282 internosci

339 4299 499 4369 Philippum
514 4295 656 4367 qnondam
672 4308 771 4366 regem
787 4296 924 4361 Franciee,
939 4310 1001 4366 qiiae
1023 4297 1131 4352 scilicet

339 4377 439 4450 treuga
458 4366 590 4422 durature
608 4371 651 4421 cst
670 4363 808 4436 usquead
829 4365 939 4422 instans
955 4367 1085 4436 Pascha3
1104 4375 1131 4424 et

340 4439 508 4512 provideant
523 4437 576 4509 ipsi
592 4436 713 4492 barones
728 4441 755 4491 ct
773 4444 956 4504 mercatores,
972 4443 1003 4493 ut
1015 4437 1050 4493 dc
1066 4453 1128 4494 om·

338 4511 422 4568 iilhus
437 4507 579 4581 priedictis
593 4507 685 4564 sciant
701 4506 857 4562 ceitiliceic
873 4507 992 4564 nuncios
1008 4515 1129 4577 nostros,

339 4597 410 4654 qnos
437 4579 585 4636 mittemus
615 4575 690 4648 apud
714 4578 741 4634 S.
766 4575 898 4644 Adcmar‚
924 4579 951 4633 iii
981 4593 1129 4635 occursum

337 4653 506 4710 nunciorum
535 4649 613 4721 regis
637 4647 764 4704 Franciie
783 4646 818 4704 ud
838 4647 1010 4705 dominicam
1035 4651 1128 4719 proxi-

337 4737 414 4782 mam
431 4729 497 4778 uiite
510 4719 619 4777 Pascha
637 4717 778 4784 lloridum,
794 4719 959 4790 pietatibus
974 4719 1131 4790 interprisis

337 4793 527 4852 communiter
551 4789 747 4856 emendandis,
767 4797 795 4845 et
815 4789 889 4860 quod
912 4798 1008 4845 centra
1033 4792 1128 4846 teltn't·

337 4881 404 4922 num
425 4865 503 4920 illum
530 4861 711 4933 probationes
732 4874 799 4916 snas
819 4867 933 4931 partitas
952 4859 1085 4926 habeant,
1102 4869 1130 4918 et

337 4935 377 4994 illi
396 4933 517 5007 prompti
538 4933 594 4988 sint
609 4930 644 4986 ad
664 4929 892 5002 prosequendum
910 4937 938 4985 et
953 4931 1128 5001 responden·

337 5007 403 5064 duiu
420 5006 482 5062 aliis
502 5002 536 5059 do
561 5016 651 5073 regno
674 5001 810 5066 Francis,
827 5002 849 5056 si
869 5015 940 5071 ipios
960 4999 1130 5058 oileiidcrint

336 5084 433 5134 contra
452 5082 581 5145 treugam
599 5071 771 5142 preadictum.
785 5073 869 5127 Teste
886 5073 918 5126 li.
938 5070 1129 5130 Loudonieiisi

334 5143 865 5275 gpislcobpo,opudWestmonesterium,
876 5143 1011 5198 vicesimo
1027 5152 1128 5214 quarto

356 5233 381 5274 ie
406 5233 422 5272 e
444 5231 566 5272 ruaiii.»
1103 5227 1111 5253 0

369 5287 472 5344 llcdem
492 5285 571 5342 inodo
586 5283 723 5340 scribitur
738 5282 837 5354 majori
862 5289 890 5338 et
912 5283 1128 5342 vicecomitibus

335 5357 474 5424 bordon,
494 5363 560 5422 etc,
576 5353 632 5410 hoc
651 5360 759 5410 mutato
779 5351 854 5424 qiiod
868 5353 1043 5410 certificandi
1064 5363 1129 5413 sniit

334 5429 430 5486 nuncii
445 5427 553 5484 domini
573 5427 660 5506 regis,
676 5439 747 5506 quos
769 5425 861 5481 iiiittet
875 5426 903 5480 iii
918 5424 1053 5482 marchiis
1066 5427 1128 5484 Pic-

334 5501 417 5562 tavlie
430 5507 458 5556 ct
472 5499 659 5568 bedegene,
673 5509 747 5549 circu
761 5495 870 5551 iiistaiis
883 5495 1002 5552 Pascha.

370 5575 448 5636 ltciii,
466 5570 575 5625 itidem.
593 5588 602 5614 ι
620 5567 678 5621 Rex
691 5564 822 5621 omnibns
835 5565 870 5621 nd
881 5581 952 5638 qnos
974 5575 1128 5638 presentes

335 5642 434 5700 litteris
459 5637 650 5712 pervenerint,
671 5635 802 5692 salutem.
829 5637 971 5694 Noveritis
992 5653 1043 5695 iios
1063 5653 1127 5695 coii-

954 313 1131 374 lton'citlt
1154 314 1199 372 ΙΙΙ
1220 315 1368 374 OPERA.

1926 317 1984 378 54⁴

1187 473 1368 548 Hungariae
1388 473 1528 535 illustris
1550 472 1763 547 adversitate,
1780 476 1816 535 in
1831 491 1895 552 qne
1912 477 1985 538 sola

1187 570 1420 646 comprobatur
1437 571 1581 644 dilectio,
1603 588 1662 648 pro
1678 563 1756 648 'ipso
1774 572 1939 648 intrepide
1952 575 1985 636 et

1188 669 1361 743 pecuniam
1378 669 1410 728 et
1432 685 1485 729 res
1506 671 1581 731 tuas
1603 670 1787 746 exposuisti
1811 671 1982 746 periculis

1188 766 1219 826 ei
1240 764 1440 825 adhaerendo
1462 766 1615 838 fideliter,
1636 768 1669 827 et
1688 766 1841 828 habendo
1862 769 1980 844 ipsius,

1188 863 1224 922 ut
1238 863 1363 922 domiui
1377 862 1427 923 tui
1445 863 1639 934 custodiam,
1657 865 1690 925 et
1712 880 1825 925 curam
1839 865 1873 927 et
1889 865 1985 925 solli-

1188 960 1369 1020 citudinem
1393 961 1590 1022 exercendo.
1614 963 1696 1033 Quia
1713 976 1792 1022 vero
1811 978 1878 1024 non
1898 963 1984 1024 inci-

1188 1057 1354 1133 pientibus
1376 1058 1433 1118 sed
1456 1059 1745 1134 perseverantibus
1772 1075 1896 1120 corona
1925 1059 1985 1120 de-

1188 1149 1293 1222 betur,
1331 1150 1537 1212 nobilitatem
1572 1153 1663 1212 tuam
1699 1168 1886 1224 monemus,
1924 1169 1983 1229 per

1187 1248 1376 1324 Apostolica
1419 1249 1542 1324 scripta
1580 1249 1775 1310 mandantes
1812 1251 1980 1322 attentius,

1188 1346 1350 1421 quatenns
1369 1345 1402 1405 iii
1421 1345 1485 1406 fide
1500 1348 1533 1407 et
1545 1346 1720 1408 devotione
1741 1346 1845 1424 ipsiiis
1858 1347 1984 1424 persis-

1188 1443 1260 1504 tens
1275 1442 1466 1514 immobilis
1484 1444 1590 1519 magis
1606 1461 1645 1504 ac
1660 1445 1766 1519 magis
1782 1445 1822 1505 ad
1836 1448 1909 1522 ejus
1922 1461 1981 1506 ac-

1188 1541 1342 1600 cendaris
1367 1540 1539 1602 servitium
1563 1544 1595 1603 et
1622 1541 1802 1616 honorem3
1824 1542 1877 1602 bis
1894 1544 1983 1604 enim

1165 1658 1166 1662 ¹
1188 1639 1347 1698 Dominus
1363 1631 1461 1698 finem
1475 1638 1576 1710 dabit,
1590 1639 1622 1700 et
1635 1640 1669 1699 in
1686 1655 1840 1700 serenum
1853 1641 1983 1701 tandein

1188 1734 1338 1796 nubilum
1354 1738 1576 1797 convertetur.
1586 1737 1704 1798 Datum
1716 1737 1884 1807 Laterani,
1895 1753 1982 1798 nono

1190 1832 1350 1894 kalendas
1366 1834 1487 1904 martii,
1503 1849 1590 1894 enno
1606 1836 1734 1895 octavo.

1509 2121 1663 2207 CXXXI

1288 2264 1339 2324 Ad
1355 2264 1530 2322 Aodrccm
1544 2277 1663 2338 repetit
1677 2265 1883 2340 Hiiiipcitie.

1448 2395 1480 2450 il
1495 2392 1628 2451 februarii
1642 2395 1721 2452 titt.

1358 2519 1450 2582 [Fejcr,
1463 2519 1523 2568 Ccd.
1536 2518 1652 2584 diplom,
1668 2519 1711 2578 ltt,
1721 2533 1739 2576 i,
1752 2518 1818 2581 tati]

1190 2643 1331 2700 Honorius
1352 2643 1445 2700 anad
1468 2643 1612 2712 comitem,
1636 2643 1763 2715 aliosque
1785 2644 1869 2712 Belae,
1893 2650 1982 2715 petria

1224 2730 1581 2800 extorris,sociosAndrete
1591 2733 1663 2804 regi,
1673 2731 1745 2788 neld
1756 2737 1868 2804 propter
1876 2731 1982 2790 demna

1225 2820 1377 2892 patiantur,
1393 2819 1585 2878 commendat.

1229 2947 1408 3019 Honorius,
1426 2946 1548 3008 illustri
1564 2947 1636 3021 regi
1652 2947 1845 3022 Hungariaa.

1229 3047 1334 3116 Quum
1355 3043 1477 3105 nobilis
1496 3045 1549 3104 vir
1569 3047 1605 3104 B.
1623 3059 1733 3104 comes
1753 3044 1793 3104 de
1812 3047 1934 3116 Poson,
1953 3047 1984 3106 et

1189 3141 1323 3218 quidam
1346 3141 1404 3202 alii
1427 3157 1501 3202 cum
1521 3142 1697 3202 carissimo
1712 3143 1747 3202 iii
1763 3142 1893 3203 Christo
1913 3141 1984 3202 illio

1189 3241 1302 3300 nostro
1314 3241 1351 3300 B.
1363 3256 1452 3315 rege,
1469 3240 1688 3316 primogenito
1703 3241 1760 3302 tiio
1771 3241 1805 3300 iii
1819 3243 1908 3300 terra
1922 3257 1985 3302 no-

1188 3337 1264 3398 bilis
1280 3337 1355 3408 viri,
1378 3337 1472 3398 ducis
1487 3337 1629 3399 Austriae
1649 3353 1708 3413 pro
1724 3339 1796 3414 ejus
1812 3337 1939 3398 honore
1953 3338 1984 3399 et

1188 3433 1338 3494 custodia
1359 3435 1614 3506 commorentur,
1633 3449 1735 3508 grave
1755 3434 1854 3494 nimis
1875 3434 1908 3494 et
1930 3434 1984 3494 iri-

1187 3591 1309 3648 cessisse
1334 3599 1363 3648 et
1384 3591 1503 3648 tirmiter
1528 3599 1701 3659 cresutasse,
1725 3591 1800 3663 quod
1824 3605 1857 3648 ea
1885 3593 1983 3650 omnia

1187 3677 1251 3734 quae
1263 3670 1384 3734 quatuor
1400 3663 1542 3729 attornati,
1567 3662 1623 3718 diio
1641 3663 1771 3720 videlicet
1783 3677 1818 3718 ex
1834 3670 1914 3734 parte
1930 3664 1983 3720 do·

1187 3734 1257 3789 mliii
1272 3734 1349 3805 regis
1365 3735 1547 3800 Francorum,
1562 3740 1590 3789 et
1602 3732 1658 3789 duo
1674 3748 1709 3790 ex
1724 3740 1803 3804 parte
1819 3738 1927 3802 nostra,
1939 3735 1984 3790 vel

1187 3811 1243 3860 tres
1258 3819 1366 3870 eorum,
1384 3819 1434 3874 per
1453 3811 1663 3860 sacramentum
1681 3819 1764 3859 sunm
1780 3803 1901 3860 dixerint
1917 3819 1982 3875 per·

1187 3873 1322 3930 solvenda
1337 3889 1423 3944 snper
1437 3873 1550 3940 debitis,
1567 3872 1679 3930 damnis
1694 3882 1722 3931 et
1734 3874 1888 3955 deperditis
1905 3889 1981 3932 nier-

1186 3953 1312 4002 cetorum
1329 3953 1356 4000 et
1374 3945 1492 4000 aliorum
1513 3943 1660 4001 hominum
1676 3945 1783 4001 domiui
1799 3946 1877 4016 regis
1893 3947 1981 4001 Fran·

1186 4029 1294 4084 coium,
1311 4015 1392 4071 iactis
1412 4014 1483 4070 inire
1506 4013 1580 4070 lianc
1601 4015 1729 4071 ultimam
1750 4022 1892 4087 treiigsm,
1907 4013 1982 4072 bona

1186 4085 1241 4142 ilde
1256 4087 1285 4142 in
1306 4087 1448 4142 hiteornm
1469 4086 1678 4157 persolvemns;
1703 4092 1731 4142 et
1754 4087 1778 4142 si
1803 4100 1860 4141 non
1883 4095 1983 4156 potne-

1186 4158 1241 4214 riiit
1264 4129 1430 4214 concordari
1450 4156 1504 4226 ipsi
1523 4163 1643 4236 quatuor
1660 4157 1705 4214 vel
1727 4163 1784 4213 tres
1806 4171 1842 4212 eii
1855 4157 1907 4224 eis,
1933 4173 1982 4229 per

1186 4234 1395 4285 sacramentum
1412 4241 1493 4283 suum
1510 4227 1618 4298 eligent
1630 4228 1759 4297 quintum
1771 4227 1837 4284 dicti
1846 4234 1979 4298 quatuor,

1186 4306 1214 4356 et
1229 4297 1302 4370 quod
1318 4297 1364 4353 ille
1380 4299 1494 4369 quintus
1513 4311 1578 4354 ciim
1599 4295 1708 4354 duobus
1730 4299 1841 4354 illorum
1861 4306 1983 4368 quatuor

1186 4369 1221 4425 de
1241 4367 1382 4440 predictis
1400 4367 1522 4424 dixerint
1541 4367 1771 4438 persolvendum,
1791 4369 1920 4440 plenarie
1941 4371 1980 4425 si·

1186 4440 1288 4498 uiiiiter
1303 4440 1507 4510 persolvemus.
1525 4441 1557 4496 lii
1572 4437 1653 4511 cuius
1665 4439 1729 4500 lide.
1746 4447 1800 4496 etc.
1813 4440 1896 4495 Teste
1911 4454 1942 4496 re
1966 4455 1982 4496 e

1186 4509 1259 4582 apud
1296 4509 1598 4566 westmonasterium.
1631 4509 1767 4565 vicesimo
1803 4509 1902 4580 quinto
1956 4525 1982 4566 ie

1186 4580 1290 4648 martii,
1307 4594 1382 4635 enno
1409 4580 1491 4652 regni
1517 4584 1629 4648 octavo,
1654 4594 1751 4637 eorem
1770 4578 1887 4635 domino
1906 4580 1979 4637 Can·

1187 4651 1321 4708 tnarieiisi
1348 4650 1564 4722 archiepiscopo
1589 4649 1714 4708 llnbeito
1728 4649 1763 4706 de
1782 4652 1878 4722 Burgo
1895 4649 1979 4721 iusti·

1185 4721 1287 4804 clario,
1321 4728 1350 4778 et
1385 4721 1570 4778 bathoniensi
1597 4727 1627 4777 et
1659 4721 1869 4780 saresberiensi
1902 4722 1978 4793 epis·

1185 4807 1219 4850 cc
1242 4807 1304 4848 is.»

1219 4809 1298 4929 Xtcm,
1314 4863 1426 4931 ibidem,
1456 4879 1483 4934 p.
1500 4861 1544 4920 et.
1566 4885 1576 4912 ι
1598 4864 1719 4920 Domino
1734 4877 1796 4931 siio,
1819 4861 1934 4933 quando
1953 4863 1980 4918 ei

1185 4934 1336 5062 placuerit,
1370 4933 1530 5002 Ludovico,
1562 4935 1613 4990 Dei
1645 4933 1753 5005 gratia,
1784 4932 1885 4989 illustri
1918 4935 1980 5005 regi

1197 5006 1206 5025 Ὶ

1208 5019 1369 5071 rencoiuin,
1393 5006 1534 5062 Heiiricus
1560 5003 1661 5060 eedem
1685 5004 1777 5086 gratia
1802 5018 1852 5059 rex
1875 5003 1980 5076 Angla·

1185 5090 1257 5143 rum,
1275 5077 1394 5132 salutem
1410 5081 1438 5130 ct
1453 5075 1644 5132 dilectionem.
1662 5075 1798 5132 Mittimus
1814 5073 1917 5130 advos
1934 5074 1976 5128 di·

1185 5146 1273 5202 lectos
1293 5145 1374 5202 nohis
1397 5145 1425 5200 iii
1447 5145 1568 5212 Christo,
1585 5145 1700 5200 tratrem
1724 5144 1848 5200 ilianum
1867 5145 1977 5210 Martel,

1185 5217 1355 5288 magistrum
1371 5216 1479 5272 militiis
1498 5215 1606 5287 Templi
1625 5215 1652 5269 iii
1670 5215 1786 5286 Anglia,
1807 5222 1836 5271 et
1856 5215 1979 5286 prioreui

1184 5287 1220 5343 dc
1240 5289 1358 5342 beriton.
1379 5294 1407 5343 et
1431 5286 1600 5358 magistrum
1623 5286 1657 5340 H.
1678 5286 1880 5342 cancellarium
1902 5286 1977 5340 boii·

1184 5357 1363 5420 donicusem,
1380 5355 1482 5428 quibus
1496 5356 1579 5412 sidem
1593 5354 1701 5412 habere
1716 5356 1809 5412 velitis
1828 5369 1914 5427 snper
1933 5355 1979 5411 his

1184 5443 1246 5500 qiiae
1259 5429 1340 5485 vohis
1357 5427 1478 5484 dixerint
1497 5441 1532 5483 ex
1548 5435 1627 5498 parte
1649 5433 1756 5494 nostra,
1767 5427 1803 5483 do
1816 5426 1925 5552 treugis
1939 5427 1979 5482 iii·

1184 5505 1225 5555 ter
1249 5515 1300 5556 vos
1322 5505 1350 5555 et
1375 5513 1427 5555 iios
1451 5497 1639 5570 prorogandis
1659 5513 1692 5553 ns
1714 5512 1749 5553 iie
1769 5495 1804 5560 sd
1844 5511 1878 5552 nii
1901 5497 1976 5552 rien-

1183 5571 1304 5637 hiuma
1329 5569 1438 5626 Pascha
1455 5583 1530 5624 aniio
1549 5569 1650 5641 gretiae
1672 5511 1858 5626 MXCXXIX:
1875 5567 1977 5649 'scituri

1182 5640 1258 5712 quod
1277 5648 1369 5698 ratum
1393 5647 1421 5697 et
1442 5647 1555 5711 gratum
1580 5638 1748 5696 habebimus
1767 5637 1901 5710 quicquid
1923 5651 1978 5708 ipsi
