4222 6374
321 325 379 386 103

319 481 423 544 larem
444 483 546 546 vitam
566 435 891 562 protessisssatutem
914 485 947 548 et
970 479 1108 565 aposto·

318 579 417 641 licam
432 578 724 652 benedictionem.)

356 677 485 739 Vestris
515 677 812 755 supplicationibus
840 678 1020 742 clementer
1047 694 1110 740 an-

318 775 462 846 nuimus,
477 777 510 836 et
526 774 699 851 praefatum
719 777 957 838 monasterium
978 778 1108 838 Sancte

318 873 377 934 Dei
397 871 636 970 ceritaniam
645 873 803 963 yirginis
824 874 940 934 Mariae
962 874 1002 935 de
1026 877 1110 934 Per·

317 968 424 1040 cheio,
446 943 832 1054 quondanqbd‘isosns,
851 970 884 1030 in
907 986 971 1048 quo
996 971 1109 1032 divino

317 1066 397 1126 estis
412 1063 569 1142 obsequio
591 1066 799 1142 mancipatae,
816 1065 877 1128 sub
894 1065 983 1129 beati
1002 1067 1105 1138 Petri,

317 1162 350 1224 et
372 1163 486 1224 nostra
510 1163 714 1238 protectione
738 1163 947 1240 suscipimus,
970 1164 1004 1225 et
1021 1179 1109 1240 prae-

211 1331 213 1338 ,
316 1259 419 1321 sentis
444 1259 559 1336 scripti
588 1259 764 1336 privilegio
791 1262 1107 1322 communimus.1n

315 1356 431 1434 primis
447 1355 609 1432 siquidem
629 1357 823 1430 statuentes,
838 1360 873 1419 ut
886 1358 966 1420 ordo
979 1371 1109 1419 monas·

314 1451 412 1524 tious,
430 1452 485 1528 qui
501 1451 682 1513 secundum
704 1451 792 1514 beati
813 1453 983 1516 Benedicti
1002 1469 1107 1530 regu-

315 1549 393 1620 lam,
402 1540 500 1636 atque
510 1548 660 1610 instituta
669 1549 938 1612 cisterciensium
953 1550 1105 1622 matrum,

292 1645 450 1727 yibidem·
462 1645 634 1708 institutus
655 1661 729 1707 esse
749 1647 965 1722 dignoscitur,
984 1661 1107 1724 perpe-

255 1753 301 1825 q
314 1743 381 1804 tuis
396 1741 516 1802 futuris
528 1741 733 1820 temporibus
746 1743 941 1806 observetur
950 1742 998 1822 (et
1007 1744 1106 1821 paulo

170 1840 194 1904 ,ὁ
226 1835 256 1923 ,j'
299 1838 466 1923 ¹interius,
483 1841 557 1916 post
570 1839 760 1915 designatas
781 1841 902 1902 multas
916 1841 1106 1916 possessio·

155 1922 220 2000 Ν
300 1933 389 2025 lues)
404 1956 412 1995 z
428 1950 501 2011 quae
514 1935 626 1996 omnia
645 1936 733 1996 idem
752 1937 991 1998 monasterium
1009 1937 1107 1998 ante·

315 2046 414 2107 quam
429 2030 659 2092 Cisteroiensis
681 2031 808 2094 ordinis
829 2031 981 2094 instituta
999 2032 1108 2094 susci-

294 2128 417 2204 tperet,
441 2127 630 2204 possidebat
649 2117 697 2207 (et
718 2127 832 2207 infra).
862 2131 981 2198 Datum
1002 2129 1106 2190 Late·

314 2221 400 2294 rani,
415 2237 475 2299 per
488 2221 622 2285 manum
630 2223 723 2296 Julii,
740 2225 863 2286 sancte
879 2227 1037 2288 Romanas
1050 2225 1108 2286 Ec·

313 2319 425 2382 clesiae
439 2315 512 2381 rice
526 2319 731 2392 cancellarii,
747 2323 793 2384 ΙΙΙ
805 2321 967 2383 kalendas
980 2322 1104 2394 martii,

313 2416 495 2478 indictione
505 2419 546 2488 X,
559 2417 802 2479 incarnationis
817 2416 1008 2487 Dominicae,
1019 2432 1106 2480 anno

314 2513 501 2585 MCGXXII,
514 2513 724 2590 pontificatus
734 2529 814 2576 vero
828 2514 953 2576 domini
967 2515 1107 2577 Honorii

313 2612 413 2686 Papae
433 2611 479 2672 111
493 2625 581 2672 anno
596 2612 702 2673 sexto.

642 2937 778 3025 dxxv

372 3089 424 3148 na
437 3089 622 3150 eoeneum
639 3087 793 3150 meatem
810 3057 928 3150 sanan
942 3093 1047 3152 raon

583 3185 831 3246 Narbonensts.

569 3319 604 3377 28
618 3317 750 3377 lebruarii
767 3321 845 3379 1222.

464 3439 548 3504 [Dent
561 3439 637 3490 ionds
645 3441 721 3499 latin.
733 3447 752 3491 t.
763 3443 840 3503 LVII,
852 3457 878 3509 p.
891 3443 958 3510 toa]

312 3553 500 3615 Confirmatio
508 3554 569 3627 eius
579 3555 681 3613 electio
689 3557 716 3612 in
729 3555 859 3614 abbatem
870 3559 998 3616 ecclesie
1010 3559 1105 3618 Sancti

348 3641 428 3700 Pauli
453 3643 662 3712 Narbonensis,
687 3645 899 3704 nonobstante
926 3649 1105 3722 oppositione

348 3729 556 3804 archiepiscopi
568 3729 697 3804 ejusdem
710 3731 851 3792 dioecesis.

351 3856 518 3918 Honorius
528 3857 839 3934 episcopusservus
854 3875 1025 3924 servorum
1032 3863 1102 3936 Dei,

313 3953 433 4016 dilecto
457 3953 527 4014 illio
554 3953 702 4016 Robaldo
730 3953 841 4018 abbati
868 3959 981 4020 Sancti
1009 3961 1104 4023 Pauli

311 4049 551 4122 Narbonensis,
568 4052 708 4112 salutem
723 4055 756 4115 et
768 4054 983 4130 apostolicam
997 4055 1104 4119 bene·

312 4147 502 4208 dictionem.

352 4243 516 4304 Exhibitis
536 4243 631 4306 nobis
653 4243 774 4322 litteris
794 4248 930 4326 capituli
952 4250 1103 4314 ecclesiae

312 4339 425 4402 Sancti
451 4339 548 4401 Pauli
572 4340 810 4416 Narbonensis,
838 4360 878 4406 ac
901 4345 1104 4409 venerabilis

310 4435 424 4499 fratris
439 4437 546 4498 nostri
561 4439 595 4498 C.
613 4437 808 4501 Portuensis
827 4441 984 4520 episcopi,
996 4447 1105 4520 Apos-

310 4534 419 4596 tolicae
430 4533 523 4595 Sedis
534 4534 645 4610 legati,
656 4536 774 4612 quibus
789 4540 969 4615 apparebat
982 4541 1104 4618 praeia-

310 4632 380 4693 tum
395 4630 575 4708 capitulum
590 4632 622 4692 te
636 4632 672 4693 in
687 4631 839 4696 abbatem
855 4651 951 4699 suum
963 4653 1104 4700 concor-

310 4728 397 4791 diter
407 4727 549 4806 elegisse
564 4743 604 4790 ac
625 4729 820 4794 electionem
835 4733 941 4810 ipsam
956 4749 1030 4796 esse
1044 4751 1104 4813 per

309 4824 484 4903 praelatum
507 4823 698 4902 episcopum
720 4827 960 4902 confirmatam,
985 4833 1102 4907 postu-

308 4920 386 4983 lasti
400 4923 436 4982 ut
450 4921 599 4982 eamdem
614 4921 802 4997 apostolico
823 4925 982 4988 roborare
997 4930 1103 4991 muni·

239 5051 241 5057 ,
308 5019 399 5079 mine
413 5018 638 5093 dignaremur,
655 5019 733 5082 licet
745 5023 856 5084 autem
872 5023 1004 5099 quidam
1016 5042 1103 5089 nun-

309 5114 376 5176 tius
388 5112 590 5175 venerabilis
604 5113 718 5176 lratris
731 5118 835 5180 nostri
848 5122 886 5181 A.
904 5121 1103 5184 Narbonen-

310 5210 356 5271 sis
394 5209 637 5288 archiepisoopi
669 5211 915 5290 reclamaverit,
949 5233 1102 5283 asserens

309 5307 395 5385 quod
418 5305 570 5368 abbatem
590 5307 715 5371 habere
743 5327 810 5372 non
836 5312 934 5376 debet
959 5317 1101 5378 ecclesia

273 5419 277 5429 ·
309 5403 509 5481 supradicta,
536 5404 593 5467 sed
615 5407 805 5484 specialiter
823 5425 913 5473 curae
931 5427 971 5473 ac
995 5413 1102 5475 admi-

308 5499 500 5563 nistrationi
529 5503 676 5580 ejusdam
706 5506 951 5586 archiepiscopi
984 5510 1101 5587 subja·

308 5613 400 5672 cere;
414 5599 491 5675 quia
506 5601 617 5662 tamen
632 5603 827 5664 assertionis
843 5621 912 5666 suae
923 5605 1020 5668 iidem
1034 5622 1099 5669 non

931 327 1105 390 HONORII
1125 327 1169 390 111
1191 329 1339 391 OPERA.

1902 328 1960 414 aot

1165 484 1242 550 lecit
1264 481 1401 548 nundus
1428 483 1629 548 memoratus
1656 481 1824 546 abbatiam
1851 485 1960 562 ipsam

1164 601 1238 647 cum
1259 585 1335 646 suis
1344 583 1566 660 pertinentiis,
1583 584 1617 645 et
1630 582 1762 660 juribus
1779 581 1865 644 sicut
1883 583 1960 660 ple·

1163 683 1239 743 nius
1254 683 1482 743 antecessores
1494 679 1543 742 tui
1558 696 1632 741 eam
1647 678 1804 741 babuisse
1816 695 1960 741 noscun-

1162 769 1218 840 tur
1236 777 1309 848 tibi,
1324 777 1365 838 de
1384 776 1524 837 fratrum
1543 775 1731 836 nostrorum
1756 775 1908 844 consilio,
1921 776 1958 837 iu

1162 875 1231 936 nita
1256 873 1325 945 tua,
1342 873 1539 934 auctoritate
1562 872 1752 948 Apostolica
1779 871 1960 934 conflrma-

1163 987 1247 1042 mus,
1264 971 1298 1032 at
1315 965 1497 1047 praesentis
1516 969 1631 1045 scripti
1651 969 1837 1045 patrocinio
1866 985 1959 1030 com-

1163 1067 1346 1138 munimus,
1368 1065 1519 1127 nolentes
1540 1065 1626 1142 quod
1646 1081 1706 1142 per
1729 1065 1958 1128 confirmatio-

1162 1180 1236 1225 nem
1259 1163 1448 1240 bujusmodi
1472 1163 1702 1240 praejudioium
1727 1162 1861 1240 aliquod
1882 1163 1955 1240 juri

1162 1261 1418 1338 archiepiscopi,
1433 1261 1487 1323 vel
1509 1259 1646 1336 capituli
1668 1259 1900 1336 praedictorum
1920 1259 1956 1321 in

1162 1359 1330 1434 posterum
1342 1359 1530 1434 generetur.
1547 1356 1639 1418 Nulli
1652 1371 1731 1432 argo
1746 1356 1881 1418 omnino
1893 1356 1957 1442 bo-¹

1162 1455 1287 1516 minum
1303 1455 1402 1517 liceat
1423 1454 1509 1516 banc
1529 1454 1684 1534 paginam
1699 1454 1823 1516 nostrae
1838 1453 1956 1514 contir-

1162 1551 1316 1613 mationis
1338 1550 1532 1627 intringere,
1549 1550 1603 1612 vel
1623 1551 1655 1612 ei
1673 1564 1758 1611 ausu
1775 1550 1955 1612 temerario

1161 1648 1344 1722 contraire;
1357 1648 1386 1708 si
1399 1649 1473 1724 quis
1488 1648 1597 1708 autam
1612 1647 1675 1708 boc
1689 1646 1864 1720 attentare,
1876 1647 1954 1720 etc,

1162 1745 1195 1806 et
1207 1743 1380 1808 beatorum
1390 1744 1480 1807 Petri
1492 1745 1525 1806 et
1539 1742 1635 1804 Pauli
1646 1742 1871 1820 apostolorum
1881 1745 1956 1820 ejus

1162 1857 1198 1902 se
1227 1842 1359 1903 noverit
1383 1841 1606 1902 incursurum.
1635 1839 1753 1901 Datum
1781 1840 1955 1914 Anagniae,

1162 1939 1192 1998 ΙΙ
1207 1937 1367 2010 kalendas
1382 1938 1505 2010 martii,
1520 1935 1731 2016 pontificatus
1746 1935 1851 1998 nostri
1866 1951 1954 2000 anno

1162 2037 1268 2096 sexto.

1462 2291 1636 2416 'cxxvi

1161 2479 1213 2537 Ad
1227 2477 1363 2538 annates
1376 2479 1498 2538 corea.
1514 2477 1548 2540 et
1562 2480 1604 2539 de
1613 2480 1796 2554 Reontaco,
1811 2477 1844 2540 et
1857 2480 1955 2552 prte-

1201 2587 1278 2634 rem
1306 2575 1441 2646 Cerea,
1459 2577 1592 2636 Eduen.
1622 2575 1656 2636 et
1681 2575 1953 2638 Autissiodoren.

1201 2672 1396 2732 dioecesum.

1418 2764 1452 2822 28
1467 2763 1601 2824 lebruarii
1614 2765 1693 2824 2222.

1193 2887 1312 2952 magen,
1322 2887 1418 2948 rmvr,
1430 2873 1570 2952 epatica.
1584 2889 1642 2940 uss.
1653 2887 1689 2938 na
1698 2889 1775 2940 rora
1784 2889 1818 2942 au
1829 2889 1922 2957 man]

1161 3011 1264 3070 Comes
1280 3011 1466 3070 Nivernsnsis
1484 3005 1584 3069 obtulit
1603 3013 1632 3069 ln
1645 3012 1691 3085 ius
1709 3021 1737 3070 et
1752 3013 1953 3086 proprietatem

1196 3099 1368 3172 Apostolice
1389 3099 1470 3158 Sedis
1485 3101 1609 3173 plateam
1624 3102 1709 3159 castri
1724 3100 1760 3158 de
1778 3099 1953 3170 Fornodoro,

1196 3187 1225 3244 iu
1244 3186 1318 3246 diota
1343 3189 1435 3261 platea
1462 3189 1613 3246 ecclesiam
1634 3195 1799 3246 construere
1822 3196 1851 3247 at
1875 3189 1954 3246 illam

1195 3275 1295 3333 dotare
1315 3291 1488 3350 proponens.
1504 3278 1621 3336 llandat
1634 3279 1776 3335 llonorlus
1790 3283 1822 3335 nt
1835 3276 1954 3336 abbates

1195 3369 1225 3422 et
1238 3365 1315 3436 prior
1328 3365 1473 3438 inquirant
1485 3364 1522 3422 ad
1536 3381 1622 3437 quem
1637 3366 1777 3438 pertineat
1789 3366 1892 3438 platea.

1199 3489 1378 3562 Honorius,
1400 3489 1475 3562 etc,
1492 3489 1621 3551 dilectis
1646 3488 1724 3550 filiis
1744 3489 1860 3550 Geren.
1880 3490 1953 3550 et...

1160 3586 1200 3646 de
1220 3587 1388 3662 Regniaoo
1415 3583 1589 3648 abbatibus
1615 3585 1683 3646 et...
1707 3583 1811 3662 priori
1833 3585 1952 3648 Geren.

1159 3682 1282 3744 Eduen.
1300 3682 1333 3744 et
1353 3681 1618 3744 Autissiodoren.
1635 3681 1825 3742 dioecesum.

1199 3776 1344 3837 Dilectus
1360 3775 1447 3836 illius
1463 3774 1584 3835 nobilis
1599 3775 1688 3836 vir...
1701 3789 1810 3836 comes
1824 3775 1952 3837 Nivar-

1159 3887 1235 3934 nen.
1267 3873 1355 3934 sicut
1378 3887 1422 3933 ex
1448 3871 1542 3950 parte
1569 3887 1629 3932 sua
1662 3869 1725 3934 luit
1748 3873 1952 3949 propositum

1159 3983 1270 4031 coram
1290 3969 1398 4041 nobis,
1413 3970 1454 4030 ad
1471 3967 1594 4031 cultum
1616 3969 1707 4045 cupit
1727 3969 1952 4045 ampliandum

1159 4064 1318 4135 divinum,
1331 4063 1366 4123 in
1377 4063 1486 4140 platea
1502 4064 1643 4140 quadam
1654 4064 1755 4125 castri
1769 4063 1809 4124 de
1821 4065 1951 4125 Feruo-

1159 4160 1239 4222 doro
1254 4159 1429 4222 ecclesiam
1445 4159 1480 4222 in
1495 4161 1672 4232 bonore...,
1693 4175 1733 4222 ac
1748 4161 1776 4222 si
1791 4160 1952 4222 Dominus

1159 4255 1223 4316 sibi
1238 4257 1438 4333 permiserit,
1452 4257 1626 4334 providere
1641 4257 1773 4334 deipsa‚
1786 4258 1823 4319 ut
1833 4258 1952 4334 uiginti

1159 4369 1201 4415 ex
1224 4369 1264 4414 ea
1285 4353 1414 4430 possint
1436 4355 1590 4416 canonici
1614 4355 1798 4416 honorilice
1821 4355 1953 4416 susten·-

1157 4449 1234 4511 tari.
1245 4447 1339 4513 Unde
1354 4465 1464 4513 comes
1473 4453 1558 4530 ipse,
1567 4455 1726 4528 quantum
1741 4451 1775 4510 in
1789 4450 1861 4526 ipso
1873 4450 1948 4524 luit,

1158 4547 1254 4610 nobis
1271 4548 1462 4625 praedictam
1480 4547 1649 4610 offerendo
1672 4548 1814 4624 plateam
1835 4547 1950 4609 bumi-

1158 4644 1234 4706 liter
1254 4645 1450 4723 postularit,
1472 4645 1508 4706 ut
1526 4645 1561 4704 in
1581 4647 1638 4720 jus
1660 4645 1694 4708 at
1716 4644 1952 4721 proprietatem

1157 4741 1469 4818 apostolicaesedis
1494 4741 1718 4817 reciperemus
1740 4740 1900 4814 eamdem,
1917 4743 1952 4804 et

1158 4838 1192 4900 in
1207 4839 1281 4916 ipsa
1294 4839 1515 4916 praeberemus
1530 4837 1638 4899 eidem
1654 4837 1822 4899 licentiam
1837 4839 1952 4915 hujus·

1157 4935 1246 4996 modi
1258 4933 1433 4995 ecelesiam
1447 4934 1672 4995 construendi.
1685 4935 1753 4994 Nos
1765 4949 1844 5010 ergo
1858 4933 1950 5010 pium

1157 5033 1185 5109 ej
1191 5032 1304 5092 usdem
1319 5029 1449 5092 comitis
1460 5029 1662 5092 desiderium
1675 5045 1821 5106 congruo
1835 5029 1951 5092 lavore

1157 5127 1312 5206 prosequi
1337 5127 1507 5204 cupientes
1530 5127 1725 5190 discretioni
1739 5121 1869 5188 'restrae
1891 5143 1952 5204 per

1156 5223 1343 5302 Apostolioa
1359 5224 1481 5302 scripta
1501 5223 1707 5296 mandamus,
1730 5223 1893 5306 quatenus
1909 5224 1950 5286 ad

1156 5319 1252 5399 quem
1261 5320 1371 5397 platea
1385 5320 1542 5399 predicta
1552 5320 1727 5399 pertineat,
1739 5321 1773 5382 et
1782 5319 1811 5381 sl
1824 5321 1950 5392 desae,

1156 5416 1208 5479 rel
1229 5417 1346 5479 uxoris
1370 5433 1439 5480 suae
1463 5417 1639 5490 sitiendo,
1666 5418 1720 5480 tel
1748 5417 1950 5494 patrimonio

1154 5513 1371 5590 inquirentes,
1388 5514 1474 5592 quod
1491 5529 1591 5592 super
1608 5514 1671 5575 boc
1685 5513 1893 5585 inveneritis,
1916 5515 1950 5576 et

1156 5611 1304 5686 singulas
1314 5613 1364 5674 rei
1374 5612 1475 5690 hujus
1485 5609 1750 5674 circumstantias
1763 5609 1858 5672 nobis
1868 5609 1946 5670 tide·
