4244 6374
152 197 318 298 me'
768 237 1240 308 mfflwmfflvm‚
1419 279 1422 298 ,
1552 265 1679 282 --
1753 239 1812 300 m

155 393 347 466 rationem,
361 409 423 455 neo
434 408 491 457 eos
502 408 602 470 super
614 393 823 458 restitutione
832 397 965 459 tuorum
1021 397 1104 458 Data
1121 397 1287 466 Laterani,
1302 398 1392 458 XVII
1404 394 1537 462 kalend.
1556 397 1684 476 aprilis,
1700 397 1812 476 ponti-

151 490 357 554 reddituum
387 491 610 566 scandalizem
640 491 697 552 sed
726 491 799 555 haec
828 493 861 556 et
886 493 965 562 alia,
1021 493 1255 558 licatusnostri
1271 509 1357 554 anno
1372 494 1500 556 octavo.

156 589 968 666 quaepossuntscandatumgenerare,prudenter

157 683 206 744 in
233 687 363 761 tempus
391 684 526 746 differas
568 685 790 761 opportunum
819 708 826 748 :
857 687 966 748 sciens
1335 711 1494 798 CIXIH

156 782 966 860 mmmmmmmmmmmma
1380 763 1394 797 ²

154 878 328 943 fidelitate
354 895 393 940 ac
419 880 643 943 sollicitudine
672 881 842 942 reddimus
870 897 965 943 com·
1099 865 1150 924 Ad
1166 865 1366 924 Brssmfflwis
1384 866 1576 935 Pr⁰⁰i⁷²⁰2ae
1592 865 1728 926 mmm·

155 976 352 1047 mandatos,
383 977 477 1038 nobis
498 978 674 1054 petitiones
692 979 778 1050 tuas,
796 993 897 1054 super
909 995 966 1040 ar·
1302 993 1437 1050 lemartii
1449 993 1528 1052 liii.

156 1071 282 1133 ticulis
301 1073 494 1182 Pfffltaffl?
516 1076 549 1137 θῑ
572 1075 659 1146 aliis,
684 1075 916 1151 P⁰ff⁰1⁰¹⁶¹¹¹1t³
933 1074 965 1184 ef
1020 1115 1201 1180 [nappentep
1216 1115 1351 1180 samburg.
1371 1116 1587 1176 urkundenbuch,
1599 1116 1619 1174 1,
1635 1115 1727 1175 tum.
1742 1114 1810 1180 trop

155 1169 209 1228 ad
223 1171 457 1245 promotiorem
472 1171 608 1233 1llarum
628 1170 864 1236 laboraverunt
877 1170 966 1232 solll-

157 1265 234 1327 cite
247 1281 286 1328 30
300 1266 473 1328 instanter·
490 1269 540 1328 EX
551 1267 671 1344 quibus
688 1268 845 1344 quasdam
857 1267 965 1330 admi,
1020 1241 1055 1298 Ut
1064 1239 1100 1298 ad
1114 1239 1323 1312 reparationem
1334 1239 1462 1297 ecclesie
1472 1241 1636 1298 Bremensis
1646 1247 1809 1313 pravatus-

160 1363 288 1435 Simus'
301 1364 560 1439 quasdamvem,
573 1365 613 1426 de
624 1364 763 1426 fratrum
776 1367 964 1428 nostrorum
1036 1335 1093 1386 tate
1108 1329 1219 1386 ruinam
1235 1328 1372 1386 minentis
1383 1326 1509 1386 subsidia
1521 1327 1647 1386 caritatis
1661 1335 1791 1402 erogent.

159 1459 962 1538 consilio‚adpraesensduximussuspendendas,
1058 1463 1419 1538 Honoriusepiscopus,
1430 1477 1546 1524 servus
1557 1463 1807 1534 servorumbei,

159 1558 249 1634 quia
257 1557 305 1618 sic
314 1557 466 1618 videmus
475 1557 874 1632 expedire;illasetalias,
882 1573 964 1635 quas
1019 1559 1188 1622 universis
1211 1559 1333 1621 Christi
1355 1558 1507 1620 fidelibus
1522 1575 1582 1635 per
1599 1562 1811 1620 Bremensem

159 1652 265 1714 nobis
283 1653 418 1714 duxeris
432 1654 659 1730 porrigendas,
674 1655 865 1716 exauditori
880 1658 965 1717 tem·
1020 1655 1226 1732 provinciam
1237 1655 1435 1728 constitutis,
1445 1656 1486 1716 ad
1503 1672 1584 1732 quos
1603 1656 1722 1718 litterae
1736 1657 1811 1718 istae

160 1765 251 1826 pore
277 1751 480 1826 opportuno;
511 1766 586 1812 cum
608 1751 652 1822 te,
674 1753 832 1829 tanquam
856 1752 965 1814 Eccle-
1019 1753 1242 1830 pervenerint,
1260 1753 1400 1814 salutem
1416 1753 1687 1834 etApostolieam
1707 1752 1812 1814 bene-
1924 1737 1927 1742 ⁵

162 1847 231 1921 siae
246 1849 403 1908 Romanae
419 1847 695 1922 specialissimum
708 1849 822 1943 tilium,
839 1849 966 1926 plenis·
1019 1849 1207 1911 dictionem.

164 1943 256 2004 simo
282 1943 459 2019 diligamus
483 1945 616 2015 affectu,
637 1946 670 2007 et
690 1947 964 2024 tranquillitatem
1060 1948 1237 2016 Quoniam,
1265 1944 1302 2005 ut
1327 1943 1375 2006 ait
1392 1945 1580 2020 Apostolus,
1605 1959 1724 2009 omncs
1744 1947 1814 2007 sta-

163 2041 262 2101 tuam
277 2041 310 2102 et
323 2042 419 2117 regni
438 2042 498 2114 tui,
517 2041 606 2103 intus
625 2043 657 2104 et
680 2044 787 2115 extra,
802 2044 965 2108 hactenus
1020 2046 1130 2103 bimus
1172 2041 1253 2102 onte
1281 2041 1433 2102 imbueret
1460 2042 1599 2113 coristi,
1636 2042 1812 2115 recepturi

165 2137 313 2198 sollicite
327 2139 628 2214 procuraverimus,
645 2140 745 2201 etiam
760 2157 826 2202 non
842 2142 962 2216 rogati,
1019 2140 1123 2212 prout
1148 2141 1186 2198 ie
1209 2151 1354 2210 corpore
1379 2140 1560 2212 pessimas,
1590 2140 1665 2199 stoc
1689 2141 1814 2199 bonum

164 2235 204 2295 et
216 2235 450 2310 procuratione
462 2234 676 2311 disponamus
689 2237 842 2312 vigilanti
856 2237 964 2300 studio
1018 2236 1136 2308 merit,
1157 2237 1231 2295 sice
1249 2237 1379 2295 molum
1401 2231 1460 2312 (l),
1491 2234 1620 2310 oportet
1641 2249 1701 2294 nos
1724 2234 1833 2295 diem·

164 2331 207 2392 in
221 2330 387 2406 futurum3
403 2331 529 2409 tibique
542 2334 741 2409 apostolice
759 2334 853 2396 Sedis
865 2335 964 2398 savo·
1020 2323 1190 2394 missionis
1212 2331 1370 2392 extremae
1394 2331 1632 2392 misericordiae
1657 2330 1813 2408 operibus
1920 2375 1930 2388 .

164 2443 242 2488 rem
263 2432 297 2488 et
314 2428 467 2503 gratiam,
484 2430 659 2491 consilium
681 2431 714 2492 et
735 2431 911 2504 auxilium,
928 2432 964 2493 in
1019 2430 1203 2505 praevenire
1222 2443 1261 2488 ac
1281 2429 1481 2489 aeternorum
1501 2427 1623 2489 intuitu
1647 2429 1812 2489 seminare

166 2524 431 2602 quibuscumque
456 2527 620 2599 decuerit,
646 2528 815 2590 exhibere.
846 2531 964 2592 Datum
1018 2527 1180 2596 interris,
1198 2525 1283 2601 quod
1299 2525 1611 2586 reddentebomino
1626 2541 1700 2586 cum
1721 2523 1812 2585 mul-

165 2623 338 2696 Laterani,
355 2624 386 2684 ll
399 2622 474 2690 idus
489 2625 610 2698 martii,
625 2624 836 2702 pontificatus
859 2628 964 2690 nostri
1019 2622 1168 2699 tipllcato
1183 2621 1348 2682 fructuum
1365 2622 1475 2682 fructu
1485 2621 1681 2696 recolligere
1696 2621 1813 2682 debea-

166 2721 399 2786 annooctavo.
1019 2737 1092 2780 mus
1120 2720 1156 2779 in
1185 2718 1289 2789 coelis,
1317 2717 1447 2778 firmam
1475 2733 1567 2794 spem
1591 2717 1813 2794 fiduciamque

173 2819 175 2826 ’
1019 2817 1180 2888 tenentes,
1198 2815 1355 2890 quoniam
1366 2814 1422 2890 qui
1438 2829 1536 2890 parce
1552 2815 1703 2884 seminat,
1714 2829 1814 2890 parce

1020 2915 1053 2974 et
1067 2913 1177 2982 metet,
1192 2912 1225 2973 et
1242 2912 1297 2988 qui
1315 2909 1457 2972 seminat
1471 2911 1505 2970 in
1526 2910 1814 2971 benedictionibus

501 3013 644 3100 CLXII
1021 3011 1053 3072 et
1066 3009 1167 3070 metet
1181 3008 1282 3069 vitam
1298 3008 1467 3068 aeternam.
1490 3010 1595 3080 Quum
1610 3007 1714 3081 igitur
1728 3009 1813 3068 Bre-

1020 3105 1144 3168 mensis
1153 3104 1295 3166 ecclesia
1304 3105 1499 3180 paupertate
1510 3105 1648 3179 gravata
1659 3104 1816 3180 etpressa

167 3183 225 3242 Ad
238 3182 432 3242 madum
447 3183 643 3254 ePssCOpum
661 3184 964 3244 Hildssoemenssem·
1021 3218 1123 3265 onere
1135 3202 1321 3263 debitorum
1334 3198 1479 3261 minetur
1492 3216 1559 3277 prae
1573 3200 1814 3262 vetustaterui-
1934 3235 1940 3244 -

453 3319 591 3377 {dmartii
607 3319 686 3378 liii.
1021 3315 1109 3372 nam,
1124 3301 1156 3361 et
1171 3299 1212 3359 ad
1230 3298 1476 3376 reparationem
1499 3299 1570 3374 ejus
1585 3297 1729 3374 propriae
1748 3313 1814 3358 non

289 3443 455 3507 [sinoncort
469 3442 623 3506 asperum,
640 3443 682 3502 111,
698 3443 738 3504 tt,
753 3457 781 3497 n.
797 3444 850 3510 aa]
1022 3396 1189 3458 sufficiant
1206 3394 1392 3466 facultates,
1410 3394 1660 3456 universitatem
1670 3394 1816 3456 vestram
1898 3459 1900 3463 ,

1022 3509 1190 3570 rogamus,
1217 3508 1390 3554 monemus
1425 3494 1460 3554 et
1486 3492 1660 3554 hortamur
1693 3492 1817 3554 attente

170 3568 207 3626 Ei
228 3566 345 3625 mandat
365 3573 396 3624 ut
415 3565 562 3639 provideat
576 3582 612 3625 ne
627 3566 779 3626 decaetero
801 3571 830 3626 in
852 3569 968 3627 dioecesi
1022 3593 1195 3667 quatenus,
1211 3605 1310 3666 quum
1326 3605 1440 3650 eorum
1465 3588 1602 3651 nuntius
1624 3588 1666 3649 ad
1685 3604 1744 3650 vos
1759 3603 1818 3649 ac,

209 3669 262 3712 sna
280 3655 374 3712 elerici
400 3654 435 3712 ab
459 3655 521 3712 aliis
544 3656 655 3713 clericis
674 3657 719 3712 vel
740 3657 821 3714 laicis
846 3659 967 3730 primam
1023 3686 1171 3760 cesserit,
1188 3687 1323 3763 propter
1336 3685 1400 3746 hoc
1413 3685 1764 3760 boneficiapestums,
1777 3685 1818 3745 de

208 3755 344 3800 ‘mnam
358 3741 510 3802 ¹⁰⁶¹⁸⁰¹⁰t⁰
525 3751 675 3815 mmm·
1022 3783 1119 3845 bonis
1132 3799 1152 3844 a
1167 3784 1234 3843 Deo
1244 3781 1341 3843 vobis
1355 3781 1496 3852 collatis,
1507 3781 1579 3857 pias
1588 3780 1818 3856 eleemosynas

213 3876 573 3952 Honoriusepiseopus,
584 3893 700 3939 servus
712 3892 885 3940 servorum
896 3879 966 3952 Dei,
1023 3880 1057 3941 et
1070 3880 1178 3956 gratia
1196 3879 1228 3939 ei
1247 3877 1395 3940 caritatis
1423 3877 1570 3937 subsidia
1596 3877 1751 3952 erogetis,
1782 3877 1818 3938 ut

173 3972 359 4035 venerabili
373 3972 470 4034 fratri
483 3974 637 4050 episcopo
651 3973 905 4048 Hildesemensi,
920 3991 970 4036 sa·
1024 3992 1084 4054 per
1097 3974 1348 4036 subventionem
1363 3973 1509 4036 vestram
1533 3989 1616 4049 opus
1635 3974 1702 4035 tam
1727 3975 1819 4050 pium

174 4069 278 4130 lutem
293 4068 326 4129 et
339 4069 561 4144 Apostolioam
574 4069 849 4132 benedictionem.
1024 4073 1057 4135 et
1072 4072 1227 4139 ,sanctum
1250 4071 1360 4132 valeat
1374 4069 1517 4131 feliciter
1540 4071 1764 4131 consummari
1786 4071 1819 4132 et

218 4165 335 4224 Mirari
371 4165 519 4240 cogimur
554 4167 587 4226 et
622 4168 749 4228 moveri
775 4167 860 4244 quod
885 4169 971 4230 sicut
1024 4185 1084 4232 vos
1098 4184 1158 4244 per
1172 4167 1244 4228 haec
1259 4168 1292 4228 et
1305 4167 1373 4228 alia
1387 4165 1485 4238 bona,
1502 4183 1575 4243 quae
1590 4167 1729 4228 Domino
1742 4159 1837 4227 ius-'

177 4260 276 4323 nobis
298 4260 429 4322 noviter
448 4260 499 4322 est
523 4262 681 4336 relatum,
702 4263 738 4323 in
760 4263 895 4326 dioecesi
913 4266 971 4327 tua
1025 4265 1154 4343 pirante
1163 4264 1320 4335 feceritis,
1332 4263 1373 4324 ad
1387 4265 1520 4324 aeternae
1531 4263 1667 4341 possitis
1682 4263 1820 4326 felicita-

176 4359 293 4420 clerici
308 4373 375 4418 non
395 4357 436 4419 ab
452 4359 606 4436 episcopo
623 4360 680 4421 sed
693 4359 825 4422 abaliis
840 4363 971 4424 clericis
1025 4363 1069 4424 tis
1082 4361 1205 4437 gaudia
1218 4361 1404 4437 pervenire.
1419 4361 1488 4421 Nos
1501 4361 1590 4422 enim
1602 4359 1642 4420 de
1667 4361 1820 4438 omnipo-
1857 4429 1860 4436 ,

177 4471 238 4518 seu
252 4455 348 4517 laicis
361 4457 502 4532 primam
517 4471 673 4518 coronam
686 4459 853 4535 recipiunt
866 4460 973 4521 indis·
1025 4460 1126 4522 tentis
1141 4458 1199 4519 Dei
1216 4456 1446 4519 misericordia
1462 4457 1495 4518 et
1503 4456 1676 4519 beatorum
1686 4459 1778 4520 Petri
1787 4459 1822 4520 et

178 4555 283 4624 crete,
306 4552 391 4628 quod
413 4554 465 4614 est
489 4569 626 4630 prorsus
648 4557 763 4616 contra
794 4559 972 4620 canonicas
1028 4554 1137 4627 Pauli,
1148 4553 1374 4633 apostolorum
1384 4557 1469 4630 ejuS,
1484 4554 1680 4615 auctoritate
1690 4553 1818 4624 confisi,

178 4649 379 4711 sanctiones.
405 4652 510 4722 Quum
537 4652 640 4726 igitur
665 4653 728 4714 boc
753 4669 814 4714 nec
838 4654 879 4714 ab
905 4655 973 4716 illis
1028 4651 1179 4714 omnibus
1195 4652 1251 4729 qui
1264 4651 1304 4712 ad
1316 4650 1467 4727 praedicti
1481 4651 1591 4726 operis
1607 4666 1821 4711 consumma-

178 4747 336 4825 praesumi
359 4761 419 4807 neo
439 4749 506 4809 ate
521 4747 639 4810 debeat
659 4749 830 4822 sustineri,
847 4750 972 4813 trater·
1027 4750 1152 4812 tionem
1163 4765 1297 4809 manum
1312 4747 1523 4824 porrexerint
1539 4746 1685 4822 pietatis,
1701 4746 1822 4821 viginti
1878 4811 1879 4816 ,
1901 4795 1905 4806 .

178 4844 272 4906 nitat'
285 4844 351 4904 tuae
361 4843 617 4919 perApostolica
627 4847 751 4922 scripta
761 4847 970 4919 mandamus,
1028 4847 1099 4908 dies
1120 4845 1160 4907 de
1175 4847 1324 4922 injuncta
1337 4843 1401 4904 sibi
1417 4843 1611 4919 poenitentia
1627 4843 1821 4904 misericor-

180 4941 353 5016 quatenus,
370 4955 412 5000 ne
433 4940 467 5000 id
489 4939 529 5001 de
544 4943 664 5003 caetero
686 4942 754 5014 flat,
769 4945 973 5019 generaliter
1029 4943 1114 5005 diter
1131 4943 1333 5004 relaxamus.
1351 4941 1470 5002 Datum
1495 4939 1663 5010 Laterani,
1679 4941 1739 5000 XV
1760 4939 1823 5000 ka-

180 5034 382 5097 interdicens
390 5051 490 5112 super
497 5036 776 5100 taliterordinatis
785 5041 973 5117 provideas,
1029 5041 1143 5102 lendas
1158 5040 1287 5118 aprilis,
1312 5037 1522 5115 pontificatus
1537 5037 1642 5097 nostri
1657 5052 1744 5096 anno
1760 5052 1820 5099 oc-

182 5132 278 5208 prout
301 5133 481 5194 secundum
512 5135 615 5194 Deum
650 5135 776 5197 videris
803 5138 972 5214 expedire.
1031 5139 1119 5200 tave.

217 5279 257 5354 (l)
277 5281 303 5337 ll
316 5279 405 5353 Epist.
421 5280 457 5340 ad
468 5281 606 5352 Corium,
619 5297 645 5340 c.
660 5297 688 5352 v,
703 5297 730 5340 v.
747 5283 791 5342 to.
838 5329 840 5334 .
