4226 6372
154 288 215 348 893

152 460 194 508 ac
221 437 480 504 clementissime
500 433 690 506 Benedicta,
711 448 771 510 pro
797 429 851 505 iis',
876 446 949 510 quae

153 541 236 602 binc
247 538 408 600 eventura
423 536 496 597 loco
508 531 823 604 didicisti,moestum
834 545 950 606 gerere

153 638 307 700 animum
323 651 331 695 ;
349 633 516 712 quoniam,
530 629 615 708 quod
631 628 733 690 semol
748 644 768 690 a
784 631 851 689 beo
863 642 951 705 prae-

154 736 262 796 fixum
277 731 338 800 est,
363 729 579 800 immutabile,
596 728 695 804 atque
718 724 948 796 irrevocabile,

154 832 239 894 solis
262 827 322 892 tibi
336 837 393 892 tuo
408 827 526 888 merito
542 825 710 887 concessis
729 822 950 884 habitantium

154 930 192 990 in
203 929 281 988 loco
294 923 487 996 animabus;
512 922 569 984 sed
589 921 696 982 aderit
715 917 950 998 omnipotentis

156 1025 219 1086 Dei
234 1022 430 1093 consolatio,
443 1037 515 1098 quae
530 1020 639 1080 locum
649 1019 750 1079 istum
765 1018 800 1078 in
814 1015 951 1092 amplio-

154 1137 240 1192 rem,
259 1121 292 1182 et
310 1119 413 1180 multo
441 1117 623 1189 meliorem,
647 1131 746 1192 quam
766 1130 866 1182 nunc,
887 1114 948 1184 est,

154 1218 312 1280 restituet
325 1216 465 1292 gradum
489 1214 522 1275 et
538 1214 639 1290 buJus
653 1212 780 1274 ordinis
800 1210 950 1272 doctriua

155 1305 948 1388 debociterumpertotumorbemradiabitloco;

156 1411 247 1490 quod
271 1413 345 1489 post
359 1408 506 1486 eJusdem
528 1406 632 1482 patris
648 1405 772 1466 obitum
797 1418 952 1464 consum·

156 1509 286 1571 matum
301 1509 361 1568 ast.
376 1507 462 1566 Nam
477 1520 496 1564 a
511 1501 736 1580 Longobardis
750 1503 901 1562 invasum
916 1499 951 1558 iu

156 1607 239 1681 igne
254 1604 436 1666 crematum
449 1603 513 1678 est3
531 1600 651 1662 iratres
665 1601 774 1662 autem
789 1598 831 1660 ad
845 1601 952 1675 Apos-

155 1703 294 1764 tolicam
323 1700 440 1762 Sedem
466 1698 636 1760 venientes
660 1713 704 1758 ex
737 1695 952 1758 concessione

75 1866 79 1872 ,
157 1799 269 1864 sancti
301 1797 557 1876 praedecessoris
585 1795 692 1856 nostri
716 1794 845 1870 Pelagii
852 1793 951 1870 juxta

157 1898 385 1958 Lateranense
408 1894 568 1971 palatium
593 1892 832 1954 monesterium
848 1905 950 1952 cons-

155 1993 347 2064 truxerunt,
364 1992 463 2068 atque
478 2007 538 2066 per
556 1989 721 2066 prolixum
741 1991 870 2064 tempus
885 1987 950 2046 ba-

155 2087 360 2150 bitaverunt.
375 2086 437 2148 Sed
451 2089 522 2164 jam
546 2099 619 2148 cum
637 2085 844 2162 omnipotens
865 2086 952 2145 Deus

157 2183 949 2252 censuissettiassinensecoenobiumrestaurare,

156 2297 199 2344 ac
228 2282 445 2344 coenobialam
474 2281 726 2352 institutionem,
763 2295 836 2358 quaa
873 2278 951 2339 inde

156 2379 361 2458 principium
377 2379 574 2456 sumpserat,
589 2394 632 2439 ex
646 2377 761 2439 eodem
781 2378 854 2438 loco
869 2391 951 2454 pro-

156 2493 294 2555 pagare,
312 2493 331 2538 a
349 2476 558 2538 sanctissimo
572 2477 731 2551 Gregorio
746 2477 802 2547 ΙΙΙ,
817 2474 951 2551 praeda·

156 2591 294 2638 cessore
309 2575 433 2646 nostro,
444 2573 617 2646 Petronas,
630 2573 768 2634 dilectus
782 2573 869 2632 lilius
878 2587 952 2632 nos·

156 2673 221 2745 ter,
237 2674 288 2735 est
302 2672 344 2733 ad
359 2670 615 2733 restaurandum
628 2668 782 2732 directus.
799 2669 860 2742 Qui
876 2685 951 2730 oum

157 2769 199 2830 ad
214 2769 365 2832 eumdem
376 2768 648 2839 locumvenisset,
665 2768 850 2828 communis
858 2768 952 2843 pater

155 2869 274 2930 noster
293 2866 472 2942 Gregorius
485 2881 528 2926 ex
551 2865 613 2924 boc
638 2865 760 2925 mundo
775 2864 949 2940 migravit3

155 2965 215 3026 sed
230 2965 304 3041 post
328 2965 399 3039 ejus
423 2976 597 3023 excessum
613 2961 648 3020 in
664 2961 747 3021 Sede
762 2960 952 3037 Apostolioa

156 3077 235 3124 cum
247 3059 395 3138 parvitas
415 3059 530 3119 nostra
552 3056 779 3130 successisset,
808 3074 890 3134 opus
910 3057 951 3118 ab

156 3159 217 3221 illo
231 3159 373 3234 coeptum
386 3155 421 3217 in
431 3155 675 3216 restauratione
688 3157 716 3231 ej
722 3154 834 3215 usdem
846 3170 953 3216 coeno-

155 3256 216 3328 bii,
235 3255 414 3331 adJuvante
425 3253 575 3324 Domino,
588 3252 628 3313 ad
640 3251 738 3312 linem
758 3268 863 3330 usque
875 3267 953 3328 per-

158 3353 326 3414 duximus,
335 3354 413 3412 Haec
424 3351 533 3411 autem
546 3350 661 3410 eodem
672 3349 736 3423 die,
745 3351 953 3428 quesanctis·

157 3451 236 3511 simi
245 3449 350 3527 patris
366 3447 547 3509 Ecclesiam
559 3446 793 3524 dedicavimus
806 3449 952 3525 parvitas

158 3548 291 3610 nostras
306 3544 425 3606 obtulit
442 3544 544 3606 libros
565 3546 695 3606 sancte
715 3545 904 3622 scripturae,
920 3549 953 3609 et

158 3643 282 3706 librum
307 3642 451 3718 regulae,
476 3657 573 3719 quem
601 3643 831 3704 sanctissimus
858 3644 953 3720 pater

158 3755 262 3802 manu
275 3737 410 3817 propria
425 3738 620 3816 scripserat;
648 3739 775 3816 pondus
794 3741 893 3802 etiam
905 3741 951 3801 li-

159 3837 229 3899 brae
242 3839 349 3914 panis,
366 3838 399 3898 et
425 3851 615 3897 mensuram
636 3837 718 3905 vini,
735 3853 796 3898 nec
814 3853 881 3900 non
896 3839 950 3900 di-

159 3949 268 4005 versa,
286 3949 359 4011 quae
383 3933 424 3993 ad
449 3933 710 3994 ecclesiasticum
730 3935 951 3998 ministerium

160 4029 327 4106 pertinent
337 4021 543 4102 ornamenta,
562 4031 594 4092 et
606 4033 835 4106 possessiones
850 4038 952 4111 Apos-

159 4126 261 4188 tolioa
272 4125 471 4188 liberalitate
483 4126 716 4188 concessimus.
730 4130 878 4198 Qualiter
889 4147 952 4192 au·

160 4224 226 4286 tom
241 4223 388 4302 ejusdem
398 4223 501 4300 patris
513 4224 663 4300 pignora,
674 4226 865 4303 sororisque
878 4230 950 4304 ejus

160 4324 238 4384 sunt
247 4321 355 4399 posita
371 4321 608 4398 perspicientes
624 4337 663 4382 ac
680 4322 877 4386 intemerata
892 4325 949 4386 in-

158 4417 345 4489 venientes,
370 4431 429 4492 pro
444 4417 631 4477 reverentia
652 4418 737 4479 tanti
751 4419 854 4494 patris
875 4420 952 4480 tan-

159 4531 239 4591 gere
264 4514 400 4575 minime
428 4513 502 4574 ausi
529 4529 653 4574 sumus.
677 4515 714 4575 ln
742 4515 967 4584 dedicatione,

158 4610 950 4689 mmmmmmmmm

159 4709 431 4786 archiepiscopis,
448 4711 481 4770 et
500 4709 674 4784 sexaginta
687 4712 760 4772 octo
785 4711 950 4788 episcopis

160 4807 362 4878 adessemus,
379 4804 467 4866 idem
481 4805 715 4868 dilectissimus
736 4805 824 4868 tilius
840 4811 951 4871 noster

160 4901 950 4984 postularecoepit,quatenuspossessiones,quae

160 5002 268 5062 eidem
294 4999 496 5061 monasterio
516 4999 634 5064 oblatae
663 5003 786 5075 sunta
809 5003 949 5080 quibus-

161 5113 301 5174 cumque
312 5097 475 5169 fidelibus,
492 5113 552 5174 per
573 5099 723 5158 nostrum
738 5099 950 5177 privilegium

160 5194 418 5268 roboraremus;
450 5193 586 5256 illorum
624 5195 811 5266 desideriis,
839 5201 951 5276 utpote

160 5289 353 5353 amabilium
364 5291 549 5364 innuentes,
563 5292 635 5354 baec
648 5309 709 5370 per
723 5310 870 5370 praesens
880 5297 952 5373 pri·-

159 5388 329 5464 vilegium,
361 5405 473 5465 quasa
498 5389 593 5452 nobis
624 5391 766 5470 aliisque
800 5393 951 5458 fidelibus

162 5499 319 5546 concessa
337 5485 424 5555 sunt,
439 5485 475 5546 in
492 5487 606 5548 eodem
621 5487 694 5549 loco
706 5488 742 5548 iu
758 5491 952 5565 perpetuum

162 5579 462 5642 roboramus.1tem
479 5582 564 5644 inira
580 5601 587 5644 :
603 5587 775 5648 Praeterea
788 5585 949 5648 corrobo-

776 271 1004 334 EPISTOLAE.
1026 265 1105 333 bia.
1130 271 1184 332 lx.

1738 273 1797 334 set

1005 445 1131 502 ramus,
1160 429 1259 506 atque
1281 429 1317 490 in
1341 432 1536 508 perpetuum
1560 429 1795 498 confirmamus

1007 528 1114 589 eidem
1136 527 1257 589 dilecto
1276 526 1357 600 filio,
1383 530 1520 606 ejusque
1534 529 1794 604 successoribus,

1006 624 1145 686 inomni
1173 626 1339 686 conventu
1362 625 1593 702 episcoporum
1619 628 1652 689 et
1665 627 1795 704 princi-

1007 738 1084 799 pum
1097 722 1302 799 superiorem
1316 721 1468 786 omnibus
1478 723 1653 786 abbatibus
1667 726 1795 800 sedere,

1007 819 1083 881 etin
1099 817 1252 881 conciliis
1264 819 1297 882 et
1319 819 1456 896 judiciis
1477 819 1622 896 priorem
1637 823 1689 882 sui
1702 823 1796 884 ordi-

1006 915 1222 978 nisomnibus
1248 917 1447 980 sententiam
1465 917 1794 996 prolerreproreve-

1005 1015 1113 1074 rentia
1129 1013 1213 1074 tanti
1241 1014 1318 1086 loci,
1337 1015 1394 1091 qui
1413 1015 1553 1093 primam
1580 1016 1613 1076 et
1634 1032 1796 1080 summam

1005 1111 1196 1172 monasticas
1220 1110 1464 1186 legislationem
1487 1113 1522 1171 in
1551 1113 1666 1174 eodem
1686 1116 1798 1176 Cassi-

1005 1209 1101 1268 nensi
1119 1208 1268 1269 coeuobio
1288 1208 1447 1282 scribone,
1464 1209 1565 1272 verbo
1584 1211 1617 1272 et
1632 1214 1795 1289 exemplo,

1007 1304 1189 1366 coenobiale
1204 1307 1410 1383 propositum
1425 1308 1657 1384 appetentibus
1676 1309 1712 1370 in
1729 1311 1795 1390 toto

1006 1402 1127 1463 mundo
1138 1403 1208 1463 sole
1220 1403 1342 1465 clarius
1353 1403 1506 1466 vibravit
1524 1408 1589 1466 Pro
1607 1423 1671 1484 quo
1687 1408 1798 1471 Cassi-

1006 1515 1109 1560 nense
1119 1499 1305 1562 coenobium
1321 1501 1508 1563 exaltantes
1520 1502 1740 1576 decernimus,
1757 1521 1797 1576 ac

1006 1597 1250 1674 inperpetuum
1270 1598 1514 1672 confirmamus,
1532 1602 1568 1664 ut
1586 1602 1796 1678 supradictus

1007 1693 1099 1755 locus
1122 1694 1296 1770 dignitate,
1326 1696 1441 1772 vigore
1480 1698 1514 1760 et
1543 1699 1797 1762 honorificentia

1006 1791 1598 1874 praecellatomniamonasteria,quae
1608 1799 1797 1860 constructa

1007 1889 1060 1950 vel
1075 1889 1296 1952 construenda
1311 1891 1388 1954 sunt
1398 1891 1432 1952 in
1442 1892 1510 1954 toto
1523 1893 1602 1954 orbe
1616 1895 1795 1972 terrarum3

1007 1985 1175 2063 abbasque
1201 1987 1348 2064 ejusdem
1361 1987 1425 2049 loci
1445 1989 1566 2051 celsior
1577 2007 1619 2052 aa
1634 1992 1797 2057 celebrior

1006 2083 1289 2145 existatomnibus
1302 2084 1475 2147 abbatibus
1485 2087 1634 2148 eamdem
1644 2090 1795 2165 regulam

1006 2181 1205 2242 tenentibus.
1222 2181 1282 2242 llla
1303 2182 1358 2243 lex
1370 2184 1544 2246 monastici
1560 2186 1686 2246 ordinis
1700 2189 1798 2264 caput

1006 2279 1118 2340 teneat
1141 2295 1180 2340 ac
1203 2279 1436 2356 principatum,
1461 2281 1516 2342 ubi
1541 2283 1689 2358 eJusdem
1711 2285 1796 2360 legis

1007 2375 1190 2453 descriptor
1213 2377 1421 2450 Benedictus,
1449 2379 1544 2455 pater
1568 2381 1798 2447 sanctissimus

1008 2474 1156 2534 eamdem
1173 2474 1362 2536 describens
1389 2476 1610 2553 promulgavit
1634 2479 1796 2554 regulam,

1006 2570 1118 2648 ibique
1130 2571 1265 2634 abbates
1278 2573 1473 2634 etmonacbi
1483 2574 1643 2636 honorem
1654 2591 1693 2636 ac
1707 2592 1799 2640 reve·

1007 2670 1149 2730 rentiam
1164 2668 1324 2740 deterant,
1339 2670 1373 2730 et
1384 2668 1431 2728 ibi
1446 2671 1601 2745 usquead
1613 2671 1699 2732 diem
1710 2672 1799 2749 jndi-

1007 2767 1051 2826 cii
1080 2767 1231 2843 quaerant
1256 2765 1437 2836 doctorem,
1473 2766 1529 2826 ubi
1559 2769 1797 2831 monachorum

1008 2862 1207 2923 universalis
1229 2861 1389 2936 magister
1411 2865 1444 2923 et
1463 2863 1576 2925 doctor
1586 2866 1795 2940 Benedictus,

1006 2959 1100 3034 pater
1114 2958 1277 3019 almificus
1288 2959 1506 3034 corporaliter
1518 2977 1583 3022 una
1597 2978 1671 3022 cum
1682 2979 1797 3025 sorore

1007 3071 1067 3118 sua
1080 3057 1265 3133 quiescens,
1280 3056 1698 3131 gloriosaeresurrectionis
1710 3061 1798 3122 diem

1007 3153 1187 3229 exspectat.

1047 3249 1206 3312 Defuncto
1221 3251 1331 3312 autem
1345 3250 1462 3314 abbate
1471 3269 1513 3314 ex
1525 3270 1561 3315 se
1573 3255 1646 3330 ipsa
1659 3272 1800 3333 congre-

1007 3347 1796 3430 gatiosecuudumsaniusconsiliumsapientum,
1862 3367 1867 3377 ’

1007 3447 1040 3508 et
1052 3447 1220 3508 saniorum
1241 3446 1380 3509 fratrum
1395 3447 1459 3508 sibi
1474 3449 1626 3512 abbatem
1637 3452 1750 3528 eligat,
1767 3453 1799 3516 et

1006 3545 1204 3620 Apostolicae
1232 3544 1326 3605 Sedis
1355 3545 1507 3606 Pontifici
1537 3548 1800 3611 confirmandum

1007 3643 1040 3702 et
1062 3641 1322 3704 consecrandum
1351 3641 1517 3704 exhibeat.
1537 3646 1676 3721 Insuper
1688 3648 1798 3708 autom

1007 3739 1163 3814 praesenti
1178 3738 1354 3814 privilegio
1365 3740 1590 3815 supradictum
1606 3741 1716 3803 locum
1731 3761 1799 3805 una

1007 3851 1082 3896 cum
1097 3835 1248 3897 omnibus
1264 3835 1327 3898 sibi
1347 3835 1587 3911 pertinentibus
1601 3840 1752 3900 ecclesiis
1767 3840 1799 3903 et

1006 3930 1273 4010 possessionibus
1288 3932 1494 4006 roboramus
1511 3935 1609 4011 atque
1621 3939 1658 3998 ut
1671 3937 1798 4000 nullius

1007 4031 1145 4092 alterius
1176 4028 1337 4101 ecclesiae,
1367 4030 1432 4091 nisi
1461 4033 1603 4094 Romani
1625 4035 1797 4101 Pontificis

1007 4126 1186 4189 ditionibus
1203 4126 1424 4200 submittatur,
1440 4130 1638 4192 anctoritate
1650 4135 1794 4209 Aposto-

1006 4225 1070 4286 lica
1083 4224 1386 4299 interdicimus3ita
1402 4228 1438 4287 ut
1448 4225 1513 4286 nisi
1522 4227 1564 4288 ab
1576 4227 1693 4292 abbate
1708 4231 1761 4294 vel
1778 4247 1798 4294 a

1006 4322 1184 4399 praeposito
1199 4320 1300 4383 luerit
1311 4321 1669 4390 invitatus,missarum
1682 4329 1799 4390 solem·

1005 4419 1800 4501 nitatemnullusepiscopuscelebrarepraesumat

1005 4517 1041 4576 in
1056 4516 1181 4578 eisdem
1196 4517 1475 4594 possessionibus.
1493 4521 1584 4590 Quod
1601 4536 1620 4581 a
1643 4523 1799 4597 prasenti

1005 4614 1113 4690 prima
1126 4614 1305 4676 indictione
1318 4615 1582 4678 irrevocabiliter
1592 4617 1666 4678 etin
1679 4635 1800 4696 perpa-

1005 4712 1098 4773 tuum
1128 4711 1315 4774 stabilimus
1337 4713 1558 4786 retinendum,
1587 4717 1620 4776 et
1646 4731 1720 4776 cum
1737 4715 1799 4778 Dei

1005 4809 1124 4871 timore
1165 4809 1382 4872 servandum.
1426 4809 1615 4872 statuentes
1661 4812 1800 4892 insuper

1005 4905 1193 4983 Apostolioa
1206 4922 1358 4978 censura,
1374 4905 1433 4967 sub
1443 4907 1545 4968 divini
1551 4907 1671 4984 judicii
1683 4910 1799 4972 obser-

1005 5004 1139 5066 vatione
1155 5004 1187 5066 et
1208 5003 1327 5065 validis
1350 5005 1448 5082 atque
1467 5004 1637 5067 atrocibus
1652 5009 1797 5070 anathe-

1006 5101 1103 5163 matis
1126 5100 1426 5173 interdictionibus,
1449 5102 1484 5163 ut
1511 5103 1624 5165 nullus
1652 5121 1796 5184 unquam

1007 5197 1152 5278 qualibet
1166 5198 1338 5274 dignitate,
1362 5199 1420 5261 aut
1443 5199 1604 5276 potestate
1619 5203 1798 5279 praedictus

1005 5298 1186 5374 praesumat
1213 5295 1319 5358 eidem
1346 5297 1548 5359 monasterio
1572 5299 1626 5360 vel
1645 5302 1798 5364 omnibus

1007 5397 1079 5471 ejus
1104 5393 1371 5471 possessionibus
1399 5395 1466 5455 vim
1500 5394 1623 5457 inferre
1651 5399 1705 5460 vel
1730 5399 1799 5460 ali·

1006 5491 1085 5570 quid
1107 5491 1148 5552 de
1177 5491 1230 5552 bis
1250 5490 1463 5569 aliquomodo
1487 5492 1630 5565 auferre,
1647 5495 1701 5556 vel
1716 5496 1800 5560 alie-

1006 5599 1099 5659 nare,
1114 5587 1172 5648 sod
1198 5589 1230 5649 et
1245 5603 1305 5650 nec
1325 5589 1427 5666 pacis,
1445 5603 1505 5650 noc
1527 5589 1701 5654 barbarico
1715 5594 1801 5657 tem-
