4244 6374
134 283 195 344 637
739 281 967 344 EPISTOLAE.
990 283 1069 344 LIB.
1093 285 1178 347 VIII.

1720 291 1781 352 638

135 438 242 502 tribus
262 438 432 502 milliariis
450 456 470 501 a
485 439 559 502 loco
573 438 630 501 ubi
645 438 746 502 fuerit
759 443 928 504 Romanus
984 442 1168 530 indictione
1205 445 1283 515 illl,
1319 444 1562 508 incarnationis
1599 448 1781 512 Dominicae

134 536 302 614 pontifex,
340 553 473 600 crucem
505 540 538 600 et
568 536 826 600 tintinnabulum
854 539 927 602 sine
982 555 1071 602 anno
1090 541 1290 613 Mcoxxiv,
1317 541 1529 618 pontificatus
1552 559 1633 608 vero
1653 545 1780 608 domini

134 634 397 698 contradictione
407 634 553 713 qualibet
567 633 609 695 de
622 633 928 712 sedisapostolicae

133 731 269 793 licentia
293 731 462 810 deferatis,
484 731 517 794 et
535 731 680 808 signare,
700 747 739 794 ac
765 732 927 810 signando

133 827 340 902 benedicere,
357 829 555 907 ubicumque
568 845 642 890 cum
655 829 822 906 praedictis
841 831 929 891 insi-

133 926 253 1002 gnibus
277 927 418 1000 fueritis,
448 925 521 988 sine
543 926 813 1004 praesumptionis
835 929 925 1000 nota,

132 1023 279 1099 possitis,
302 1024 499 1086 auctoritate
532 1023 722 1100 Apostolica
744 1023 926 1085 conflrma-

132 1135 217 1189 mus,
235 1120 451 1182 salvatamen
466 1121 693 1182 moderatione
708 1121 848 1183 Concilii
863 1138 926 1197 ge-

131 1217 269 1278 neralis.
283 1218 467 1280 Libertates
491 1234 632 1296 quoque,
655 1218 688 1280 ot
709 1218 926 1281 rationabiles

131 1329 170 1376 ao
192 1314 391 1390 approbatas
413 1316 670 1378 consuetudines
687 1317 838 1378 ecclesiae
861 1317 926 1378 tuae

130 1411 325 1484 incivitate,
343 1412 479 1474 dioecesi
496 1414 549 1474 vel
567 1413 742 1489 metropoli
762 1416 834 1490 ejus
859 1414 926 1475 lam

130 1509 220 1569 circa
248 1508 448 1585 spiritualia,
477 1525 575 1586 quam
601 1509 808 1585 temporalia,
842 1510 929 1571 sicut

128 1620 188 1666 eas
203 1607 293 1683 juste
313 1621 352 1666 ac
367 1605 506 1682 pacifice
524 1605 660 1678 obtinet,
677 1606 925 1668 confirmamus.

127 1703 177 1762 Ad
194 1702 266 1762 haec
288 1701 471 1762 districtius
496 1701 697 1771 inhibemus,
713 1703 841 1780 nequis
859 1705 928 1765 ter-

128 1813 199 1870 ras,
221 1798 279 1860 aut
299 1797 451 1859 homines
476 1799 581 1875 ipsius
601 1800 752 1860 ecclesiae
776 1800 929 1862 ubicum-

128 1911 195 1972 que
215 1895 408 1967 consistant,
426 1895 582 1957 indebitis
602 1897 634 1958 et
658 1896 804 1959 insolitis
817 1898 927 1960 servi-

128 1991 200 2063 tiis,
216 1991 270 2054 vel
283 1992 513 2054 exactionibus
528 2009 713 2069 aggravare
733 1995 924 2070 praesumat.

170 2089 336 2150 Praeterea
364 2090 442 2166 quia
467 2089 609 2152 ecclesia
637 2091 694 2152 tua
721 2090 839 2176 gravia
853 2090 925 2153 fre-

125 2185 268 2264 quenter
295 2185 417 2248 dicitur
448 2187 631 2249 incurrisse
659 2187 849 2264 dispendia,
882 2203 927 2250 ex

126 2297 168 2344 eo
193 2282 278 2360 quod
305 2282 569 2360 praedecessores
594 2285 643 2347 tui
670 2300 738 2346 non
766 2285 926 2347 adhibitis

126 2378 267 2441 testibus
289 2382 533 2443 consueverunt
553 2397 631 2443 suos
653 2381 825 2444 celebrare
839 2398 924 2445 con-

125 2476 253 2538 tractus
285 2497 293 2538 2
331 2477 479 2540 volentes
518 2479 729 2542 indemnitati
773 2481 845 2557 eius
889 2481 925 2541 in

126 2574 297 2650 posterum
310 2590 512 2651 praecavere,
525 2576 707 2639 districtius
722 2577 923 2651 inhibemus,

126 2685 170 2732 ne
194 2671 383 2733 contractus
405 2673 512 2754 ipsius
533 2673 683 2736 ecclesiae
703 2674 776 2735 sine
790 2675 925 2736 adhibi-

124 2767 217 2830 tione
240 2769 373 2830 testium
396 2768 438 2831 de
457 2770 580 2832 caetero
602 2770 823 2843 celebrentur,
844 2773 925 2833 etsi

126 2865 185 2942 qui
214 2865 332 2928 amodo
359 2865 440 2928 iacti
472 2865 597 2929 fuerint
619 2867 747 2930 viribus
773 2871 924 2938 careant,

124 2963 296 3039 tamquam
315 2965 432 3024 contra
446 2961 680 3026 inhibitionem
700 2965 926 3041 Apostolicam

124 3059 292 3122 attentati.
308 3059 524 3120 Decernimus
536 3075 628 3135 ergo,
643 3061 679 3123 ut
691 3061 776 3122 nulli
788 3062 925 3124 omniuo

124 3156 300 3218 hominum
315 3155 415 3217 liceat
426 3155 599 3233 praefatam
611 3157 787 3219 ecclesiam
801 3158 925 3222 temere

124 3252 334 3331 perturbare,
351 3254 410 3315 aut
431 3255 503 3330 ejus
525 3255 756 3331 possessiones
780 3256 923 3330 auferre,

123 3351 181 3414 vel
200 3349 328 3412 ablatas
349 3351 506 3423 retinere,
524 3351 686 3424 minuere,
708 3369 768 3414 seu
783 3353 924 3431 quibus-

123 3447 210 3508 libet
224 3447 458 3509 raxationibus
477 3448 635 3525 fatigar03
659 3450 717 3512 sed
742 3451 854 3512 omnia
872 3453 927 3514 in-

121 3545 222 3620 tegra
257 3545 498 3606 conserventur
531 3559 658 3618 eorum,
689 3561 749 3622 pro
785 3562 926 3624 quorum

121 3639 371 3717 gubernatione
381 3655 421 3702 ac
431 3641 671 3704 sustentatione
682 3658 841 3705 concessa
850 3645 927 3707 sunt

123 3735 245 3799 usibus
274 3737 472 3799 omnimodis
500 3738 689 3815 profutura,
713 3740 806 3802 salva
831 3741 926 3802 Sedis

125 3833 328 3911 Apostolicae
343 3833 552 3897 auctoritate.
570 3837 606 3897 Si
621 3851 685 3913 qua
706 3837 810 3912 igitur
823 3838 859 3899 in
873 3837 928 3899 hr-

127 3933 242 3993 turum
274 3931 512 4005 ecclesiastica,
541 3934 755 3996 saeculerisve
783 3950 927 4012 persona

125 4028 216 4090 hanc
229 4030 351 4091 nostrae
367 4029 613 4092 constitutionis
632 4031 789 4107 paginam
803 4033 924 4106 sciens,

126 4126 244 4188 contra
270 4141 343 4188 eam
367 4127 493 4188 temere
513 4127 630 4190 venire
654 4117 842 4202 tentavmit,
868 4145 925 4192 se-

126 4217 927 4295 cundotertiovecommonita,nisiredtumsuum

127 4335 277 4396 congrua
295 4319 521 4382 satisfactione
536 4323 737 4396 correxerit;
756 4324 928 4399 potestatis

126 4416 331 4494 honorisque
344 4417 395 4478 sui
408 4418 522 4479 careat
536 4417 708 4495 dignitate,
718 4434 876 4497 reamque
891 4437 928 4483 se

126 4513 243 4575 divino
259 4513 386 4590 judicio
408 4515 564 4588 existere,
585 4515 625 4577 de
646 4516 835 4594 perpetrata
859 4517 928 4578 ini-

126 4609 255 4688 quitate
270 4612 457 4686 cognoscat,
471 4612 504 4674 61
515 4626 536 4673 a
547 4613 778 4676 sacratissimo
789 4631 928 4692 corpore

126 4707 161 4769 61
184 4707 351 4782 sanguine
376 4708 447 4781 Dei,
476 4725 516 4770 ac
540 4711 672 4772 Domini
697 4711 928 4789 Redemptoris

125 4803 238 4868 nostri
252 4807 333 4866 Jesu
354 4805 477 4868 Christi
491 4805 602 4868 aliena
622 4807 690 4880 liat,
706 4809 806 4886 atque
818 4809 852 4870 in
867 4825 929 4871 ex-

127 4901 236 4964 tremo
253 4901 408 4963 examine
432 4901 591 4965 districtae
607 4903 779 4983 subjaceat
796 4907 927 4979 ultioni,

129 4997 263 5061 Cunctis
281 4997 391 5060 autem
403 4998 511 5060 eidem
526 4999 598 5062 loco
613 5017 674 5062 sua
687 5005 767 5080 jura
788 5019 929 5067 servan-

127 5094 218 5156 tibus
246 5094 290 5158 sit
314 5111 382 5173 pax
409 5097 541 5158 Domini
567 5097 673 5160 nostri
694 5102 776 5161 lesu
791 5101 925 5174 Christi,

130 5192 293 5269 quatenus
305 5194 340 5255 et
350 5193 405 5255 hio
419 5193 563 5255 hactum
577 5193 673 5257 bonae
690 5193 832 5258 actionis
844 5214 926 5275 per-

130 5289 267 5365 cipiant,
282 5290 314 5353 61
329 5291 415 5366 apud
429 5291 617 5354 districtum
626 5291 774 5370 judicem
789 5297 927 5371 praemia

131 5386 264 5449 aeternae
283 5387 375 5465 pacis
392 5389 575 5451 inveniant.
591 5385 708 5452 dinen.
726 5392 844 5454 Datum
859 5394 927 5454 La-

982 637 1122 702 Honorii
1136 653 1231 716 papae
1244 641 1290 702 111
1302 653 1391 702 anno
1410 640 1538 704 octavo.

1293 941 1465 1030 CCXVII

981 1093 1034 1152 Ad
1048 1093 1244 1166 episcopum
1259 1093 1292 1154 ct
1307 1096 1589 1156 archidiaconum
1605 1096 1779 1156 aretinos.

1274 1223 1307 1281 ll
1322 1224 1390 1281 mail
1404 1224 1483 1282 liii.

1063 1345 1213 1410 [liittarelli
1225 1345 1319 1398 Annsl.
1339 1347 1490 1407 camaldul,
1504 1348 1548 1408 IV,
1560 1362 1620 1413 app.
1633 1347 1700 1411 1311]

982 1471 1099 1530 liandat
1108 1478 1139 1529 ut
1148 1486 1263 1529 causam
1275 1472 1349 1530 inter
1357 1471 1580 1530 fratreslleremi
1588 1472 1782 1533 camaldulen·

1017 1559 1057 1616 sis
1066 1566 1094 1616 et
1102 1559 1300 1617 ulceoomitem
1309 1559 1344 1616 de
1353 1561 1501 1632 campilio,
1511 1561 1599 1617 laicos
1607 1561 1781 1634 clericosque

1018 1649 1153 1705 Senensis
1176 1656 1205 1705 et
1225 1649 1347 1706 Clusina
1366 1647 1522 1706 dioecesum
1541 1663 1627 1720 super
1642 1648 1780 1707 reforma·

1017 1736 1095 1793 tione
1111 1736 1277 1793 monasterii
1297 1735 1333 1793 de
1345 1736 1418 1800 Vivo
1432 1737 1601 1793 existentem
1616 1735 1758 1794 decidant.

1022 1861 1191 1923 Honorius
1226 1862 1419 1939 episcopus,
1456 1877 1573 1923 servus
1609 1878 1781 1924 servorum

981 1958 1056 2030 Dei,
1082 1958 1266 2021 venerabili
1293 1958 1389 2020 fratri
1416 1959 1572 2036 episcopo
1598 1961 1631 2020 et
1658 1958 1779 2022 dilecto

981 2055 1049 2117 illio
1061 2055 1297 2117 archidiacono
1306 2056 1464 2128 aretinis,
1477 2055 1618 2117 salutem
1631 2056 1664 2119 et
1677 2060 1780 2134 Apos-

980 2153 1115 2214 tolicam
1130 2153 1407 2214 benedictionem.

1019 2250 1140 2311 Dilecti
1163 2249 1225 2310 tilii
1248 2250 1341 2326 prior
1363 2249 1396 2312 et
1422 2248 1542 2312 fratres
1557 2250 1693 2310 Heremi
1716 2251 1780 2312 Ca-

981 2347 1199 2408 maldulensis
1237 2362 1331 2408 suam
1364 2346 1407 2408 ad
1440 2362 1501 2408 nos
1528 2346 1780 2423 quaerimoniam

981 2444 1202 2515 destinarunt,
1220 2444 1345 2522 quod...
1361 2444 1547 2507 vicecomes
1564 2443 1606 2504 de
1620 2443 1781 2521 campilio

980 2543 1013 2604 et
1034 2542 1170 2620 quidam
1196 2541 1255 2602 alii
1282 2541 1396 2603 clerici
1419 2542 1453 2602 et
1474 2540 1554 2602 laici
1576 2541 1733 2602 Senensis
1748 2541 1781 2604 et

980 2639 1123 2700 Clusinae
1137 2639 1316 2703 dioecesum
1331 2653 1432 2714 super
1444 2637 1682 2698 reformatione
1695 2638 1782 2715 ipso·

980 2753 1052 2797 rum
1068 2735 1263 2797 monasterii
1277 2735 1318 2796 de
1330 2735 1415 2796 Vivo
1431 2749 1551 2810 graves
1566 2735 1616 2794 eis
1631 2734 1781 2796 existunt

980 2833 1160 2909 plurimum
1184 2832 1217 2894 et
1239 2831 1381 2892 molesti.
1408 2830 1550 2908 Ideoque
1573 2829 1781 2893 fraternitati

980 2932 1046 2991 tuae
1085 2945 1144 3006 per
1177 2927 1369 3005 apostolica
1407 2928 1530 3003 scripta
1570 2926 1778 3002 mandamus,

980 3026 1144 3104 quatenus
1158 3025 1308 3102 partibus
1329 3025 1520 3087 convocatis
1539 3024 1683 3085 audiatis
1699 3039 1782 3086 cau-

981 3139 1063 3193 sam,
1075 3124 1109 3186 et
1118 3123 1342 3202 appellatione
1353 3123 1492 3196 remota,
1506 3121 1571 3184 line
1587 3121 1695 3184 debito
1710 3123 1782 3187 tor·

980 3221 1128 3294 minatis,
1162 3221 1323 3282 facientes
1355 3220 1441 3298 quod
1475 3219 1691 3281 decreveritis
1718 3235 1781 3296 per

980 3335 1155 3380 censuram
1168 3319 1428 3380 ecclesiasticam
1439 3317 1581 3379 firmiter
1593 3316 1766 3379 observari

979 3417 1093 3478 Testes
1108 3416 1235 3489 autem,
1256 3416 1318 3478 etc.
1335 3418 1453 3478 Datum
1468 3414 1636 3486 Laterani,
1653 3417 1684 3475 11
1702 3413 1779 3475 idus

981 3514 1073 3585 maii,
1091 3513 1302 3590 pontificatus
1316 3513 1423 3576 nostri
1435 3528 1523 3576 anno
1538 3512 1667 3574 octavo.

1283 3796 1477 3884 CCXVIII

1070 3951 1121 4009 Ad
1139 3947 1367 4024 praepositum
1388 3947 1628 4020 arrepticiam
1649 3949 1689 4006 de

1242 4047 1495 4120 Berperdorpe.

1276 4174 1310 4232 lt
1323 4174 1389 4232 maii
1405 4173 1484 4231 1111.

1013 4289 1197 4356 [lappenberg
1207 4287 1344 4352 hamburg.
1355 4287 1570 4346 Urkundenbnch,
1581 4285 1745 4352 1,117,179.]

982 4419 1039 4474 Eos
1060 4429 1126 4473 cum
1150 4413 1282 4472 omnibus
1302 4413 1385 4470 bonis
1404 4412 1457 4472 sub
1477 4410 1554 4470 beati
1576 4413 1652 4470 Petri
1675 4420 1704 4470 et
1726 4427 1778 4470 sua

1220 4503 1396 4574 protectione
1410 4501 1537 4574 suscipit.

1021 4620 1188 4682 Honorius
1198 4620 1384 4696 episcopus,
1394 4633 1510 4679 servus
1521 4632 1693 4678 servorum
1702 4618 1774 4688 Dei,

982 4717 1112 4781 dilectis
1131 4717 1209 4779 tiliis
1224 4716 1402 4794 praeposito
1417 4714 1450 4776 et
1462 4713 1607 4790 capitulo
1630 4713 1671 4774 de
1694 4715 1780 4774 Ber-

982 4814 1154 4892 gerdorpe‚
1168 4814 1310 4876 salutem
1325 4815 1358 4874 61
1372 4811 1595 4888 apostolicam
1614 4809 1773 4872 benedic-

981 4913 1118 4974 tionem.

1021 5010 1125 5072 Justis
1155 5007 1336 5086 petentium
1365 5002 1540 5066 desideriis
1566 5002 1702 5079 dignum
1727 5005 1779 5066 ost

981 5121 1042 5168 nos
1054 5107 1186 5168 facilem
1201 5103 1350 5182 praebere
1369 5115 1542 5164 assensum
1561 5100 1595 5162 ot
1612 5100 1689 5162 rota
1704 5115 1778 5178 quae

982 5205 1161 5266 arationis
1183 5201 1316 5264 tramite
1337 5215 1405 5262 non
1428 5198 1631 5270 discordant,
1657 5197 1779 5260 effectu

982 5301 1201 5378 prosequente
1216 5296 1392 5375 complere.
1404 5295 1599 5372 liapropter,
1614 5293 1727 5356 dilecti
1741 5293 1778 5354 in

982 5397 1112 5459 Christo
1123 5394 1327 5468 lilii,vestris
1334 5393 1435 5472 justis
1445 5391 1599 5470 precibus
1610 5391 1777 5462 inclinati,

131 5482 259 5556 terani,
295 5499 355 5562 per
396 5501 530 5548 manum
574 5486 726 5563 magistri
767 5489 927 5552 (luidonis
982 5510 1142 5572 personas
1165 5493 1288 5555 vestris
1308 5492 1408 5569 justis
1432 5489 1585 5568 precibus
1611 5488 1777 5557 inclinati,

133 5576 258 5639 domini
283 5595 377 5657 papae
403 5583 537 5656 notarii,
564 5584 708 5647 secundo
732 5585 808 5646 idus
833 5587 925 5661 maii,
982 5587 1233 5665 estisobsequio
1249 5587 1441 5664 mancipati,
1459 5600 1533 5648 cum
1551 5582 1703 5646 omnibus
1718 5583 1779 5645 bo-
