4226 6372
352 209 410 270 ess
644 260 647 268 ,
964 204 1141 266 sonoro
1164 204 1209 265 111
1231 204 1379 268 ornas.
1441 169 1444 176 ’
1937 211 1998 270 aaa

353 378 456 430 cessae
471 366 618 444 capellae,
639 367 726 428 sicut
746 367 844 427 antea
865 365 937 427 11011
957 363 1141 434 consuevit,
1197 365 1341 426 vestram
1367 363 1408 426 ad
1432 377 1550 428 manus
1574 367 1705 428 nosbas
1729 367 1817 428 sicut
1839 365 1997 430 civitates

353 465 395 526 de
413 463 595 526 redditibus
613 463 865 540 prebendarum
881 479 1028 534 suarum,
1043 477 1143 539 quum
1198 462 1385 537 Carnpaniae
1396 463 1596 536 teneremus,
1607 465 1875 540 prmsertimcum
1886 464 2000 526 felicis

353 562 491 622 nimium
516 563 584 622 sint
608 561 724 632 exiles,
750 562 915 637 nequeant
940 559 1141 632 sustentem
1197 559 1438 622 recordationis
1468 559 1665 623 Coelestinus
1698 563 1732 622 et
1764 563 1996 633 Innocentius,

353 659 586 736 propterquod
601 658 883 734 pluresipsorum,
899 657 1014 718 eadem
1026 653 1143 717 relicta
1198 655 1459 731 praedecessores
1475 658 1593 730 nostri,
1605 658 1745 720 Romani
1761 659 1949 734 pontifices,
1961 660 1999 720 id

353 755 506 828 ecclesia,
534 756 570 816 in
593 755 741 832 ejusdem
765 757 798 816 et
821 754 997 817 clericatus
1023 769 1144 830 oppro-
1197 754 1291 815 vohis
1304 755 1528 830 promiserint,
1546 771 1585 816 ac
1601 771 1701 832 super
1712 753 1775 816 boc
1786 755 1888 818 etiam
1902 756 2001 818 litte-

352 853 474 925 brium,
490 854 652 928 cogantur
664 869 699 914 se
714 853 856 914 aliorum
872 851 1039 928 obsequiis
1055 867 1145 911 man·
1197 843 2000 930 10111011101011011111110011011111111

352 951 477 1026 cipere.
497 949 587 1010 Unde
602 950 771 1012 humiliter
792 949 1032 1026 supplicavisti,
1048 950 1085 1009 ut
1104 948 1143 1008 de
1198 950 1374 1010 exustione
1399 951 1519 1010 vestrm
1549 949 1694 1010 civitatis
1723 949 1891 1011 amisisse.
1913 953 1999 1011 Cum

353 1047 490 1124 capellis
505 1047 628 1108 eisdem
641 1049 864 1124 provisionem
881 1063 995 1108 eorum
1010 1047 1051 1107 de
1065 1060 1145 1106 nos·
1199 1046 1302 1120 igitur
1314 1051 1364 1117 tu,
1377 1047 1425 1108 illi
1438 1049 1594 1124 potestas,
1611 1063 1712 1124 super
1725 1049 1768 1108 iis
1789 1047 1830 1108 de
1852 1063 2001 1108 assensu

352 1143 405 1205 tre
420 1142 636 1220 permissione
653 1143 713 1204 tibi
728 1144 889 1219 ampliare
911 1143 1037 1204 liceret.
1060 1141 1144 1214 Quia
1193 1145 1312 1204 nostro
1323 1145 1355 1204 S.
1370 1145 1564 1214 salvatoris,
1580 1146 1612 1205 et
1624 1147 1657 1204 S.
1670 1144 1807 1216 Quirini,
1823 1159 1863 1205 ao
1879 1147 2001 1206 Sancti

352 1255 433 1302 roro
454 1255 514 1317 per
528 1239 591 1301 boc
606 1241 737 1302 statutis
758 1240 975 1315 derogaretur
995 1239 1143 1318 ejusdem
1198 1240 1333 1302 Mathaei
1349 1241 1390 1302 ds
1413 1242 1595 1303 Monticulo
1612 1241 1787 1304 abbatibus
1804 1241 2003 1304 assistenti·-

353 1337 509 1410 Goncilil,
527 1351 599 1412 ques
615 1337 742 1400 servari
757 1337 910 1398 volumus
932 1336 1143 1408 inconcussa,
1198 1337 1259 1398 bus
1272 1337 1344 1409 tibi,
1356 1339 1458 1399 testes
1480 1339 1639 1415 quosdam
1662 1339 1780 1402 merito
1795 1338 1861 1400 flde
1874 1339 2001 1415 dignos

351 1435 396 1505 te,
413 1435 511 1510 prout
533 1434 668 1510 petiisti,
689 1435 863 1512 nequimus
883 1433 1056 1495 exaudire.
1076 1436 1144 1495 Ve—
1198 1435 1376 1510 receperis,
1387 1450 1446 1511 per
1458 1449 1540 1511 quos
1550 1437 1682 1512 juratos
1695 1435 1843 1497 constitit
1857 1436 1901 1496 de
1916 1451 2003 1511 pro—

352 1546 426 1591 rum
453 1529 587 1592 illorum
614 1531 802 1609 paupertati
835 1533 973 1608 paterno
1004 1547 1143 1607 compa·
1199 1531 2000 1610 missioneaclittsrissnpradictissicutlitterae

351 1627 473 1689 tientes
489 1627 621 1700 affectu,
635 1629 668 1692 et
681 1628 740 1689 tibi
757 1627 869 1697 etiam,
885 1630 982 1706 prout
996 1627 1146 1704 exposcit
1200 1629 1361 1691 dictorum
1377 1629 1532 1692 abbatum
1546 1633 1579 1692 et
1591 1631 1814 1708 depositiones
1829 1631 2002 1694 dictorum

353 1723 538 1786 devotionis
571 1728 637 1786 tnae
668 1727 840 1794 meritum,
867 1725 1009 1801 gratiam
1035 1725 1146 1786 lacere
1199 1728 1332 1788 testium
1345 1727 1439 1788 nobis
1456 1727 1613 1790 exhibitae
1628 1728 1809 1790 declarant.
1832 1729 1902 1790 Nos
1917 1729 2002 1790 dili-

352 1821 535 1898 cupientes,
557 1822 756 1885 fraternitati
771 1825 848 1894 tuae,
868 1823 909 1884 de
929 1837 994 1899 qna
1014 1822 1145 1898 plenam
1200 1824 1331 1900 gentius
1344 1825 1551 1888 attendentes
1563 1826 1752 1902 puritatem,
1770 1826 1999 1898 devotionem,

353 1919 508 1981 fiduciam
517 1920 716 1991 obtinemus,
726 1921 939 1996 praesentium
948 1919 1145 1982 auctoritate
1200 1924 1232 1983 et
1255 1923 1475 1985 constentiam
1504 1923 1596 1995 bdei,
1631 1939 1729 2000 quam
1766 1924 1840 1998 ipsa
1874 1923 2002 1984 civitas

353 2017 582 2089 concedimus,
606 2019 642 2079 ut
666 2019 695 2078 si
719 2017 855 2078 evidens
883 2016 1065 2078 necessitas
1092 2015 1145 2078 101
1199 2021 1310 2081 vestra
1322 2021 1479 2082 Romanoa
1490 2019 2001 2091 Ecclesiaeservavitbnctenus,

354 2114 481 2176 utilitas
509 2115 631 2189 exigat,
660 2115 791 2190 aliquas
819 2113 1013 2190 praebendas
1037 2113 1145 2189 possis
1200 2118 1234 2178 et
1247 2131 1382 2178 servare
1393 2117 1547 2194 proponit
1561 2117 1596 2178 in
1611 2120 1793 2194 posterum,
1805 2133 1871 2177 non
1885 2116 2000 2178 solum

354 2211 502 2292 ejusdem
540 2211 692 2274 ecclesiae
727 2211 900 2289 dediciis
939 2209 1075 2286 capellis
1110 2210 1145 2270 in
1200 2213 1235 2274 in
1249 2215 1429 2290 prosperis,
1447 2215 1504 2274 sed
1524 2215 1624 2276 otiam
1639 2215 1675 2276 in
1690 2213 1852 2286 adversis,
1868 2229 2000 2274 memo-

354 2311 549 2389 perpetuum
570 2308 786 2370 annectendis
808 2307 993 2385 praebsndis
1008 2307 1144 2378 eisdem,
1200 2312 1282 2372 riter
1297 2312 1397 2373 etiam
1414 2313 1596 2373 retinentes
1618 2312 1762 2388 qualiter
1777 2312 1898 2372 ricinis
1913 2328 2000 2372 ves-

280 2419 284 2426 ·
355 2409 443 2470 sicut
462 2406 662 2467 discretione
684 2406 808 2482 praevia
830 2405 987 2482 expedire
1008 2405 1144 2476 videris,
1200 2409 1261 2469 tris
1271 2408 1339 2470 lere
1348 2408 1501 2470 omnibus
1510 2411 1599 2470 retro
1608 2407 1863 2486 respicientibus
1874 2413 1999 2485 praeter

355 2505 587 2582 augmentare,
620 2503 791 2564 reservata
826 2517 973 2578 congrua
1011 2502 1146 2562 illorum
1201 2505 1431 2578 obsessiones,
1463 2507 1606 2568 insultus
1640 2509 1674 2568 et
1707 2507 1816 2567 minas
1850 2504 1998 2567 aliorum

355 2601 560 2679 capellarum
601 2599 802 2678 presbyteris
844 2601 1011 2676 portione.
1053 2597 1147 2662 Nulli
1201 2617 1274 2679 quae
1297 2602 1408 2664 omnia
1425 2603 1632 2666 sustinuistis
1652 2601 1818 2679 intrepide
1837 2602 1872 2664 in
1888 2603 1998 2680 ipsius

355 2701 472 2776 igitur,
508 2699 571 2760 etc.
601 2697 636 2760 si
667 2697 741 2776 quis
775 2698 906 2770 autem,
934 2697 996 2759 eto.
1027 2697 1146 2758 natum
1203 2699 1415 2778 imperatoris
1438 2699 1593 2772 adventu,
1611 2700 1669 2778 qui
1689 2699 1911 2777 personaliter
1930 2699 1997 2760 ob-

356 2798 474 2868 Reats,
502 2795 561 2855 VII
575 2793 720 2867 ‚kalend
747 2792 908 2866 octobris,
936 2792 1147 2872 pontificatus
1202 2797 1287 2859 sedit
1306 2798 1455 2858 eamdem
1474 2813 1541 2860 non
1560 2797 1633 2859 sine
1655 2799 1812 2860 Romanae
1828 2798 1923 2858 Sedis
1937 2797 1998 2857 in-

355 2892 459 2955 nostri
474 2907 561 2953 anno
574 2891 714 2953 decimo.
1198 2895 1289 2971 jnria
1306 2895 1340 2957 et
1356 2896 1555 2973 contemptu,
1571 2895 1703 2957 Reatini
1719 2896 1751 2956 et
1765 2893 1847 2956 rs'et
1861 2895 2000 2956 nomine

1202 2991 1330 3053 inventi
1345 2983 1469 3054 iberint
1493 2997 1526 3054 et
1553 2991 1589 3052 in
1615 2992 1790 3054 devotione
1811 2991 1947 3053 stabiles
1964 2994 2000 3053 et

1202 3089 1237 3150 in
1252 3088 1410 3151 fidelitate
1424 3089 1692 3161 constantesvos
1702 3090 1736 3152 et
1745 3089 1912 3152 civitatem
1923 3105 2002 3151 res·

653 3168 855 3254 XXXVIII
1202 3189 1300 3259 tram,
1316 3202 1390 3248 cum
1406 3187 1557 3250 districtu
1576 3187 1609 3250 01
1624 3187 1857 3266 jurisdictione
1871 3189 1905 3250 et
1919 3187 2001 3248 aliis
2088 3235 2089 3270 Ξ

427 3319 695 3394 Mutetur
710 3318 1081 3391 1111031111·
1203 3281 2001 3459 ltililtiliittll,talitali}

498 3523 501 3530 ·
610 3447 646 3506 ²⁶
663 3447 802 3520 ⁸⁰¹'oemb‘
824 3447 902 3506 ¹²²5·
1204 3479 1395 3542 retinendos
1410 3481 1444 3540 in
1458 3480 1556 3556 plena
1576 3479 1741 3551 libertate,
1762 3494 1827 3555 qua
1845 3477 2000 3539 tenemus

529 3570 653 3636 [unicui.
673 3571 761 3622 chiese
777 3571 804 3620 di
819 3571 895 3629 nisti,
911 3569 978 3635 1391
1205 3580 1296 3654 ipsas
1322 3578 1510 3653 campanie
1537 3575 1704 3649 civitateS,
1735 3592 1808 3653 qnae
1837 3578 1999 3637 Romanae

361 3687 408 3745 Eis
420 3685 563 3760 significet
575 3701 607 3743 se
621 3701 672 3744 eos
686 3701 842 3757 eorumque
856 3686 1001 3744 civitatem
1016 3699 1082 3744 oum
1097 3685 1151 3744 dls
1206 3675 1362 3737 Ecclesiae
1373 3674 1464 3737 nullo
1477 3673 1585 3736 medio
1599 3675 1676 3738 sunt
1690 3672 1857 3750 subjecta.
1869 3675 1906 3732 ln
1920 3688 2002 3732 res-

396 3778 489 3845 tricto,
503 3775 698 3848 jurisdictione
709 3781 739 3831 et
750 3775 813 3832 aliis
825 3774 907 3832 bonis
922 3773 958 3831 od
971 3789 1072 3832 manus
1084 3789 1151 3833 suos
1206 3777 1266 3834 trae
1282 3773 1384 3848 igitur
1396 3772 1581 3834 devotionis
1595 3773 1808 3848 augmentum
1823 3785 1882 3830 vos
1900 3770 1934 3830 et
1947 3769 2000 3829 ci-

394 3870 423 3923 et
437 3879 532 3938 perse
546 3862 1151 3936 11101εεί0101101110010110111100
1205 3870 1340 3931 vitatem
1355 3869 1460 3946 ipsam
1481 3869 1602 3930 nostrae
1616 3868 1786 3946 petitionis
1803 3865 2000 3946 [protectio-

395 3953 560 4013 retinendos
580 3954 609 4010 in
632 3953 715 4024 plenu
739 3951 867 4010 libertale
895 3967 950 4025 (1118
975 3958 1052 4010 [ellel
1074 3953 1152 4046 111888
1206 3965 1271 4046 nis]
1285 3965 1534 4028 etdefensionjs
1550 3965 1726 4043 perileglO
1741 3964 1997 4035 communimus,

395 4043 562 4142 Campani?
583 4042 737 4138 θῑνῑῑθῑθῧν,
756 4056 820 4114 ‘1¹¹ae
849 4041 986 4100 Ecclefliffi
1016 4043 1152 4100 R⁰m⁰⁰ffl
1207 4063 1389 4126 districtius
1405 4062 1591 4124 inhibentes
1606 4077 1648 4124 ne
1664 4077 1735 4133 vos,
1751 4063 1919 4138 tamquam
1930 4062 2000 4122 Ro-

396 4130 473 4190 ¹¹²¹¹¹⁰
488 4129 582 4187 ffl⁸d¹⁰
597 4136 663 4186 “um
675 4129 821 4202 mmm
1207 4177 1313 4222 ronne
1327 4161 1483 4222 Ecclesiae
1503 4161 1639 4221 devotos
1658 4159 1746 4221 lilios
1759 4161 1792 4220 et
1806 4157 1999 4220 immediate

401 4255 1149 4331 Honoriusepiscopus,servusservorumllei,
1207 4255 2000 4335 subjectosquisqnamaudeatsinesedisbpos·

362 4353 492 4416 dilectis
508 4351 587 4410 liliis
602 4351 756 4427 potestati
768 4352 801 4412 et
815 4352 936 4429 populo
954 4353 1104 4415 Reatinis
1117 4353 1152 4414 in
1206 4357 1317 4420 tolicae
1334 4353 1472 4432 speciali
1491 4353 1658 4425 mandate,
1672 4353 1713 4414 de
1728 4355 1849 4414 caetero
1870 4352 1998 4413 moles-

361 4451 554 4529 perpetuam
569 4447 773 4508 ffl0m0liam·
1207 4456 1293 4528 tare;
1304 4453 1361 4514 sed
1370 4469 1428 4514 vos
1438 4453 1469 4514 01
1477 4452 1586 4514 vestra
1595 4449 1786 4512 subnostrae
1795 4447 1999 4510 detensionis

402 4547 472 4609 Etsi
487 4545 610 4622 singuli
625 4543 665 4604 ad
681 4544 878 4620 Apostolicae
892 4549 1068 4610 recurrant
1081 4550 1153 4626 pri·
1207 4551 1322 4628 clypeo
1341 4549 1447 4612 libera
1461 4548 1502 4609 de
1517 4549 1637 4610 coetero
1652 4548 1808 4609 maneant
1826 4546 1859 4607 et
1873 4546 1997 4622 quieta.

360 4645 518 4720 vilegium
543 4641 705 4710 libertatis
737 4642 823 4718 apud
854 4659 951 4720 quam
981 4645 1152 4722 potestatis
1208 4649 1295 4710 Sane
1314 4663 1374 4724 pro
1393 4647 1526 4723 iisquco
1544 4643 1816 4722 deprecantibus
1838 4643 1948 4719 pontis
1966 4644 2001 4704 et

362 4741 531 4822 plenitudo
555 4738 704 4802 noscitur
727 4738 885 4812 residere,
912 4742 971 4802 alii
997 4745 1033 4805 ut
1058 4759 1151 4806 suam
1208 4745 1446 4806 maleficiorum
1462 4742 1582 4819 judicii
1606 4742 1699 4804 curia
1723 4741 1894 4817 percipere
1913 4755 1998 4802 con-

359 4839 523 4919 justitiam
541 4837 796 4913 consequantur,
812 4839 845 4899 et
859 4838 918 4898 alii
934 4839 970 4901 ut
983 4841 1078 4916 quasi
1092 4842 1152 4903 lilii
1207 4842 1326 4912 suevit,
1338 4839 1474 4916 triginta
1486 4839 1588 4900 libras
1600 4838 1676 4900 Sedl
1691 4837 1889 4914 Apostolioae
1901 4837 1998 4898 annis

362 4934 1150 5014 benemeriticonsequanturgratiamspecialem.
1207 4938 1348 5015 singulis
1377 4937 1583 5016 persolvetis,
1614 4935 1830 4997 Decernimus
1858 4949 1938 5010 ergo
1964 4935 1999 4996 ut

363 5036 505 5112 Dignum
520 5033 570 5094 est
588 5031 621 5092 et
639 5017 778 5108 aeqnitas
800 5033 977 5108 persuadet
991 5035 1027 5096 ut
1041 5036 1152 5098 stillis
1207 5036 1291 5098 nulli
1305 5035 1438 5097 omnino
1450 5034 1621 5095 bominum
1633 5031 1829 5095 liceatbanc
1841 5031 1999 5108 paginam

363 5131 445 5195 ordo
460 5127 759 5204 servetnrjnstitiae
781 5145 820 5190 ac
843 5129 919 5191 aliis
938 5130 973 5191 in
995 5134 1151 5195 Romanae
1207 5136 1329 5196 nostrae
1353 5132 1567 5210 protectionis
1591 5131 1625 5193 et
1646 5143 1813 5192 concessae
1834 5127 2000 5191 libertatis

362 5227 520 5292 Ecclesiae
548 5225 724 5288 devotione
743 5227 871 5302 jugiter
900 5229 1152 5304 persistentibus
1207 5247 1268 5294 nec
1293 5247 1359 5292 non
1384 5233 1417 5292 et
1442 5228 1651 5290 inhibitionis
1669 5225 1864 5303 intringere,
1888 5225 1942 5288 vel
1967 5225 2000 5286 01

363 5323 576 5404 protectionis
597 5322 631 5383 et
650 5321 853 5384 defensionis
875 5324 1030 5402 specialis
1044 5328 1151 5403 gratia
1207 5344 1291 5390 ausu
1314 5327 1495 5389 temerario
1516 5324 1693 5387 contraire.
1722 5323 1757 5386 Si
1786 5321 1861 5400 quls
1888 5323 2000 5386 autem

363 5435 429 5485 non
451 5422 603 5496 negetur.
625 5421 714 5482 Sane
734 5419 829 5483 nobis
851 5437 894 5484 ex
917 5424 1010 5502 perte
1041 5426 1152 5488 vestra
1208 5427 1271 5488 boc
1282 5425 1447 5488 attentare
1459 5420 1718 5502 praesumpserit,
1734 5419 2000 5496 indignationem

362 5519 425 5580 ruit
435 5517 626 5580 multotiens
639 5517 858 5600 supplicatum
871 5522 974 5584 utros
987 5524 1020 5585 01
1028 5523 1152 5584 terram
1207 5521 1441 5602 omnipotentis
1456 5521 1514 5582 Dei
1526 5521 1559 5582 st
1570 5519 1742 5580 beatorum
1754 5517 1844 5580 Petri
1857 5519 1891 5580 ei
1902 5516 2000 5578 Pauli
