4244 6374
300 201 362 264 595

340 363 541 426 Praedictum
556 378 636 440 ergo
650 363 797 440 legatum
811 359 853 424 ad
868 361 900 424 te
912 377 987 422 cum
1002 361 1098 423 iesti-

302 463 417 524 nantia
436 463 628 538 dirigentes,
646 464 713 523 tuae
729 460 924 522 serenitatis
942 459 1094 521 devotio-

301 575 377 622 nem
394 561 427 621 et
441 558 722 635 magnificentiam
740 573 906 632 rogamus,
924 572 1095 617 monemus

302 659 336 719 et
356 657 567 719 obsecramus
591 671 651 733 per
673 655 898 732 aspersionem
921 653 1095 729 sanguinis

301 757 320 816 J
323 769 381 815 esu
396 753 529 824 Christi,
543 751 599 828 qui
612 767 672 828 pro
683 751 717 812 te
730 752 828 812 morti
841 750 950 811 crucis
960 748 1097 810 tradidit

302 851 526 926 semetipsum,
544 850 716 925 quatenus,
738 862 888 924 cumpro
905 847 994 908 certo
1018 861 1095 906 cre-

304 947 402 1009 datur
427 947 513 1024 qurod
536 945 658 1007 nobilis
671 946 725 1007 rir
739 947 797 1017 R.,
818 945 908 1005 iilius
931 943 1097 1020 quondam

304 1047 343 1107 R.
356 1044 486 1106 comitis
502 1045 668 1115 Tolosani,
692 1041 929 1119 magnitudinis
947 1045 1012 1103 tuae
1032 1057 1096 1117 po-

301 1142 440 1204 tentiam
450 1141 534 1202 adeo
545 1141 748 1212 reformidat,
759 1140 856 1217 quod,
867 1139 895 1200 si
906 1139 1098 1214 cognoverit

302 1239 336 1301 te
354 1241 469 1300 contra
485 1254 561 1299 eum
583 1254 626 1299 ex
641 1239 751 1299 animo
771 1238 857 1300 telle
870 1236 949 1299 totis
969 1235 1097 1296 viribus

303 1335 361 1408 uti,
375 1351 432 1396 eas
445 1337 640 1412 exspectare
649 1335 860 1412 aliquatenus
872 1349 939 1394 non
950 1331 1094 1403 audebit,

302 1433 360 1495 sed
385 1432 550 1494 mandatis
574 1432 731 1493 Ecclesiae
760 1429 890 1512 [quibus
912 1433 945 1492 et
969 1429 1097 1492 utinam

300 1545 380 1593 vera
398 1530 572 1593 devotione
590 1545 625 1591 se
641 1529 739 1592 offert
754 1527 836 1609 (1,)1]
860 1527 989 1606 parebit
998 1529 1097 1604 juxta

301 1626 367 1689 tuae
388 1627 631 1704 beneplacitum
650 1627 842 1698 voluntatis,
865 1626 973 1704 ipsum
994 1624 1097 1700 regiis

300 1723 612 1787 commonitionibus
634 1725 667 1786 et
690 1722 1002 1786 comminationibus
1024 1721 1098 1783 eiii-

301 1929 421 1986 mnitum
457 1929 533 2000 ejora
546 1927 699 2012 prioribus,
716 1926 783 1985 dum
800 1943 865 1985 arca
882 1928 994 1986 Domini
1014 1933 1096 2000 capta

299 2000 338 2056 sit
356 1999 392 2055 ab
411 1945 569 2072 Aflophyhs
584 1997 777 2080 [philistinis]
793 2006 822 2055 et
835 2013 893 2056 nou
908 1999 1001 2080 solum
1017 1998 1097 2071 juxta

301 2068 381 2136 Seth,
396 2068 446 2126 sed
461 2070 547 2126 etiam
568 2069 621 2126 snb
640 2069 760 2141 pedibus
779 2072 880 2142 Dagon
896 2083 980 2124 ulmis
995 2075 1094 2125 contu·

301 2140 420 2196 meliose
435 2146 564 2196 tencatur
578 2140 700 2211 captiva.
714 2139 835 2196 Proinde
851 2139 1097 2210 magnificentiam

302 2216 438 2276 vestram,
467 2209 649 2267 serenissime
676 2210 824 2282 princeps,
854 2208 1019 2282 adjuramus
1047 2223 1098 2284 per

301 2281 399 2338 lesum
414 2279 566 2347 Christum,
583 2288 719 2352 quantum
732 2295 892 2352 possumus,
903 2293 973 2337 voce
987 2273 1097 2352 singut-

303 2357 365 2408 tosa
379 2357 406 2407 et
418 2349 593 2423 lacrymabili
606 2351 809 2422 supplicantes,
826 2356 976 2420 qnatenus,
993 2363 1095 2406 secun

301 2419 371 2477 dum
400 2421 555 2493 potentiam
581 2437 596 2478 a
621 2423 680 2478 Ilao
703 2419 785 2477 vobis
810 2420 953 2490 traditam,
979 2421 1097 2476 excitari

302 2490 462 2563 dignemini
477 2506 542 2549 cum
558 2491 661 2548 anxilio
674 2491 750 2548 illins
766 2492 814 2562 qui
829 2492 950 2563 imperat
964 2491 1057 2547 ventis
1069 2498 1099 2547 et

303 2563 386 2631 mari,
400 2570 429 2619 et
442 2561 592 2620 ostendere
606 2577 657 2634 per
671 2561 803 2619 ellectum
825 2563 921 2634 operis
938 2559 1097 2630 evidenter,

302 2640 426 2706 maenius
438 2631 519 2690 dolor
531 2633 566 2689 sii
579 2633 607 2689 iu
620 2640 733 2704 pectore
749 2639 843 2689 vestro
858 2631 893 2689 de
908 2639 985 2690 tanta
996 2638 1095 2688 contu·

302 2703 388 2760 melia
411 2707 436 2762 i.
461 2705 491 2762 C.
516 2717 572 2759 non
604 2703 790 2775 desperantes
815 2704 882 2774 qum
907 2711 982 2760 terra
1009 2703 1099 2775 possit

302 2773 410 2845 acquiri
429 2789 480 2847 per
496 2781 620 2831 vestrum
636 2775 825 2831 ministerium
842 2781 871 2830 et
890 2775 1008 2831 aliorum
1027 2772 1095 2830 tide·

302 2845 382 2914 tium,
398 2852 426 2902 et
438 2843 535 2902 reduci
548 2843 583 2901 ad
596 2846 818 2902 ecclesiasticam
833 2846 983 2903 unitatem.
994 2846 1097 2902 Datum

302 2916 406 2974 Montis
427 2915 563 2984 assulam,
575 2915 601 2970 X
614 2913 671 2972 kal.
689 2915 831 2973 februarii.

353 2987 366 3042 l
400 2932 557 3056 fenestellam
571 2984 682 3042 oilcrat.
791 3056 796 3066 Ι
938 3056 943 3067 Ι
1003 3055 1008 3067 Ι

351 3057 368 3112 2
396 3057 483 3129 Regis
498 3057 664 3126 rescriptum
679 3055 864 3127 intelligimus
878 3070 913 3112 ox
926 3056 1026 3114 littoris
1038 3058 1095 3113 llo·

304 3142 386 3184 norro
399 3141 434 3182 eu
466 3134 525 3182 arto
539 3127 616 3198 regis
630 3125 741 3192 oblatis,
757 3140 828 3197 quas
840 3127 968 3198 vulgavit
982 3127 1095 3184 Vaisse·

303 3199 370 3264 tius,
384 3203 405 3254 t.
422 3142 473 3264 113,
490 3195 611 3268 prohat,
623 3197 678 3253 col.
694 3197 756 3264 292,
772 3210 837 3253 cum
850 3195 905 3252 hoc
916 3196 1017 3252 titulo:

304 3311 406 3368 Potitio
418 3311 455 3366 ud
474 3311 582 3380 Pupam
593 3326 646 3380 pro
660 3326 723 3381 repr
736 3325 800 3366 cnm
819 3310 870 3366 itit
886 3310 1099 3380 trallionium

568 3386 667 3437 sordre
678 3383 831 3438 hereticos.

339 3479 365 3534 l.
382 3478 456 3536 Petit
469 3476 603 3534 dominus
625 3493 686 3544 ren,
711 3477 785 3548 qnod
805 3478 867 3549 ipse
891 3485 919 3534 et
939 3492 1041 3535 omnes
1060 3479 1099 3536 illi

303 3548 431 3622 quicum
448 3564 481 3605 eo
497 3547 577 3605 ibunt
600 3549 629 3604 in
650 3547 839 3620 Albigesinm,
862 3547 985 3605 habeant
1004 3548 1096 3606 indul·

301 3621 429 3694 gentiam
445 3625 474 3677 et
488 3619 686 3678 remissionem
702 3627 883 3692 peccatorum
896 3634 983 3692 quam
993 3619 1099 3678 habent

300 3691 493 3763 crucesignati
505 3689 541 3746 de
556 3689 682 3762 partibus
692 3690 899 3747 transmarinis.

336 3761 363 3818 2.
385 3765 455 3819 item
480 3762 549 3834 petit
572 3759 648 3834 quod
672 3759 886 3834 archiepiscopi
902 3761 1097 3830 bituricensis,

302 3833 462 3901 Remeusis,
486 3832 670 3900 senonensis,
692 3838 721 3888 et
745 3832 862 3904 quilibet
876 3847 986 3900 eorum,
1002 3847 1052 3904 per
1066 3845 1097 3888 se

301 3901 426 3959 habeant
445 3909 613 3974 potestatem
631 3901 898 3959 excommunicandi
918 3917 1055 3974 personas
1069 3909 1099 3958 et

300 3972 487 4030 interdicendi
497 3981 586 4030 terras
597 3975 726 4029 omnium
737 3975 847 4029 illorum
857 3973 959 4044 quires
970 3973 1098 4029 Frauoiae

300 4044 500 4116 inquietabunt
509 4045 553 4101 vol
565 4043 725 4111 turbabunt,
738 4058 789 4100 seu
803 4057 939 4114 personas
951 4043 997 4099 vel
1008 4051 1098 4100 terras

301 4129 400 4171 eorum
427 4115 475 4186 qui
503 4129 568 4171 cum
598 4129 632 4169 co
659 4114 755 4181 ibunt,
781 4114 842 4170 sive
867 4114 924 4168 sint
948 4113 983 4169 de
1007 4128 1097 4186 regno

301 4185 439 4252 Franciae,
463 4185 525 4241 sive
550 4192 628 4240 extra
653 4197 790 4256 regnum,
815 4183 860 4238 vel
884 4183 931 4254 qni
954 4185 982 4240 in
1006 4197 1097 4256 reguo

300 4255 428 4310 Francia
444 4255 517 4309 inter
532 4266 563 4310 se
576 4256 716 4310 moverint
731 4267 876 4326 guerram,
895 4254 949 4310 nisi
965 4251 1000 4309 ad
1014 4269 1094 4310 meu·

301 4322 398 4381 datum
414 4324 523 4380 domini
539 4325 616 4396 regis
631 4338 730 4394 pacem
754 4323 871 4380 iecemnt
888 4325 932 4380 vel
952 4331 1094 4408 treugam.

336 4395 363 4452 3.
378 4396 448 4452 ltem
463 4395 531 4468 petit
545 4393 678 4450 dominus
693 4410 742 4450 rox
757 4394 842 4466 quieti,
856 4393 880 4451 si
892 4395 940 4468 qui
956 4403 1095 4451 astrinxe-

300 4465 358 4522 rint
372 4479 403 4521 se
416 4464 452 4521 ad
469 4465 594 4522 eundum
607 4479 671 4520 cnm
685 4479 719 4521 eo
734 4466 762 4520 in
781 4471 885 4520 terram
902 4465 1040 4537 Albigesii
1051 4464 1096 4522 vel

302 4535 337 4594 ad
352 4535 520 4592 morandum
535 4534 650 4604 ibidem,
662 4535 737 4607 quod
753 4533 878 4607 praedioti
890 4535 1097 4609 archiepiscopi

301 4607 425 4664 habeant
438 4613 607 4679 potestatem
630 4605 780 4663 coercendi
797 4619 848 4664 cos
865 4621 914 4677 per
928 4621 1093 4663 excommu-

300 4679 473 4736 nicationem
496 4684 527 4734 et
544 4675 735 4746 interdictum,
759 4675 794 4734 ad
818 4675 986 4734 solvendum
1009 4675 1037 4734 id
1060 4675 1094 4733 ad

299 4748 376 4822 quod
386 4764 417 4805 se
430 4748 632 4806 astrinxerunt.

334 4821 361 4877 i.
379 4823 450 4878 ltem
474 4820 541 4891 petit
560 4817 636 4890 qnod
655 4817 780 4875 habeant
792 4824 961 4890 potestatem
977 4831 1093 4874 excom·

204 4933 208 4942 .
301 4887 1094 4962 municaudipersonasetinterdicenditerrasharouum

300 4963 437 5032 Franciae,
453 4968 482 5016 et
497 4961 615 5017 aliorum
626 4959 775 5016 homiuum
791 4973 906 5016 suorum
922 4959 1012 5040 quiin
1028 4972 1092 5040 pro·

300 5033 369 5104 priis
384 5031 586 5104 personiscum
601 5032 664 5103 ipso
679 5045 735 5086 uon
749 5030 961 5102 perrexeriutm
975 5028 1093 5102 Albiga-

300 5103 391 5176 gium,
402 5103 457 5169 vel,
473 5103 497 5157 si
512 5102 553 5157 ire
569 5117 625 5157 non
661 5101 761 5168 ossiut,
777 5100 825 5170 qui
840 5105 1007 5171 competens
1026 5099 1092 5156 suh-

299 5172 402 5229 sidium
414 5185 471 5227 uon
484 5170 603 5228 iecerint
615 5117 659 5228 ad]
662 5185 787 5243 expurga
793 5169 878 5226 ndum
890 5169 987 5226 hostes
996 5169 1095 5227 tideiet

300 5244 380 5324 regni
395 5243 423 5298 iu
439 5241 634 5312 Albigesium3
647 5243 772 5298 maxime
787 5255 912 5312 comper
928 5239 1094 5312 hornagium

300 5309 1094 5394 etjuramentumteneanturdominoregiadexpugnan-

299 5383 366 5440 dum
378 5387 594 5456 impugnatores
609 5382 701 5454 regni,
714 5390 742 5438 et
757 5383 832 5439 nulla
845 5383 881 5438 sit
895 5381 987 5452 major
1001 5397 1093 5454 impu·

299 5456 397 5536 guatio
408 5454 489 5526 regui
503 5467 588 5524 quam
603 5453 657 5509 ista
669 5467 732 5524 que
747 5461 790 5510 est
802 5452 837 5510 de
850 5452 979 5508 hostibus
995 5451 1096 5509 tideiet

300 5539 328 5580 ru
344 5539 444 5596 reguo,
462 5529 491 5580 ct
504 5538 605 5581 omues
619 5523 788 5595 supradicte
803 5524 951 5580 sentcntiae
975 5523 1094 5580 relaxari

958 5625 977 5653 p·

945 5662 968 5696 0

919 201 1095 264 HONORII
1117 201 1163 262 III
1184 201 1333 262 OPERA.

1895 205 1980 265 596

1151 361 1276 423 caciter
1289 361 1449 424 inducere
1463 361 1598 423 studeas
1611 361 1653 424 ad
1665 377 1781 439 pacem
1796 377 1873 423 cum
1885 363 1975 425 Deo

1150 459 1183 520 et
1211 460 1283 536 eJus
1310 458 1458 520 Ecclesia
1480 460 1645 520 veraciter
1668 458 1857 522 faciendam
1877 483 1884 520 :
1908 461 1975 522 ita

1151 555 1237 632 qnod
1247 559 1281 617 et
1292 557 1382 617 terra
1393 557 1553 633 purgetur
1563 555 1743 630 haereticis,
1756 559 1790 618 ei
1801 558 1974 620 ecclesiis

1151 668 1191 714 ac
1215 653 1297 714 viris
1319 653 1557 716 ecclesiasticis
1577 670 1725 730 congrue
1747 656 1891 717 satisfiat
1918 655 1973 716 de

1151 751 1281 811 damnis
1306 752 1338 812 et
1363 752 1497 828 injuriis
1528 752 1690 814 hactenus
1723 753 1896 830 irrogatis,
1930 753 1973 814 et

1152 848 1366 924 provideatur
1379 849 1526 910 libertati
1546 849 1783 912 ecclesiasticae
1806 851 1840 910 in
1863 850 1973 912 iutu-

1151 960 1236 1018 rum,
1247 945 1409 1008 ethonori
1426 947 1538 1008 dilecti
1549 947 1610 1008 tilii
1626 946 1748 1009 nobilis
1758 949 1824 1008 viri
1838 947 1972 1009 Amal-

1151 1043 1214 1103 riei
1242 1043 1372 1105 comitis
1391 1045 1559 1117 Tolosaui,
1588 1045 1656 1122 qui,
1684 1045 1770 1107 siout
1794 1047 1828 1106 et
1851 1045 1968 1107 clarae

1152 1141 1319 1202 memoriae
1334 1142 1448 1203 Simon
1462 1143 1558 1218 pater
1571 1145 1644 1220 ejus
1658 1157 1718 1219 pro
1732 1143 1871 1204 servitio
1892 1140 1969 1204 Dei

1152 1239 1185 1300 et
1207 1239 1406 1315 Apostolicae
1428 1240 1522 1300 Sedis
1544 1240 1699 1317 exposuit
1722 1241 1965 1318 semetipsum,

1151 1336 1286 1413 propter
1318 1337 1403 1412 quod
1437 1336 1502 1398 sibi
1531 1353 1597 1398 non
1631 1352 1808 1414 possumus
1838 1338 1968 1414 aliqua

1152 1433 1281 1494 ratione
1300 1432 1428 1503 deesse,
1445 1434 1480 1494 in
1494 1435 1566 1511 ipsa
1582 1450 1675 1510 pace,
1692 1438 1853 1512 quantum
1877 1435 1965 1496 deri

1152 1530 1283 1608 poterit,
1300 1530 1468 1592 deteratur
1488 1552 1495 1590 ε
1512 1533 1598 1608 quod
1614 1547 1714 1608 super
1728 1532 1792 1593 hoc
1810 1532 1967 1594 invene-

1152 1629 1210 1700 ris,
1223 1628 1318 1689 nobis
1331 1627 1485 1690 celeriter
1497 1629 1720 1704 rescripturus
1734 1627 1794 1708 (2).
1812 1630 1849 1690 Si
1859 1631 1962 1690 enim

1152 1723 1215 1786 hoc
1238 1724 1358 1785 leceris
1381 1723 1431 1804 (ut
1450 1723 1491 1785 de
1513 1740 1625 1785 rerum
1640 1725 1813 1802 dispendio
1833 1728 1962 1788 tacea-

1152 1940 1210 2054 nop
1221 1935 1363 2053 prtitorem,
1380 1925 1471 1984 donec
1486 1927 1564 2000 prius
1577 1924 1755 1985 satisfactum
1773 1926 1855 1985 luerit
1870 1943 1958 1986 com·

1173 2013 1188 2053 e
1202 2012 1237 2053 en
1252 2011 1292 2054 er.

1154 2013 1170 2069 p
1187 2068 1212 2125 5.
1231 2066 1455 2140 ltemdetrenga
1471 2066 1705 2138 quemdominus
1721 2069 1797 2140 Papa
1814 2076 1842 2126 et
1854 2067 1954 2126 dorni-

1152 2153 1206 2195 uus
1218 2153 1268 2194 rex
1280 2138 1533 2208 ierosolymitanus
1547 2145 1575 2195 et
1584 2154 1633 2195 rex
1645 2139 1758 2211 Angites
1771 2147 1871 2211 petunt
1882 2155 1955 2212 pro·

1152 2209 1259 2282 rogari,
1275 2209 1335 2266 vult
1348 2208 1482 2266 dominus
1497 2215 1579 2266 rexet
1595 2208 1664 2280 petit
1678 2209 1755 2281 quod
1769 2210 1805 2266 ab
1830 2211 1955 2267 instanti

1152 2279 1296 2336 indecem
1325 2290 1417 2336 annos
1438 2287 1607 2352 prorogetur
1625 2280 1698 2337 iuter
1718 2295 1750 2336 se
1771 2287 1800 2336 et
1820 2280 1956 2337 heredes

1152 2364 1219 2407 suos
1234 2365 1268 2406 ex
1283 2365 1339 2406 uua
1355 2357 1444 2422 parte,
1461 2357 1601 2422 stragem
1623 2351 1736 2422 Augilas
1759 2365 1794 2407 ex
1810 2351 1909 2420 altera,
1923 2358 1956 2408 et

1153 2421 1279 2477 firmetur
1293 2421 1441 2492 utriusque
1459 2419 1637 2491 jurameat03
1662 2421 1699 2478 ita
1722 2420 1799 2493 quod
1814 2420 1954 2478 domiuus

1153 2505 1202 2547 rex
1216 2499 1245 2548 et
1255 2492 1382 2547 haerodes
1392 2492 1446 2560 sui,
1458 2491 1612 2562 etimprisii
1620 2498 1788 2550 remaneant
1802 2491 1832 2548 in
1847 2491 1955 2548 eadem

1153 2563 1313 2619 teneura'et
1327 2561 1433 2618 saisina
1455 2562 1484 2618 in
1507 2577 1561 2634 qua
1588 2569 1655 2618 sunt
1678 2560 1763 2618 modo
1784 2570 1813 2618 et
1834 2560 1953 2619 luerunt

1153 2639 1280 2704 tempore
1309 2631 1424 2688 alterius
1448 2633 1570 2704 trengam
1595 2639 1623 2688 et
1644 2633 1825 2689 tautamvult
1845 2632 1955 2689 habere

1154 2703 1394 2775 prorogationem,
1415 2717 1466 2774 pro
1478 2715 1514 2758 eo
1535 2702 1611 2774 quod
1635 2703 1726 2759 nescit
1742 2710 1881 2774 quantum
1896 2703 1951 2761 du·

1153 2773 1225 2830 rabit
1240 2774 1397 2845 negotium,
1412 2781 1441 2830 et
1464 2773 1570 2844 inipso
1595 2774 1711 2845 negotio
1731 2773 1849 2830 nudabit
1870 2789 1902 2831 se
1921 2783 1954 2832 et

1153 2859 1183 2901 re
1207 2857 1273 2900 num
1289 2859 1371 2900 suum
1385 2845 1506 2915 pecunia
1518 2851 1547 2900 et
1562 2842 1735 2901 hominibus.

1184 2859 1214 2971 ᾖ.
1230 2915 1302 2972 ltem
1319 2915 1388 2986 petit
1406 2911 1481 2986 quod
1498 2913 1600 2970 haheat
1618 2915 1725 2970 litteras
1737 2913 1845 2971 domini
1861 2915 1948 2987 Papae

1078 2980 1083 2989 '
1154 2991 1284 3057 patentes
1300 2984 1335 3041 de
1354 2983 1563 3055 abjudicatione
1581 2986 1734 3041 comitatus
1755 2985 1865 3042 Tolosa
1880 3001 1948 3044 cum

1154 3056 1285 3112 omnihus
1305 3055 1484 3128 pertinentiis
1497 3057 1567 3123 suis,
1584 3053 1619 3111 ab
1636 3062 1757 3128 utroque
1775 3056 1951 3127 haimardo,

1153 3125 1260 3183 scilicet
1273 3133 1352 3198 patre
1373 3131 1402 3182 ot
1414 3125 1480 3189 irlio,
1498 3133 1638 3182 eteorum
1659 3125 1820 3183 haeredibus
1834 3128 1864 3183 iu
1880 3143 1949 3200 per·

1154 3203 1280 3268 petuum,
1291 3203 1319 3252 et
1340 3197 1426 3252 totius
1442 3203 1525 3253 terrae
1542 3195 1647 3269 deque
1665 3195 1757 3252 dictus
1774 3197 1951 3256 {isimundus

1154 3273 1233 3350 pater
1246 3266 1539 3325 etllaimuudnstilins
1553 3266 1666 3324 inerunt
1678 3273 1820 3335 tenentes,
1834 3276 1951 3339 quaest

1153 3350 1182 3393 ru
1198 3351 1288 3410 regno
1302 3337 1410 3394 domini
1426 3338 1512 3410 regis,
1527 3343 1555 3394 et
1569 3338 1655 3394 totius
1669 3338 1886 3396 vicecomitatus
1900 3341 1947 3397 Bi·

1153 3409 1290 3464 terreusis
1299 3415 1327 3464 et
1339 3409 1574 3466 Carcassonensis
1582 3422 1647 3464 cum
1659 3408 1793 3466 omnibus
1804 3409 1947 3481 pertiuen-

1154 3478 1199 3534 tiis
1212 3478 1240 3534 iu
1255 3492 1345 3550 reguo
1355 3477 1463 3534 domini
1475 3478 1563 3551 regis,
1581 3484 1610 3535 et
1624 3479 1752 3534 omnium
1767 3486 1905 3538 terrarum
1916 3481 1948 3537 in

1153 3548 1254 3605 eodem
1264 3550 1551 3632 reguo'existeutinrn
1566 3563 1666 3630 eorunm
1675 3550 1727 3675 'gui
1740 3556 1947 3622 guerraverunt

1154 3625 1250 3692 aperte
1261 3633 1324 3676 cnm
1341 3633 1382 3675 ers
1397 3626 1425 3675 et
1439 3635 1490 3691 pro
1501 3633 1558 3690 e1s;
1574 3626 1603 3676 et
1617 3634 1681 3676 srmr
1695 3627 1747 3677 rter
1761 3621 1890 3679 omnium
1903 3635 1947 3678 eo

1153 3690 1274 3761 rumqui
1289 3689 1355 3745 huic
1369 3691 1484 3761 negotio
1497 3705 1528 3746 se
1550 3697 1697 3772 opponunt
1718 3691 1763 3747 vel
1786 3691 1822 3748 de
1842 3699 1945 3749 cetero

1153 3768 1306 3844 opponent,
1333 3761 1379 3815 vel
1399 3773 1532 3832 guerram
1548 3759 1655 3816 iaciunt
1672 3775 1723 3816 seu
1736 3760 1887 3820 decaetero
1900 3761 1941 3820 ia·

1153 3838 1237 3892 cient,
1259 3838 1287 3887 et
1305 3845 1354 3902 per
1376 3829 1527 3902 praedictos
1549 3830 1779 3904 archiepiscopos
1799 3832 1848 3889 tiat
1865 3833 1947 3890 dicte

1153 3900 1369 3974 abjudicationis
1388 3901 1578 3957 denunciatio.
1607 3903 1642 3958 Et
1658 3902 1728 3973 petit
1749 3901 1881 3960 dominus
1895 3917 1944 3960 rex

1152 3971 1227 4042 quod
1239 3985 1340 4028 omnes
1354 3976 1437 4028 terrae
1452 3971 1593 4042 predicte
1603 3969 1657 4027 sibi
1672 3979 1700 4028 ct
1713 3971 1874 4030 haeredibus
1886 3975 1945 4032 suis

1153 4043 1180 4098 iu
1196 4049 1363 4114 perpetuum
1378 4041 1590 4112 confirmentur,
1607 4049 1635 4098 et
1645 4042 1700 4098 iilis
1733 4043 1816 4099 uibus
1830 4059 1880 4102 eas
1894 4044 1942 4101 da·

1152 4113 1201 4179 bit,
1220 4113 1244 4169 si
1259 4127 1309 4168 eas
1326 4110 1394 4169 dare
1410 4113 1539 4183 voluerit,
1552 4119 1664 4169 retento
1679 4057 1732 4169 sita
1743 4120 1771 4170 et
1785 4114 1943 4172 haeredibus

1151 4183 1211 4239 suis
1223 4182 1362 4250 hominio,
1375 4189 1521 4254 tamquam
1536 4181 1653 4240 domino
1665 4183 1825 4256 principali.

1188 4255 1213 4310 7.
1225 4255 1295 4310 item
1312 4254 1381 4324 petit
1393 4253 1446 4309 sibi
1456 4251 1517 4308 dari
1529 4252 1773 4326 archiepiscopum
1787 4257 1939 4312 bituricen-

1152 4337 1212 4380 sem
1232 4324 1370 4450 legatum,
1384 4324 1432 4395 qni
1446 4323 1518 4380 iuter
1532 4330 1633 4381 caetera
1648 4323 1751 4382 haheat
1775 4333 1942 4396 potestatem

1152 4395 1263 4450 reconci
1278 4392 1353 4450 tandi
1368 4409 1470 4450 omues
1484 4395 1547 4451 illos
1583 4395 1611 4451 ui
1627 4393 1663 4450 ad
1678 4394 1802 4452 debitam
1817 4397 1943 4454 ecclesiae

1151 4409 1942 4538 satisfactionemvenerint,etffiaheatlegationemsuam

1151 4549 1350 4606 superomnes
1378 4534 1610 4618 archiepiscopos
1638 4542 1666 4592 et
1689 4537 1839 4610 episcopos
1856 4539 1940 4595 totius

1151 4613 1232 4661 terrae
1245 4620 1309 4676 quae
1324 4621 1355 4661 se
1379 4611 1498 4678 opponit
1517 4605 1666 4663 catholicae
1688 4605 1753 4663 adei
1776 4607 1941 4680 inpartibus

1151 4675 1216 4743 illis,
1230 4683 1257 4732 ot
1276 4676 1406 4732 omnium
1431 4683 1570 4732 terrarum
1592 4675 1784 4748 adjacentium
1798 4693 1862 4750 quae
1876 4693 1938 4750 pos·

1151 4753 1216 4802 snut
1226 4745 1327 4803 cedere
1343 4747 1370 4801 iu
1386 4747 1536 4803 utilitatem
1549 4747 1629 4803 istius
1643 4749 1753 4820 negotii
1768 4749 1813 4805 vel
1829 4749 1941 4822 impedi·

1151 4823 1296 4886 mentum3
1325 4824 1353 4872 ot
1368 4815 1472 4873 haheat
1497 4817 1629 4873 eamdem
1659 4817 1834 4890 legationem
1857 4833 1939 4892 qnam

1150 4885 1248 4943 hahuit
1263 4887 1408 4944 Corradus
1422 4906 1438 4943 e
1461 4887 1573 4959 iscopus
1589 4889 1752 4944 Portneusis
1769 4889 1881 4962 legatus
1895 4889 1939 4946 ll-

1150 4957 1261 5030 higesii,
1278 4965 1307 5013 et
1322 4956 1369 5013 dat
1379 4902 1540 5028 praedicatio
1556 4973 1606 5028 per
1620 4965 1709 5014 totam
1722 4973 1845 5030 regnum
1859 4963 1942 5018 Fran·

1149 5029 1201 5084 ciae
1217 5042 1266 5100 pro
1275 5026 1401 5085 subsidio
1414 5035 1496 5084 terrae
1509 5027 1662 5100 hibigesii:
1673 5029 1770 5085 omnia
1783 5031 1940 5103 supradicta

1151 5099 1228 5164 liant,
1247 5099 1438 5172 appellatione
1452 5105 1570 5155 remota.

1185 5169 1210 5226 8.
1234 5172 1303 5226 ltem
1321 5171 1388 5242 petit
1409 5169 1541 5226 dominus
1557 5183 1606 5225 rex
1624 5168 1710 5241 quod,
1726 5185 1793 5227 cum
1808 5185 1937 5242 expense

1149 5241 1205 5296 sint
1220 5240 1337 5297 infruitae
1364 5247 1393 5297 et
1417 5240 1641 5306 inestimabiles,
1663 5241 1790 5298 Ecclesia
1816 5243 1939 5298 Romana

1151 5311 1298 5382 provideat
1316 5312 1342 5368 ei
1358 5312 1386 5366 iu
1406 5313 1555 5384 sexaginta
1573 5307 1648 5384 [nx]
1666 5311 1790 5368 millibus
1808 5311 1939 5368 librarum

1151 5381 1349 5452 parisiensium
1362 5381 1484 5453 singulis
1495 5378 1676 5454 annisusque
1685 5381 1720 5437 ad
1732 5381 1832 5439 decem
1841 5398 1939 5452 annos,

1150 5465 1213 5523 qnae
1229 5459 1431 5508 convertentur
1452 5452 1481 5507 iu
1497 5465 1565 5508 usus
1585 5452 1660 5508 illius
1673 5457 1765 5509 terrra.

1186 5523 1212 5578 il.
1230 5525 1300 5581 item
1318 5523 1387 5595 petit
1402 5521 1477 5594 quod
1491 5521 1625 5578 dominus
1637 5524 1714 5594 Papa
1728 5529 1861 5594 procuret
1874 5537 1939 5595 erga
