4262 6382
782 261 1010 324 EPISTOLAE.
1035 261 1112 322 LIB.
1137 262 1192 322 ix.

489 429 646 516 LXXIX

231 579 282 638 Ad
301 575 521 644 bodanicum,
537 576 757 634 Francorum
773 585 902 646 recem,

425 703 459 760 it
473 699 607 759 februarii
627 701 704 760 iiio.

202 829 341 893 [bouquet
353 827 413 878 ilec.
425 826 469 876 des
479 825 555 883 ilist,
564 825 632 952 XIX,
643 825 702 883 766;
717 825 825 886 horest,
834 822 880 874 lib.
889 823 933 881 tx,

492 904 565 968 epist.
583 905 595 952 i
613 903 650 968 8.]

171 1015 330 1072 homanum
357 1011 451 1068 Sancti
476 1010 579 1084 Angeli
607 1009 760 1066 diaconum
777 1007 963 1076 cardinalem,

204 1102 240 1160 i.
257 1101 284 1158 S.
298 1101 436 1172 legatum,
452 1099 582 1172 impense
597 1096 781 1154 commendat
793 1096 855 1170 regi
869 1095 961 1154 Ludo·

205 1190 269 1246 vico
281 1189 433 1246 Honorius.

209 1319 964 1400 Honoriusepiscopus„carissimoinChristo

170 1421 237 1482 illio
253 1420 431 1492 Ludovico,
448 1419 521 1494 regi
537 1421 740 1479 Francorum
758 1415 891 1486 illustri,
909 1430 966 1475 sa-

169 1519 283 1590 lutem,
300 1518 363 1579 etc.

209 1616 299 1677 Inter
327 1614 464 1675 caeteros
491 1611 612 1673 iratres
645 1611 777 1672 nostros
813 1609 962 1680 dilectos,

170 1713 258 1774 tilius
282 1713 395 1774 noster
413 1713 583 1772 Romanus
607 1708 720 1770 Sancti
742 1706 861 1783 Angeii
887 1707 964 1768 dia-

170 1825 273 1871 conus
294 1807 489 1880 cardinalis,
515 1807 675 1868 honorem
703 1805 798 1866 tuum
825 1803 965 1882 speciali

170 1905 345 1968 affectione
358 1905 494 1976 zelatur,
512 1904 599 1966 sicut
620 1905 653 1964 et
673 1917 735 1964 nos
756 1902 820 1978 ipsi
842 1900 964 1962 certis-

171 2005 254 2066 sime
277 2004 442 2074 novimus,
459 2003 491 2064 et
506 2001 619 2063 nuncii
635 2000 683 2062 tui
699 2001 778 2060 sunt
798 1998 911 2059 multis
933 1999 967 2058 et

171 2101 380 2162 evidentibus
419 2099 625 2175 argumentis
660 2101 731 2175 jam
776 2095 966 2173 frequenter

171 2199 310 2274 experti.
328 2199 365 2258 In
377 2197 470 2258 tuum
484 2195 588 2272 igitur
599 2211 737 2270 regnum
755 2195 788 2256 et
802 2194 965 2254 circums-

170 2297 401 2372 tantes-partes
414 2294 570 2369 legatum,
583 2294 721 2368 urgente
733 2290 965 2367 multiplicium

173 2393 381 2468 negotiorum
418 2391 626 2462 necessitate,
663 2389 810 2457 missuri,
842 2388 965 2450 dictum

171 2488 375 2552 cardinalem
392 2487 473 2548 illuc
496 2487 701 2564 providimus
720 2485 962 2556 destinandum,

171 2588 208 2647 ut
219 2588 254 2647 iii
269 2587 332 2647 hoc
346 2601 475 2663 qiioque
491 2601 672 2670 cognoscas
688 2599 785 2661 quain
798 2583 840 2644 ad
856 2584 888 2645 te
904 2583 967 2644 ha·

171 2684 307 2746 beamus
342 2683 578 2744 abundantiam
612 2682 773 2744 caritatis.
823 2681 966 2757 Ideoque

172 2782 390 2844 serenitatem
404 2782 494 2842 tuam
508 2795 664 2855 rogamus
676 2780 835 2840 attentius
848 2779 880 2839 et
891 2778 967 2838 lior-

171 2879 291 2949 tamur,
303 2875 965 2955 quatenusipsumtamquamnpostoiieae

173 2975 272 3035 Sedis·
293 2975 449 3048 legatum,
478 2972 578 3032 immo
606 2971 719 3032 verius
743 2987 803 3031 nos
832 2972 866 3030 in
893 2971 965 3046 ipso

171 3087 290 3132 sereno
302 3069 395 3131 vultu
415 3068 570 3145 recipias,
590 3069 686 3144 eique
704 3068 837 3143 dignam
853 3068 964 3127 hono-

171 3168 369 3228 rificentiam
385 3165 546 3227 exhibens
568 3165 601 3228 et
622 3181 641 3226 a
661 3164 728 3226 tuis
743 3165 869 3225 taciens
886 3162 966 3224 sub-

171 3265 249 3327 ditis
273 3263 436 3334 exhiheri,
458 3265 530 3340 ejus
556 3260 746 3322 salubribus
772 3261 907 3322 monitis
933 3262 966 3322 et

172 3361 323 3423 consiliis
337 3361 385 3422 sic
396 3361 589 3421 reverenter
601 3359 766 3430 intendas,
778 3359 864 3436 quod
878 3359 965 3421 idem

173 3461 206 3521 in
234 3457 410 3520 dilectione
432 3457 488 3519 tua
511 3457 551 3518 de
573 3455 626 3518 die
647 3458 683 3517 in
705 3456 792 3517 diem
814 3471 965 3518 crescere

172 3602 327 3668 moveiint,
353 3615 407 3656 nee
437 3606 567 3672 treugam
592 3598 637 3655 vel
666 3613 765 3669 pacem
790 3595 906 3654 iecerint
930 3596 965 3653 ad

173 3673 338 3728 mandatum
349 3670 415 3727 dicti
428 3671 516 3742 regis.
528 3670 598 3738 Quia
612 3683 680 3725 vero
690 3683 811 3741 regnum
827 3681 965 3740 magnum

172 3751 215 3800 cst
235 3751 262 3799 et
282 3755 404 3813 magnos
423 3748 553 3812 sumptus
572 3739 661 3812 exigit
680 3747 708 3796 ct
726 3753 878 3812 expensas,
898 3753 963 3810 pro·

172 3813 316 3879 misimus,
347 3825 428 3869 sacro
470 3811 645 3883 approbante
682 3811 803 3867 concilio
836 3809 966 3868 Bituricis

172 3891 365 3954 congregato,
386 3880 480 3937 eidem
504 3882 567 3962 regi
590 3880 658 3937 dare
677 3880 818 3937 decimam
837 3879 964 3936 omnium

174 3960 360 4024 proventuum
391 3951 651 4007 ecclesiasticorum
680 3951 834 4034 legationis
860 3957 966 4006 nostrie

174 4037 262 4092 iisque
283 4021 318 4078 ad
333 4021 567 4146 fluiiiquennium,
583 4021 607 4078 si
625 4030 771 4094 negotium
787 4027 896 4077 tantuin
911 4019 962 4078 du·

172 4092 287 4160 raverit,
300 4089 336 4146 de
357 4090 429 4148 uelis
443 4090 577 4162 expensis
595 4091 649 4146 illis
663 4106 727 4162 quie
745 4091 915 4162 proveniunt
930 4104 965 4146 en

173 4163 282 4219 cultura
308 4162 454 4218 vinearum
478 4167 506 4216 et
530 4175 675 4232 agrorum.
703 4161 848 4217 Decimam
869 4167 964 4217 autem

175 4233 251 4288 illam
272 4232 378 4304 praelati
399 4246 454 4286 non
474 4231 595 4299 solvent,
616 4245 670 4286 nec
688 4231 783 4286 clerici
802 4231 838 4286 de
858 4229 964 4287 familia

173 4318 234 4371 sua,
256 4305 303 4374 qui
323 4301 508 4374 personaliter
528 4301 555 4356 iii
576 4300 630 4356 hoc
650 4301 766 4372 negotio
784 4300 962 4366 laborabunt,

173 4390 227 4431 noc
241 4374 288 4430 alii
305 4388 377 4444 quos
392 4387 444 4428 iios
458 4379 487 4428 et
504 4385 552 4426 rex
566 4370 717 4442 praedictus
736 4371 909 4443 elegerimus
929 4370 963 4428 ad

192 4445 359 4501 ersonalitor
384 4440 569 4500 laborandum
594 4442 622 4497 in
649 4441 766 4568 negotio
789 4439 962 4512 supradicto.

172 4461 233 4572 Xict
252 4521 345 4570 autem
366 4514 469 4570 solutio
488 4511 607 4569 decimas
631 4511 689 4567 duo
709 4527 742 4568 us
765 4511 894 4568 terminis
914 4525 965 4582 per

172 4601 289 4650 annum,
305 4583 437 4640 videlicet
457 4583 485 4638 in
506 4579 578 4640 testo
598 4583 730 4639 Omnium
754 4583 920 4639 Sanctorum
936 4590 965 4638 et

172 4657 200 4712 iii
228 4655 353 4722 Pascha,
379 4663 408 4710 ot
431 4653 528 4725 incipit
552 4653 641 4724 prima
666 4651 768 4709 solutio
793 4653 821 4708 iii
847 4651 964 4709 instanti

172 4727 242 4784 tosto
258 4725 390 4784 Omnium
404 4725 583 4781 Sanctorum.

209 4819 219 4847 ι
245 4796 383 4864 Quocirca
408 4795 608 4850 paternitatem
631 4799 755 4850 vestram
777 4807 913 4865 rogamus
935 4799 964 4849 et

171 4881 321 4924 monemus
350 4865 500 4932 attentius,
534 4878 588 4936 qua
620 4862 765 4936 fungimur
798 4863 963 4920 auctoritate

170 4938 354 5002 mandantes,
385 4941 534 5006 quatenus,
565 4934 868 4990 excommunicationis
896 4949 960 4990 sen·

170 5011 273 5065 teiiiias
299 5005 450 5079 praedictas
470 5017 520 5074 per
543 5013 666 5061 vostram
682 5005 857 5076 provinciam
873 5003 960 5060 deno-

171 5081 272 5136 minari
309 5078 420 5150 publice
453 5073 609 5143 iacientes,
639 5076 756 5132 verbum
788 5075 881 5132 crucis
914 5090 964 5146 per

170 5163 307 5220 personas
325 5147 463 5206 discretas
479 5153 507 5202 ct
523 5145 671 5212 litteratas,
684 5160 738 5202 nec
748 5146 878 5203 ecclesiis
892 5160 960 5202 one·

170 5235 260 5283 iosas,
278 5219 304 5274 iii
327 5217 427 5273 cadem
450 5215 596 5288 praedicari
620 5215 730 5272 faciatis
748 5232 755 5271 :
773 5214 963 5272 concedentes

170 5291 224 5345 iliis
238 5287 386 5345 catholicis
398 5289 456 5358 qui,
471 5287 563 5345 crucis
578 5294 724 5358 assumpto
739 5284 912 5353 charactere,
927 5285 961 5344 ad

169 5357 368 5416 exterminium
394 5357 559 5414 eorumdem
591 5371 676 5429 supra
705 5355 902 5414 haereticorum
931 5371 962 5413 se

170 5429 354 5494 accinxerint,
376 5436 404 5483 et
423 5428 451 5484 in
487 5429 598 5486 arsonis
618 5428 739 5500 propriis
761 5425 951 5484 laboraverint

169 5508 197 5556 ct
209 5513 351 5578 expensas
366 5443 575 5571 [contuXerintJ.
587 5513 698 5555 necnon
710 5505 738 5554 et
749 5497 803 5554 iilis
815 5498 861 5625 gui
876 5467 960 5570 [non]

169 5572 197 5627 in
218 5583 348 5643 personis
363 5569 484 5639 propriis
500 5568 564 5626 iiiuc
578 5571 761 5632 accesserint,
782 5582 813 5624 se
854 5569 882 5624 in
903 5570 962 5626 suis

1689 257 1808 338 '⁷⁸0

1016 421 1179 491 teneatur,
1196 419 1313 490 einos,
1328 419 1472 496 quicum
1484 421 1626 498 quadam
1641 436 1812 498 praeroga-
1859 417 1864 425 “

1017 517 1086 578 tiva
1107 517 1293 592 diligimus,
1314 517 1463 579 caritatis
1485 518 1692 583 devotionem
1713 535 1809 582 com-

1018 614 1176 677 mendare
1195 616 1230 674 in
1246 615 1386 676 Domino
1401 613 1590 678 debeamus.
1607 619 1725 680 Datum
1744 619 1810 680 La·

1016 712 1138 783 terani,
1154 714 1213 773 XV
1228 711 1295 774 kal.
1313 712 1435 783 martii,
1453 727 1540 773 anno
1553 729 1651 776 nono.

1057 846 1204 920 Scripsit
1226 849 1262 906 tii
1281 849 1438 929 citandam
1452 847 1528 919 scre
1541 851 1679 908 miratum
1694 851 1810 910 Hono-

1017 942 1089 1002 rius
1108 941 1368 1018 archiepiscopis
1384 944 1416 1004 et
1431 943 1605 1020 episcopis,
1623 943 1806 1018 abhatibus,

1018 1037 1185 1115 prioribus
1193 1039 1226 1100 et
1241 1039 1317 1099 aliis
1330 1039 1547 1100 ecclesiarum
1558 1041 1716 1116 praelatis,
1728 1041 1807 1103 ihid.

1019 1137 1113 1214 epist.
1131 1138 1297 1210 CLXXVI,
1315 1135 1369 1197 die
1385 1137 1424 1198 12
1438 1136 1609 1199 februarii.

1058 1272 1148 1332 Item
1171 1269 1375 1348 principibus
1402 1271 1518 1334 Galliae
1540 1272 1637 1344 viris,
1659 1273 1809 1346 ducibus,

1019 1368 1205 1440 comitibus,
1218 1367 1409 1439 baronibus,
1424 1384 1554 1431 necnon
1576 1371 1608 1432 et
1626 1369 1810 1432 rectoribus

1019 1467 1052 1528 et
1077 1464 1287 1527 comitatibus
1314 1465 1483 1528 civitatum
1510 1468 1543 1527 et
1570 1468 1753 1528 castrorum
1775 1468 1811 1528 in

1019 1577 1122 1638 regno
1145 1561 1297 1625 Francim
1321 1579 1361 1626 ac
1380 1560 1416 1625 in
1435 1563 1623 1636 Provincia,
1641 1565 1715 1637 etc,
1730 1562 1810 1626 ibid.

1019 1660 1115 1738 epist.
1129 1661 1313 1721 CLXXVII.

1348 1845 1487 1934 LXXX

1112 2000 1164 2058 Ad
1180 2000 1366 2069 andream,
1380 2013 1500 2074 repam
1514 2001 1718 2074 Hunaartcc.

1279 2127 1313 2184 it
1327 2125 1461 2185 februarii
1477 2129 1554 2186 isit.

1128 2251 1256 2316 [Tbeinen
1268 2251 1335 2302 iton.
1352 2251 1496 2316 Hungariie,
1509 2253 1530 2315 i,
1542 2251 1583 2311 ti,
1597 2266 1623 2304 n.
1640 2253 1706 2318 iit]

1021 2369 1162 2426 Honorius
1178 2383 1210 2426 se
1224 2383 1324 2442 preces
1340 2367 1471 2439 Andreae,
1488 2370 1566 2442 regis
1580 2370 1743 2442 Hungariie,
1760 2386 1810 2428 ex·

1055 2455 1215 2515 auditurum
1223 2456 1370 2530 promittit,
1378 2464 1406 2513 et
1417 2459 1447 2514 F.
1459 2455 1605 2516 custodem
1612 2459 1810 2530 Orodiensem,

1057 2551 1268 2616 procuratorem
1284 2545 1408 2616 regium,
1422 2543 1476 2616 ipsi
1490 2545 1682 2604 commendat.

1060 2680 1727 2755 Honoriusepiscopus,servusservorum
1738 2683 1810 2754 Dei,

1019 2778 1142 2838 illustri
1156 2777 1228 2851 regi
1241 2775 1433 2850 Hungariae,
1460 2775 1599 2836 salutem
1619 2777 1653 2836 et
1666 2779 1811 2853 Aposto-

1020 2870 1403 2934 licamhenedictionem.

1060 2970 1221 3030 Dilectum
1237 2967 1341 3028 tilium
1362 2967 1556 3042 magistrum
1572 2969 1620 3036 P„
1642 2969 1812 3031 custodem

1021 3065 1811 3140 Orodiensem,ciericumetprocuratoremtuum

1019 3165 1127 3226 virum
1143 3161 1443 3240 utiqneprovidum
1469 3163 1501 3224 et
1525 3163 1714 3236 discretum,
1738 3181 1812 3226 cum

1020 3261 1209 3323 serenitatis
1224 3267 1289 3322 tuae
1303 3260 1422 3322 litteris
1437 3261 1478 3321 ad
1504 3261 1620 3322 Sedena
1641 3262 1812 3338 Apostoli-

1020 3376 1092 3422 cam
1104 3358 1327 3429 accedentem,
1338 3357 1683 3438 henignerecipimus3
1700 3360 1811 3433 ethis,

1020 3458 1188 3535 quaeidem
1202 3471 1314 3518 coram
1336 3456 1432 3517 nobis
1451 3473 1493 3517 ex
1509 3460 1603 3533 parte
1615 3460 1671 3519 tua
1687 3473 1813 3536 propo-

1019 3597 1166 3656 dumtaxat
1181 3596 1323 3679 expensis,
1344 3596 1423 3669 juxta
1439 3595 1601 3655 facultatem
1621 3605 1649 3656 et
1668 3600 1810 3670 quantita·

1019 3677 1077 3727 tem
1095 3683 1186 3735 suam,
1203 3683 1278 3724 viros
1295 3664 1414 3723 idoneos
1428 3666 1696 3737 demonstraverint,
1710 3677 1741 3727 ut
1757 3669 1812 3725 iliis

1020 3739 1148 3796 similiter
1162 3739 1220 3809 qui,
1239 3739 1305 3795 iicet
1323 3738 1352 3794 in
1371 3738 1471 3818 alienis
1486 3751 1630 3864 expensis,
1647 3739 1812 3820 inpropriis

1019 3817 1115 3867 tamen
1147 3809 1257 3865 eisonis
1272 3814 1454 3876 accesserint,
1467 3815 1498 3864 ut
1512 3809 1521 3864 i
1533 3809 1557 3864 la
1573 3807 1718 3880 gaudeant
1731 3809 1812 3866 liher-

1020 3888 1087 3942 tete,
1105 3825 1210 3950 ilXuiue
1227 3877 1377 3950 privilegio
1394 3875 1451 3934 sint
1467 3878 1578 3960 muniti,
1594 3893 1656 3950 qum
1671 3877 1810 3936 acceden-

1019 3951 1094 4007 tibus
1112 3951 1141 4006 in
1160 3951 1254 4005 Terrae
1273 3949 1384 4005 Sancta
1408 3946 1563 4004 subsidium
1587 3947 1783 4006 concedantur
1802 3967 1810 4006 z

1019 4020 1105 4104 huius
1121 4033 1233 4096 quoque
1248 4017 1424 4075 remissionis
1440 4018 1647 4076 denunciantes
1665 4034 1729 4076 esse
1744 4035 1809 4092 par·

1019 4093 1129 4162 ticipes,
1152 4095 1231 4161 Juxta
1257 4090 1444 4161 quantitatem
1468 4087 1585 4146 subsidii
1605 4095 1633 4146 et
1652 4088 1812 4146 devotionis

1020 4161 1163 4228 allectum,
1186 4159 1235 4242 qui
1257 4157 1292 4214 ad
1314 4157 1532 4215 subventionem
1554 4159 1679 4231 praedicti
1701 4161 1811 4232 nogotii

1018 4233 1085 4290 lesu
1098 4229 1200 4290 Christi
1220 4228 1256 4286 de
1274 4227 1357 4285 bonis
1375 4229 1435 4285 suis
1452 4243 1581 4302 congrue
1599 4231 1810 4299 ministrabunt,

1019 4309 1067 4360 aut
1081 4301 1155 4358 circa
1172 4299 1304 4382 praedicta
1320 4299 1470 4358 consilium
1493 4306 1523 4358 et
1546 4301 1682 4358 auxilium
1696 4300 1808 4376 impen-

1018 4372 1273 4444 derintoptimum.

1056 4464 1067 4492 ι
1082 4445 1231 4499 Menenius
1243 4441 1328 4497 etiam
1344 4439 1543 4498 discretionem
1556 4450 1681 4500 vestram
1697 4450 1725 4500 et
1741 4442 1807 4500 hor·

1018 4521 1112 4570 tamur
1128 4514 1157 4568 in
1179 4513 1300 4570 Domino
1320 4513 1387 4568 lesu
1406 4511 1526 4581 Christo,
1547 4522 1687 4584 quatenus
1705 4513 1808 4570 satira·

1018 4597 1128 4666 gavisos
1148 4590 1257 4640 vestros
1276 4581 1312 4639 ad
1331 4581 1492 4653 huiusmodi
1516 4581 1617 4640 Christi
1641 4583 1808 4665 obsequium

1018 4654 1153 4720 invitalis,
1165 4662 1195 4711 ut
1207 4654 1322 4726 signum
1338 4653 1430 4709 crucis
1445 4660 1501 4708 tam
1517 4667 1569 4710 vos
1584 4667 1669 4725 quain
1684 4654 1811 4736 episcopi

1018 4725 1173 4796 accipiatis.
1191 4739 1241 4795 pro
1254 4737 1352 4779 amore
1368 4723 1443 4778 illius
1458 4723 1505 4793 qui
1527 4737 1576 4794 pro
1591 4723 1672 4779 vohis
1686 4739 1807 4797 sangui·

1018 4809 1083 4852 nem
1103 4810 1186 4850 suum
1206 4793 1285 4850 indit.
1303 4794 1349 4850 Sic
1363 4794 1439 4848 enim
1458 4792 1595 4852 studeatis
1610 4795 1638 4850 in
1654 4793 1709 4850 hoc
1722 4809 1810 4866 opere

1017 4865 1165 4922 sollicitius
1183 4865 1319 4938 vigilare,
1340 4861 1414 4934 quod
1435 4863 1579 4934 proximos
1598 4864 1659 4936 ipse
1683 4865 1809 4922 caritatis

1018 4943 1119 4992 vestrae
1130 4933 1213 4992 ardor
1226 4932 1373 5001 accendat,
1385 4947 1503 5004 vosque,
1516 4941 1617 5004 praetcr
1632 4933 1713 4991 bonis
1727 4933 1810 4992 iamm

1017 5005 1336 5073 mercedem,ietcrnum
1353 5003 1453 5075 positis
1464 5005 1611 5074 piaemium
1622 5013 1809 5077 exspectare:

1017 5078 1141 5134 scientes
1179 5075 1235 5133 uod
1257 5074 1390 5146 praelatus
1414 5089 1474 5140 rev,
1497 5082 1560 5145 post
1582 5075 1683 5132 testam
1706 5079 1808 5134 hesur-

1018 5147 1151 5203 rectionis
1159 5091 1324 5202 Xiominicae
1337 5145 1506 5216 proximum,
1524 5145 1578 5201 erit
1592 5147 1695 5204 Bituris
1710 5161 1807 5219 perso·

1017 5219 1118 5273 naliter
1131 5231 1195 5273 cum
1209 5216 1334 5272 exercitu
1347 5229 1410 5282 suo,
1424 5214 1598 5272 concedente
1611 5219 1681 5284 Deo,
1697 5216 1807 5289 proteo·

1017 5295 1097 5344 turus
1126 5287 1243 5344 viriliter
1280 5293 1309 5342 et
1343 5284 1495 5356 prudenter
1527 5293 1625 5343 contra
1661 5287 1811 5345 hoereticos

1016 5373 1049 5415 su
1072 5357 1205 5424 radiatos,
1224 5369 1333 5428 nosque
1355 5355 1484 5412 similiter
1502 5364 1570 5414 tuiic
1586 5357 1690 5416 ibidem
1711 5373 1808 5432 perso·

1017 5374 1118 5485 naXiier
1133 5427 1240 5484 erimus
1254 5441 1317 5482 cum
1332 5425 1443 5483 eodem.
1459 5429 1561 5484 Damni
1577 5427 1710 5502 Parisios,
1727 5429 1812 5486 nonis

1017 5498 1149 5556 februarii
1167 5496 1258 5570 [enno
1273 5496 1366 5569 itit}
1386 5518 1397 5546 ι
