4244 6374
166 305 225 366 581

773 298 1002 362 srrsroum.
1027 299 1103 358 uie.
1128 298 1212 373 vnr.
1752 301 1812 362 532

167 460 232 522 sihi
242 461 330 522 sicut
342 460 464 521 dicitur
478 459 678 523 liberalitate
694 459 797 534 regia,
810 459 877 518 imo
892 473 964 518 me·
1018 457 1233 516 succurratur
1245 456 1409 516 exercitui
1423 457 1606 518 christiano
1620 457 1763 520 feliciter
1774 461 1809 521 in
1845 455 1852 459 ’

166 559 233 620 rita
252 557 473 619 retributione
494 556 641 627 donavit,
672 555 840 617 hostiliter
868 554 962 617 obsi·
1019 551 1168 628 partibus
1198 552 1431 614 transmarinis
1466 555 1606 616 Domino
1641 555 1809 629 militanti,

166 655 286 728 dendo,
312 671 379 716 non
394 654 581 725 advertens,
606 668 713 731 neque
734 653 962 724 considerans,
1020 649 1074 725 qui
1090 650 1154 710 etsi
1163 649 1290 726 jugiter
1304 649 1515 712 convalescat
1529 653 1644 714 contra
1658 653 1812 715 inimicos

167 767 267 830 quam
283 752 475 824 indisereta,
503 767 545 812 ne
570 750 673 812 infida
698 751 857 822 dicamus,
887 750 965 812 sunt
1019 747 1164 807 nominis
1179 747 1366 818 christiani,
1383 748 1475 809 tanto
1489 750 1595 823 magis
1611 751 1722 811 tamen
1735 749 1812 813 suo-

168 865 285 912 eorum
298 849 449 920 consilia,
472 849 529 926 qui
544 848 605 910 tibi
631 850 815 924 suggerunt
834 849 963 908 eisne-
1019 858 1119 904 cursu
1134 843 1262 919 indiget
1273 844 1416 920 pleniori
1432 847 1554 921 quanto
1579 846 1679 908 latius
1694 849 1811 909 inimi-

167 946 257 1018 dent,
271 948 306 1009 ut
318 947 549 1022 hoctempore,
561 961 626 1022 quo
636 944 697 1008 tibi
712 960 807 1006 arma
818 943 965 1005 inierun-
1019 956 1132 1001 corum
1147 956 1312 1016 occupans
1324 944 1432 1002 terras
1449 957 1584 1003 necesse
1597 943 1697 1005 habet
1709 960 1811 1006 occu-

167 1045 224 1106 tur
252 1044 402 1115 externa,
430 1045 466 1105 tu
500 1043 626 1104 inferas
654 1057 757 1104 arma
793 1042 871 1113 tuis,
908 1040 964 1117 qui
1020 1036 1105 1113 palis
1131 1036 1251 1112 probos
1275 1037 1435 1112 deputare
1459 1039 1624 1109 custodes,
1647 1040 1747 1101 talem
1772 1043 1812 1103 ad

167 1141 302 1204 etiamsi
330 1141 364 1202 te
393 1141 541 1217 graviter
567 1139 794 1208 offendissent,
827 1137 965 1199 deberes
1019 1133 1381 1194 commonefaciendum
1397 1150 1497 1211 super
1518 1135 1580 1197 hoc
1596 1137 1815 1198 christifide-

167 1239 243 1300 tuas
270 1238 311 1299 ad
338 1253 485 1314 praesens
512 1237 723 1298 dissimulare
751 1237 905 1314 injurias,
933 1235 966 1297 et
1020 1231 1067 1290 les
1081 1232 1228 1306 oportuit
1243 1247 1303 1291 nos
1325 1231 1459 1306 eligere,
1477 1232 1533 1308 qui
1554 1234 1662 1294 zelum
1680 1235 1739 1294 Dei
1752 1235 1815 1296 ha-

167 1336 261 1412 ipsos
275 1334 379 1410 regiis
393 1333 566 1396 beneficiis
581 1334 721 1396 reddere
735 1334 771 1394 in
785 1334 842 1394 tua
855 1333 888 1394 et
910 1348 966 1392 re-
1020 1325 1100 1386 bens
1113 1326 1293 1386 secundum
1305 1327 1478 1388 scientiam
1495 1345 1563 1389 non
1578 1330 1687 1390 minus
1696 1331 1814 1392 merito

167 1433 227 1508 gni
250 1432 299 1494 tui
314 1431 508 1493 defensione
530 1431 705 1492 unanimes
720 1431 754 1492 et
772 1429 963 1500 concordes,

168 1530 202 1591 et
212 1544 279 1590 non
291 1529 470 1590 incendere
481 1543 620 1603 regnum
630 1527 740 1604 ipsum
749 1526 963 1597 intrinsecus,

168 1625 256 1702 quod
268 1628 339 1702 jam
354 1625 563 1686 extrinsecus
579 1625 683 1688 ardet.
699 1627 777 1684 »De
792 1623 895 1684 Gallis
910 1623 965 1683 lo-

168 1723 292 1800 quitur,
309 1723 377 1799 qui,
405 1723 442 1784 ut
456 1722 613 1792 diximus¹
644 1723 755 1798 plures
772 1721 882 1797 ipsius
894 1719 965 1780 cis-

169 1820 318 1880 marinas
329 1818 518 1895 provincias
531 1817 742 1895 subegerant.
764 1835 782 1878 v
795 1819 967 1879 Monemns

170 1916 274 1992 igitur
296 1916 509 1978 serenitatem
528 1917 631 1988 tuam,
656 1918 689 1977 et
712 1916 885 1976 hortamur
911 1913 967 1974 at-'

169 2015 273 2085 tento,
301 2015 364 2076 etc.
391 2030 410 2074 »
437 2014 586 2074 inculcat
609 2013 646 2074 ut
673 2012 780 2074 loedus
804 2027 880 2072 cum
908 2010 966 2072 illo

170 2111 274 2181 ineat,
288 2125 328 2171 ac
343 2109 520 2172 Pontidoia
534 2109 675 2172 consilia
685 2108 851 2186 praeierat.
867 2123 886 2167 c
901 2109 969 2168 Da-

170 2209 241 2268 tum
257 2207 424 2268 Laterani.
442 2224 461 2268 »

474 2467 667 2553 CLXXIII

170 2620 223 2679 Ad
236 2619 477 2692 pccrmrcocm
495 2621 764 2695 duodecennem,
791 2617 970 2692 Mogonti-

212 2731 308 2784 num,
327 2719 585 2786 treverensem,
610 2717 854 2784 coloniensem,
869 2716 971 2789 Meq-

212 2803 470 2888 dedcrpensem,
482 2814 557 2884 etc„
567 2814 839 2885 archiepiscopos
850 2813 884 2871 et
895 2813 970 2882 ejus

213 2911 466 2986 suffraganeos.

366 3057 446 3130 (Sine
461 3064 527 3113 nola
545 3055 774 3128 chronologica.)

184 3221 187 3227 ·
261 3197 440 3262 [Wurdtweim
453 3199 525 3248 Nova
537 3197 660 3255 subsidia,
676 3202 695 3246 t.
708 3197 750 3256 IV,
766 3212 792 3262 p.
811 3195 877 3262 ltu]

173 3337 269 3408 Rogat
282 3349 333 3391 eos
345 3341 375 3392 ut
386 3334 514 3407 legatum
528 3333 724 3406 Apostolicum
738 3330 813 3388 bene
832 3332 971 3404 recipient

334 3437 367 3480 ac
380 3423 473 3480 eidem
485 3423 513 3478 ln
523 3421 655 3480 omnibus
665 3421 809 3478 obedient.

214 3557 972 3636 Quumisqnisecundumsnaeomnipotentiam

174 3657 360 3734 majestatis
390 3671 451 3716 nec
489 3656 562 3716 loco
594 3656 701 3731 potest
732 3669 794 3716 nec
822 3657 972 3730 tempore

175 3754 424 3831 comprehendi,
439 3753 551 3829 utpote
570 3751 928 3828 incircumscriptibilis
940 3755 973 3813 et

173 3853 356 3914 immensus
380 3852 414 3912 et
439 3850 568 3912 stabilis
600 3865 740 3911 manens
769 3850 826 3910 dat
852 3851 971 3910 cuncta

174 3950 313 4020 moveri,
328 3948 430 4009 iaciat
444 3948 581 4024 spiritns
604 3963 683 4008 suos
698 3947 835 4022 angelos
850 3947 883 4008 et
904 3947 972 4006 mi-

175 4047 311 4116 nistros,
325 4048 359 4107 ot
370 4045 529 4106 coelorum
539 4045 717 4106 altitudine
729 4043 888 4105 inclinata
903 4059 973 4104 oar·

176 4159 253 4204 nem
266 4143 445 4202 humanam
465 4157 639 4202 assumens
652 4156 712 4218 pro
729 4157 768 4202 eo
782 4141 869 4217 quod
888 4140 973 4203 deli-

177 4241 239 4301 ciae
254 4255 322 4300 suae
338 4238 415 4300 sunt
428 4253 503 4299 esse
518 4254 592 4299 ovum
609 4239 689 4299 liliis
701 4238 886 4310 hominum,
903 4239 974 4299 dis-

176 4337 306 4414 cipulos
319 4351 400 4413 quos
414 4335 560 4411 elegerat
574 4335 608 4396 in
619 4334 778 4396 mundum
793 4335 973 4397 destinavit

176 4435 381 4506 universum,
410 4435 446 4495 ut
465 4434 555 4494 omni
580 4433 802 4509 praedicarent
821 4436 974 4508 Evange-

176 4532 259 4593 lium
274 4532 449 4604 creaturae,
467 4546 528 4592 suo
547 4547 608 4591 nos
632 4530 793 4592 instruxit
806 4529 969 4606 exemplo,

176 4631 214 4692 ut
232 4633 305 4707 ejus
327 4629 504 4706 sequentes
517 4627 670 4705 vestigia,
686 4643 786 4704 quum
807 4627 972 4703 assumpti

175 4728 211 4787 in
239 4726 444 4803 plenItudine
466 4726 640 4802 potestatis
660 4739 722 4785 uec
749 4737 808 4800 per
830 4739 889 4786 vos
911 4739 972 4785 nec

1020 1423 1207 1484 sanctitatis
1229 1426 1262 1485 et
1276 1439 1413 1499 operum
1428 1426 1613 1502 exemplari
1632 1443 1729 1502 quam
1744 1429 1816 1488 vir-

1019 1519 1089 1579 tute
1103 1519 1195 1579 vocis
1210 1519 1251 1578 ad
1273 1519 1518 1596 obsequendum
1542 1523 1681 1583 Domino
1705 1540 1814 1600 popu-

1021 1615 1089 1676 lum
1104 1615 1285 1676 efficaciter
1297 1617 1476 1692 excitarem
1493 1619 1526 1679 et
1547 1634 1623 1679 ecoe
1645 1635 1665 1680 a
1689 1619 1815 1682 dextris

1021 1713 1072 1774 est
1086 1713 1138 1773 vir
1152 1713 1299 1774 dexterae
1314 1714 1517 1776 venerabilis
1539 1714 1643 1776 frater
1664 1719 1813 1779 noster...

1021 1810 1197 1886 episcopus
1227 1811 1414 1872 Hostiensis
1444 1813 1501 1890 qui
1527 1814 1663 1874 dextera
1701 1814 1815 1877 divirm

1021 1907 1179 1984 tanquam
1188 1908 1306 1982 cedrus
1317 1907 1434 1969 Libani
1445 1909 1602 1985 praelatus
1611 1911 1646 1971 in
1657 1913 1815 1974 Ecclesiae

1022 2005 1189 2080 paradiso,
1215 2005 1390 2067 altitudine
1413 2007 1701 2084 contemplationis
1727 2024 1817 2071 erec-

1021 2103 1086 2172 tus
1103 2102 1262 2164 virtutum
1279 2102 1380 2164 odore
1403 2105 1526 2176 suavis,
1556 2104 1652 2166 samse
1674 2106 1818 2168 sinceri-

1021 2199 1090 2260 tate
1114 2199 1245 2276 penitns
1273 2199 1499 2277 imputribilis,
1527 2217 1592 2262 non
1621 2203 1729 2263 solum
1756 2219 1816 2266 sua

1022 2296 1215 2359 fortitudine
1229 2296 1269 2359 ad
1279 2298 1676 2362 sustentationemdomus
1685 2301 1816 2362 Domini

1023 2394 1189 2470 operatur,
1205 2409 1322 2454 verum
1342 2395 1444 2455 etiam
1465 2395 1651 2458 honestatis
1673 2398 1817 2459 candore

1023 2491 1130 2567 ipsius
1157 2491 1367 2568 superficiem
1394 2495 1621 2556 convenustat.
1647 2495 1711 2556 Sed
1740 2495 1818 2558 licet

1023 2589 1128 2664 ipsius
1154 2589 1332 2665 presentia
1357 2605 1434 2650 cara
1457 2591 1554 2652 nobis
1568 2592 1665 2652 valde
1679 2609 1815 2654 carere-

1023 2701 1096 2746 mus
1114 2685 1223 2757 inviti,
1240 2686 1353 2762 utpote
1377 2691 1472 2764 cujus
1487 2689 1628 2749 consilio
1643 2689 1675 2751 et
1690 2691 1817 2751 arixilio

1024 2783 1205 2858 plurimum
1239 2783 1439 2858 indigemus
1474 2801 1516 2844 ne
1551 2785 1662 2846 tamen
1688 2789 1816 2848 tantum

1025 2879 1148 2940 Christi
1162 2880 1331 2954 negotium
1358 2881 1480 2941 nostris
1500 2883 1697 2958 postponere
1725 2900 1819 2945 com-

1025 2975 1131 3036 modis
1154 2975 1338 3045 videamur,
1366 2991 1440 3038 eum
1468 2979 1592 3040 adhoc
1615 2981 1819 3056 providimus
1866 2967 1867 2970 ¹

1025 3072 1260 3150 deputandum,
1278 3075 1314 3134 ut
1340 3073 1481 3150 iungens
1515 3076 1621 3152 plenae
1642 3077 1819 3153 legationis

1025 3169 1135 3231 officio
1151 3185 1211 3247 pro
1226 3171 1357 3232 ChrIsto
1376 3165 1581 3248 evangelizet
1596 3176 1725 3252 populis
1739 3193 1819 3238 ver-

1025 3268 1103 3329 bum
1118 3268 1237 3340 crucis,
1267 3270 1300 3331 et
1321 3269 1406 3330 alias
1420 3273 1510 3332 recta
1536 3286 1653 3347 regere
1668 3272 1701 3334 et
1726 3273 1818 3334 indi-

1025 3367 1116 3426 recta
1131 3365 1276 3440 dirigere
1298 3367 1453 3443 satagens
1477 3369 1627 3445 asperari
1649 3374 1821 3434 convertat

1026 3464 1061 3523 in
1074 3463 1184 3538 plana,
1199 3463 1397 3540 extirpando
1411 3465 1492 3526 vitia
1508 3467 1540 3527 et
1555 3467 1734 3543 plantando
1745 3471 1819 3530 vir-

1024 3560 1132 3634 tutes3
1154 3559 1284 3620 firmam
1309 3576 1400 3636 spem
1423 3561 1643 3640 fiduciamque
1669 3565 1820 3627 tenentes

1026 3655 1112 3732 quod
1127 3657 1286 3717 Dominus
1302 3659 1358 3734 qui
1378 3658 1409 3718 ei
1424 3659 1573 3734 linguam
1589 3663 1729 3723 contulit
1740 3677 1821 3723 eru·

1026 3753 1140 3825 ditem,
1162 3753 1244 3813 dans
1266 3754 1340 3814 voci
1356 3757 1428 3830 ejus
1448 3770 1562 3815 vocem
1582 3755 1716 3818 virtutis
1738 3773 1818 3831 suae,

1026 3851 1062 3910 in
1083 3849 1291 3926 heneplacito
1314 3865 1375 3912 suo
1389 3851 1511 3925 diriget
1525 3851 1597 3912 vias
1611 3856 1694 3930 ejus,
1716 3855 1820 3930 ipsius

1027 3945 1184 4007 facundia
1212 3949 1339 4008 mentes
1361 3947 1566 4012 audientium
1589 3949 1819 4013 foecundando.

1027 4045 1189 4104 caeterum
1202 4043 1276 4114 etsi,
1293 4045 1365 4119 ejus
1387 4045 1540 4120 exemplo
1555 4049 1650 4123 quus
1665 4047 1823 4110 immeriti

1025 4141 1133 4202 vicem
1147 4141 1305 4216 gerimus,
1329 4141 1415 4217 quod
1438 4142 1495 4202 uni
1519 4157 1562 4202 ex
1576 4145 1722 4206 minimis
1743 4163 1824 4207 nos-

1026 4238 1140 4299 trisiit
1159 4236 1254 4298 nobis
1279 4237 1352 4299 lieri
1378 4241 1580 4316 reputemus
1606 4241 1684 4319 quia
1709 4243 1820 4305 tamen

1027 4335 1112 4398 sicut
1135 4334 1231 4396 stella
1252 4334 1397 4397 differta
1413 4337 1510 4398 stella
1535 4339 1568 4398 in
1591 4339 1755 4413 claritate,
1774 4341 1820 4403 ita

1026 4433 1182 4493 intereos
1197 4433 1248 4493 est
1262 4431 1431 4494 distinctio
1447 4435 1651 4508 meritorum,
1669 4453 1729 4499 nos
1754 4455 1817 4500 cu-

1026 4529 1155 4605 pientes
1174 4529 1369 4606 praedictum
1395 4531 1587 4608 episcopum
1612 4549 1651 4594 eo
1677 4550 1823 4611 propen-

1027 4627 1098 4686 sius
1108 4626 1278 4699 honorarl,
1291 4641 1355 4704 quo
1367 4645 1426 4704 per
1434 4644 1509 4690 eum
1521 4631 1622 4690 Sedes
1632 4632 1822 4707 Apostolica

1027 4723 1201 4784 sublimius
1230 4725 1425 4796 honoratur,
1461 4727 1713 4788 universitatem
1747 4745 1824 4789 ves-

175 4840 236 4901 per
261 4839 321 4885 nos
346 4824 434 4900 ipsos
459 4824 625 4899 possimus
658 4822 800 4898 singulis
830 4821 972 4896 negotiis
1026 4823 1112 4882 tram
1140 4838 1307 4897 rogamus,
1337 4839 1509 4884 monemus
1532 4825 1565 4885 ot
1579 4825 1753 4886 hortamur
1767 4829 1822 4888 at-

175 4921 363 4992 imminere,
379 4921 467 4982 inter
481 4935 539 4982 eos
553 4936 638 4996 quos
655 4919 691 4979 in
707 4921 834 4996 partem
845 4917 974 4980 sollici·
1026 4920 1116 4980 tente
1126 4921 1160 4979 et
1172 4933 1231 4996 per
1241 4921 1430 4996 apostolica
1442 4919 1535 4981 vobis
1549 4921 1673 4997 scripta
1683 4922 1823 4986 tirmiter

177 5019 303 5080 tudinis
318 5017 530 5080 evocavimus
543 5033 657 5089 onere,
671 5017 767 5094 quasi
781 5017 896 5080 Jethro
919 5017 972 5078 usi
1027 5015 1249 5094 praecipiendo
1265 5017 1473 5089 mandamus,
1489 5019 1654 5095 quatenus
1672 5021 1822 5082 eumdem

176 5117 328 5190 consilio,
355 5115 540 5176 dividamus
574 5114 755 5191 unicuique
791 5113 972 5175 secundum
1026 5114 1242 5190 legatumvel
1264 5115 1451 5189 potiusnos
1474 5116 1599 5192 inipso
1621 5118 1821 5194 reciptentes

176 5213 332 5276 virtutem
347 5213 527 5290 propriam,
552 5227 626 5289 quae
641 5211 745 5272 variis
767 5211 972 5287 temporibus
1027 5210 1181 5272 hilariter
1203 5215 1236 5272 et
1262 5212 1390 5284 devote,
1406 5227 1445 5272 ac
1472 5213 1581 5275 debita
1607 5218 1823 5279 veneratione

176 5310 351 5372 imminent
365 5310 610 5372 committendo.
637 5309 731 5370 Unde
760 5324 861 5384 quum
885 5309 972 5370 inter
1026 5308 1217 5383 tractantes,
1235 5307 1341 5368 eidem
1357 5308 1558 5372 inomnibus
1581 5313 1614 5372 et
1636 5329 1695 5389 per
1711 5314 1820 5374 omnia

178 5407 262 5469 alias
281 5407 516 5483 occupationes
541 5406 575 5466 et
601 5405 844 5467 sollicitudines
871 5405 973 5466 innu·
1026 5404 1186 5466 studeatis
1200 5404 1382 5466 efficaciter
1403 5404 1553 5480 obedire;
1575 5409 1621 5470 ita
1638 5409 1723 5485 quod
1747 5427 1822 5472 eum

178 5519 287 5564 meras
308 5505 342 5564 et
359 5504 539 5564 immensas
561 5501 681 5580 quibus
706 5501 862 5578 angimur
883 5501 971 5563 ultra
1025 5502 1205 5578 propitium
1228 5504 1262 5563 et
1279 5517 1339 5562 nos
1356 5502 1449 5564 vobis
1464 5505 1585 5566 exindo
1609 5505 1756 5568 reddatis
1771 5507 1823 5570 la-

178 5599 277 5672 vires,
307 5600 370 5662 hoo
395 5600 573 5662 instantius
609 5601 791 5674 cogitemus
828 5597 973 5675 qualiter
1025 5598 1192 5660 vorabiles
1207 5599 1240 5659 et
1257 5598 1429 5674 benignos.
1447 5602 1602 5678 Alioquin
1623 5605 1821 5670 sententiam
