4226 6372
336 304 395 362 ala

335 463 455 524 ditioni
470 461 647 538 subjectos,
671 461 727 538 qui
748 475 807 537 per
829 460 987 536 generale
1003 459 1134 536 capitu-

335 557 416 630 lum,
433 559 485 618 vel
500 559 689 618 visitatores
707 559 812 634 ipsius
827 555 922 616 vobis
937 557 1133 616 nuntiantur

337 655 517 732 aliquando
546 654 732 724 amovendi,
754 655 806 714 vel
828 653 1015 714 volentibus
1038 652 1130 712 cele-

335 753 434 814 brare
449 753 644 828 capitulum,
654 752 713 811 aut
725 767 883 811 excessus
896 749 1064 824 corrigere
1077 765 1133 808 re-

336 849 474 920 sistatis,
487 849 573 908 sicut
586 849 618 908 in
636 848 760 908 eisdem
774 848 894 908 litteris
912 845 1042 922 plenius
1056 861 1133 905 con·

335 945 564 1018 tinetur,tales
576 961 635 1005 vos
648 944 849 1006 exhibuistis
864 943 898 1002 in
915 943 1001 1004 sacto
1015 943 1133 1018 hujus-

335 1043 436 1114 modi,
454 1057 518 1118 quo
541 1059 606 1102 nou
628 1041 695 1101 alia
720 1041 785 1100 nisi
810 1057 883 1116 quae
910 1041 986 1100 sunt
1008 1039 1130 1099 Christi

336 1141 541 1217 quaeruntur,
569 1142 603 1199 ut
619 1154 684 1198 nou
705 1139 929 1212 augmentum,
955 1135 1013 1196 sed
1028 1135 1133 1196 detri-

336 1239 482 1298 mentum
494 1229 633 1306 ordinis,
648 1235 681 1296 et
695 1251 762 1294 non
772 1235 960 1294 animarum
975 1233 1128 1304 salutem,

331 1333 394 1394 ‚aed
436 1333 619 1410 periculum
645 1331 825 1392 videamini
851 1325 1021 1390 atrectare.
1048 1330 1131 1400 Quia

336 1447 416 1490 vero
431 1431 578 1506 graviter
592 1430 626 1490 in
642 1429 705 1491 hoc
720 1429 924 1504 delinquitis,
940 1430 974 1488 et
995 1427 1131 1502 sanguis

336 1527 599 1604 ‹leiiuquentium
624 1525 721 1586 dehet
746 1525 786 1586 de
809 1541 910 1586 mauu
933 1527 1044 1586 vestra
1072 1539 1130 1583 re-

336 1624 436 1700 quiri,
454 1623 524 1684 sive
547 1622 735 1699 impediatis
757 1606 884 1682 tautum
909 1620 1042 1689 bouum,
1060 1619 1131 1680 sive

337 1721 528 1782 ‹letractetis
548 1735 649 1795 super
673 1719 734 1780 hoc
751 1718 862 1778 lacere
885 1716 971 1794 quod
992 1717 1128 1789 dehetis,

336 1817 537 1880 fraternitati
552 1821 672 1878 vestrae
689 1833 859 1876 monemus
871 1831 929 1892 per
942 1815 1130 1892 Apostolica

334 1915 430 1976 vobis
453 1916 576 1990 scripta
597 1915 683 1974 sicut
707 1915 827 1974 iterum
851 1914 900 1974 sic
920 1911 1080 1974 attentius
1096 1912 1130 1970 in

334 2013 458 2075 virtute
484 2011 681 2072 obedieutiae
717 2010 868 2071 districte
908 2008 1130 2085 praecipiendo

336 2111 543 2180 mamiantes,
561 2111 723 2184 qnatenus
739 2108 773 2166 in
791 2107 968 2166 iteratione
984 2106 1130 2166 mandati

338 2207 467 2282 qtleuius
497 2206 719 2280 intelligentes
747 2203 952 2264 mandatoris
974 2203 1130 2263 allectum

335 2305 370 2364 in
387 2303 478 2363 nullo
493 2319 551 2362 vos
567 2301 741 2379 opponatis
757 2299 944 2362 volentibus
960 2299 1131 2362 celebrare

336 2399 529 2477 capitulum,
544 2401 576 2460 et
598 2399 766 2472 corrigere
787 2397 1028 2474 delinquentes.
1046 2396 1132 2457 Sub-

333 2501 441 2574 jectos
457 2498 557 2558 otiam
573 2497 690 2558 ditioni
707 2498 826 2557 vestrae
840 2495 986 2566 abbates,
1001 2494 1057 2571 qui
1073 2509 1132 2571 per

337 2595 518 2672 capitulum
544 2594 595 2654 vel
623 2593 810 2654 visitatores
839 2591 933 2653 vohis
957 2591 1131 2652 amovendi

336 2691 460 2754 tuerint
478 2690 631 2762 nuntiati,
648 2691 771 2752 curetis
797 2689 921 2766 absque
937 2704 1039 2749 morae
1062 2687 1132 2748 dis-

338 2789 457 2868 pendio
472 2805 637 2855 amovere,
650 2789 695 2849 ita
711 2789 796 2865 quod
813 2787 965 2848 videatur
979 2785 1070 2846 vobis
1084 2786 1132 2846 si-

337 2889 393 2948 cut
410 2903 483 2947 esse
500 2886 596 2947 dehet
611 2887 792 2962 acceptum,
810 2885 894 2962 quod
909 2885 942 2945 in
959 2883 1130 2960 provincia

336 2987 449 3046 vestra
464 2985 571 3044 cultus
591 2983 765 3058 religionis
787 2998 846 3059 per
861 2981 1130 3044 reformationem

337 3081 464 3142 ordinis
484 3082 517 3141 et
540 3079 726 3140 animarum
742 3079 908 3156 proiectus
926 3093 985 3155 per
999 3093 1132 3138 correc-

336 3179 461 3240 tionem
502 3193 699 3238 excessuum
741 3177 949 3253 procuratur.
975 3175 1130 3250 Alioquin

338 3293 413 3336 cum
438 3277 565 3336 tantum
588 3273 822 3336 inobedientiae
849 3272 966 3334 vitium
993 3271 1132 3348 palpan-

338 3373 415 3433 dum
431 3371 472 3432 de
493 3373 614 3432 caetero
639 3387 705 3430 non
730 3370 863 3440 existat,
880 3371 912 3430 et
927 3369 1062 3442 dignum
1076 3368 1129 3438 sit,

337 3471 371 3530 et
386 3467 599 3536 cotivenieus,
613 3466 650 3527 ut
665 3466 699 3526 in
723 3483 787 3542 quo
803 3466 877 3542 quis
898 3465 1056 3542 probatur
1069 3465 1131 3524 de-

338 3567 490 3642 linquere
517 3563 685 3640 puniatur,
709 3561 889 3624 formidare
911 3561 1073 3638 poteritis,
1090 3577 1132 3621 ne

334 3661 616 3740 jurisdictionem,
649 3677 747 3738 quam
781 3661 814 3719 iu
840 3657 1013 3722 abbatibus
1038 3658 1132 3720 vobis

338 3759 496 3836 subjectis
519 3755 660 3830 hahetis,
677 3757 826 3832 generali
843 3773 956 3817 eorum
973 3755 1129 3832 capitulo,

283 3901 286 3912 .
337 3861 371 3918 et
381 3855 611 3918 visitatoribus
625 3855 855 3926 concedamus,
869 3869 968 3932 quum
979 3854 1055 3913 aliis
1070 3853 1133 3912 ho-

337 3971 451 4016 norem
467 3955 611 4016 vestrum
627 3953 707 4012 dare
722 3952 833 4028 potius
847 3951 1020 4012 volueritis
1034 3965 1131 4026 quam

334 4051 430 4113 nobis
446 4051 477 4111 iu
503 4051 566 4112 hac
588 4053 681 4126 parte
708 4049 879 4109 humiliter
902 4047 1047 4109 obedire.
1067 4049 1149 4108 Da-.

336 4151 406 4208 tum
427 4148 541 4217 Reate,
555 4147 600 4206 ΙΙΙ
615 4161 720 4205 nonas
740 4143 940 4214 novembris,
962 4158 1050 4204 anno
1074 4143 1133 4203 de-

337 4259 434 4304 elme.

674 4373 797 4462 XLIX

337 4519 389 4580 Ad
412 4515 567 4578 abbatam
583 4517 617 4576 S.
634 4519 800 4588 Dionysii,
818 4518 984 4578 decanam
1000 4513 1033 4574 cl
1052 4525 1131 4571 rna-

370 4615 521 4691 nastrum
537 4617 646 4683 Golia,
664 4615 869 4672 cottoniana
882 4615 1097 4672 Rcmctcsem.

607 4743 624 4800 6
639 4741 771 4800 novemb.
788 4741 868 4798 1225.

369 4857 489 4922 [litigosa.
503 4857 546 4907 iih.
559 4853 590 4914 Χ,
602 4855 677 4920 epist.
692 4855 743 4904 loa.
756 4856 814 4904 hlss.
829 4855 864 4904 La
876 4855 951 4904 Porto
962 4853 996 4902 du
1007 4851 1100 4916 Theti]

338 4979 393 5034 liat
405 4975 447 5032 eie
463 4973 638 5048 provinciam
650 4969 833 5028 exantinandi
849 4985 965 5027 causam
982 4983 1044 5040 quse
1060 4969 1132 5025 inter

374 5062 550 5136 episcopum,
578 5059 718 5116 decanum
748 5059 960 5132 capitulumque
980 5057 1130 5114 belvacen.

374 5151 410 5208 ab
425 5165 492 5218 uno,
506 5155 534 5206 et
550 5151 574 5206 l.
595 5150 848 5215 silvanectensem,
871 5145 1131 5218 llothomagcnsem

375 5237 556 5305 salsanicum,
580 5237 615 5292 ab
641 5237 728 5292 altera
752 5243 832 5308 purte
858 5234 1030 5300 vertebatur,
1049 5247 1133 5303 super

375 5325 525 5402 praehenda
539 5339 624 5398 quam
641 5323 764 5395 ipsorum
780 5323 900 5380 ecclesia
912 5323 990 5395 juxta
1005 5329 1132 5378 tenorem

377 5417 532 5474 litterarum
545 5413 772 5486 Apostolicorum
785 5411 821 5469 de
836 5411 890 5468 hoc
905 5409 1034 5468 datarum
1050 5423 1131 5482 repe·

375 5505 462 5564 tabat.

381 5621 558 5691 Honorius,
577 5620 651 5688 etc,
667 5617 796 5681 dilectis
809 5617 886 5678 tiliis
899 5615 1007 5678 abbati
1021 5615 1132 5677 Sancti

957 299 1133 361 aon'oalt
1156 303 1200 361 III
1221 301 1370 362 OPERA.

1937 297 2026 356 94⁴

1187 460 1375 536 Dionysii...
1388 459 1526 530 decano,
1541 461 1574 520 et
1589 461 1749 536 magistro
1762 463 1801 521 G.
1813 463 1934 529 Gom„
1945 472 2025 520 ca-

1187 558 1308 617 nonico
1335 558 1502 626 Remeasi,
1532 557 1729 620 salutemet
1756 556 2017 634 apostolicam

1186 653 1461 714 benedictionem.

1227 751 2014 824 significaruntnobisvenerahilisfraternos-

1187 847 1274 906 ter...
1294 847 1480 922 episcopus,
1495 849 1527 909 et
1542 847 1654 908 dilecti
1672 847 1772 906 tilii...
1789 847 1953 907 decanus
1966 849 2013 906 et

1186 943 1368 1019 capitulum
1390 943 1609 1004 Belvacenses
1625 945 1800 1020 quodcum
1823 945 2013 1018 magister

1185 1043 1214 1102 J.
1243 1041 1516 1112 Silvanectensis,
1541 1042 1819 1116 Rothomagensis
1844 1043 2012 1102 canom-

1186 1154 1255 1209 cus,
1273 1138 1352 1198 olim
1367 1153 1426 1214 pro
1452 1139 1658 1214 assequenda
1680 1139 1716 1198 ia
1739 1139 1892 1199 ecclesia
1916 1138 2012 1198 Bel-

1186 1236 1320 1296 vacensi
1335 1234 1511 1310 praebenda
1531 1237 1662 1296 noshas
1677 1235 1719 1296 ad
1734 1234 1832 1296 bonae
1853 1251 2003 1294 memo-

1187 1333 1246 1392 riae
1261 1332 1451 1408 episcopum
1476 1333 1711 1404 Parisiensem,
1725 1334 1759 1393 et
1779 1335 1856 1408 ejus
1880 1332 2004 1392 colle-

1186 1445 1245 1504 gas
1271 1429 1399 1488 litteras
1422 1431 1634 1490 executorias
1663 1429 1895 1505 impetrasset,
1915 1447 2007 1504 sup-

1186 1540 1313 1600 presso,
1332 1524 1417 1600 quod
1438 1524 1650 1600 praebendam
1664 1525 1699 1585 in
1719 1524 2006 1600 Rothomagensi

1185 1620 1327 1681 ecclesia
1343 1621 1517 1690 obtineret,
1531 1622 1671 1698 praelato
1685 1622 1890 1684 Belvacensi
1906 1624 2008 1698 epis-

1186 1735 1268 1794 copo
1300 1717 1395 1780 uobis
1421 1719 1624 1790 insinuante,
1648 1721 1735 1796 quod
1756 1719 1881 1780 litterae
1907 1720 2006 1796 ipsae

1186 1832 1252 1876 non
1272 1815 1438 1878 iaciebant
1460 1817 1500 1876 de
1523 1815 1698 1892 praebenda
1720 1817 2005 1892 Rothomagensi

1186 1914 1331 1989 aliquam
1347 1915 1558 1984 mentionem,
1572 1929 1610 1974 ac
1622 1913 1821 1989 postulante,
1835 1917 1874 1974 ut
1886 1931 2007 1990 super

1186 2011 1248 2071 hoc
1268 2011 1309 2071 ab
1328 2012 1533 2087 impetitione
1549 2012 1678 2088 presan
1695 2011 1846 2086 magistri
1870 2012 2007 2072 ahsol-

1186 2125 1338 2170 veremus
1367 2108 1533 2180 eumdem,
1561 2108 1709 2184 praelatis
1746 2110 2004 2171 executoribus

1186 2207 1336 2266 dedimus
1361 2207 1395 2266 in
1416 2206 1590 2278 mandatis,
1616 2207 1653 2268 ut
1676 2207 1705 2266 si
1726 2224 1780 2268 res
1805 2208 1926 2268 taliter
1960 2224 2003 2266 se

1186 2303 1334 2374 haberet,
1346 2303 1379 2362 in
1389 2305 1521 2378 negotio
1542 2319 1608 2365 nou
1622 2305 1840 2380 procederent
1854 2321 2005 2365 memo-

1185 2402 1269 2462 rat0.
1285 2403 1430 2477 Cumque
1454 2400 1554 2462 iidem
1583 2403 1779 2462 executores
1801 2403 2000 2462 terminum

1187 2497 1336 2574 partibus
1363 2498 1594 2573 assignassent
1621 2499 1663 2560 ad
1690 2497 1999 2576 interloquendum

1187 2598 1296 2656 utrum
1312 2597 1501 2657 mandatum
1522 2596 1712 2673 hujusmodi
1727 2596 1859 2658 obstare
1881 2597 1998 2658 debe-

1187 2695 1238 2756 ret
1262 2694 1431 2770 processui
1452 2695 1653 2765 eorumdem,
1669 2697 1701 2756 et
1724 2695 1766 2754 ad
1785 2695 1993 2770 petitionem

1187 2790 1314 2866 praelati
1344 2791 1494 2866 magistri
1528 2791 1688 2852 citassent
1718 2791 1904 2852 Gnidonem
1941 2793 1992 2852 de

1187 2890 1344 2964 Pugia00‚
1361 2889 1417 2964 qui
1438 2887 1608 2950 obtinebat
1632 2889 1857 2966 praebendam,
1882 2907 1992 2967 qnam

1186 2985 1273 3046 idem
1286 2979 1444 3060 magister
1458 2984 1500 3046 ad
1515 2987 1730 3062 sepertinere
1745 2986 1886 3058 dicebat,
1907 2988 1988 3064 ipso

1186 3083 1344 3158 magistro
1364 3097 1429 3143 non
1452 3087 1663 3160 comparente
1680 3084 1715 3144 in
1734 3085 1876 3147 termino
1897 3087 1986 3146 assi·

1186 3181 1351 3256 gastost
1374 3180 1563 3248 cavillante,
1586 3182 1672 3258 quod
1701 3197 1768 3242 non
1792 3181 1911 3258 agebat
1937 3184 1985 3245 de

1187 3277 1364 3338 obtinenda
1381 3276 1569 3353 praebenda,
1583 3277 1639 3338 sed
1655 3280 1765 3354 potins
1778 3279 1819 3339 de
1833 3279 1985 3349 obtenta,

1186 3375 1329 3434 tamdem
1362 3374 1536 3436 intimante
1568 3375 1663 3436 nobis
1688 3377 1760 3452 ipso
1783 3377 1986 3438 Belvacensi

1186 3472 1352 3548 episcopo,
1370 3471 1455 3547 quod
1484 3472 1585 3532 iidem
1609 3475 1806 3534 executores
1829 3475 1900 3550 ejus
1923 3491 1987 3535 ca-

1186 3567 1414 3640 villationibus
1430 3568 1504 3646 plus
1521 3569 1632 3630 debito
1646 3569 1856 3646 indulgentes
1871 3587 1890 3632 a
1905 3588 1987 3648 pro-

1187 3681 1283 3726 cessu
1295 3667 1419 3742 negotii
1434 3681 1500 3726 non
1516 3667 1690 3728 cessabant
1705 3683 1894 3748 quanquam
1910 3683 1984 3730 sae-

1187 3763 1337 3840 pedictus
1352 3763 1511 3840 magister
1524 3781 1693 3844 utinquam
1716 3765 1889 3827 habuisset
1906 3781 1985 3828 cor-

1188 3861 1334 3938 poralem
1363 3862 1605 3937 possessionem
1626 3862 1813 3938 saepedictae
1829 3862 1984 3939 praeben-

1187 3958 1247 4028 das,
1273 3958 1457 4019 venerabili
1482 3957 1579 4020 fratri
1601 3961 1766 4021 nostro...
1796 3961 1983 4022 Parisiensi

1187 4057 1341 4132 episcopo
1356 4056 1389 4117 et
1408 4056 1484 4116 aliis
1499 4055 1579 4120 dicti
1599 4057 1724 4132 negotii
1748 4058 1984 4119 executoribus

1187 4153 1336 4212 dedimus
1346 4151 1381 4212 in
1396 4153 1571 4224 mandatis,
1584 4157 1620 4214 ut
1632 4153 1660 4214 si
1674 4155 1842 4216 constaret
1855 4155 1982 4215 eisdem

1187 4248 1399 4325 saepedictum
1416 4250 1610 4324 magistrum
1625 4251 1776 4312 obtinere
1788 4251 1823 4312 in
1838 4253 1983 4312 ecclesia

1188 4346 1446 4422 Rothomagensi
1470 4347 1691 4422 prebendam,
1706 4349 1803 4424 idque
1823 4365 1984 4426 suppres-

1188 4443 1272 4504 sisse
1297 4445 1331 4504 in
1353 4444 1486 4514 litteris,
1513 4459 1637 4519 quasa
1666 4445 1761 4506 nobis
1786 4445 1983 4522 impetrarat

1187 4541 1228 4600 ad
1245 4541 1336 4616 ipsos
1363 4555 1422 4617 pro
1440 4538 1616 4616 praebenda
1633 4541 1783 4603 ecclesiae
1798 4544 1985 4604 Belvacen-

1188 4637 1244 4707 sis,
1262 4637 1452 4698 nullatenus
1474 4639 1672 4699 auctoritate
1693 4639 1911 4715 procederent
1929 4657 1984 4702 ea·

1187 4736 1347 4807 rumdam,
1366 4735 1431 4795 nisi
1446 4735 1531 4796 forte
1547 4736 1633 4796 idem
1653 4738 1812 4813 magister
1826 4739 1985 4799 ostende-

1187 4835 1238 4893 ret
1250 4849 1285 4892 se
1301 4833 1506 4908 corporalem
1521 4835 1553 4894 et
1572 4833 1745 4910 pacificam
1766 4834 1873 4910 ipsius
1894 4851 1984 4912 prae-

1186 4930 1302 4991 bendae
1336 4930 1577 5005 possessiouem
1608 4931 1787 5008 aliquando
1811 4931 1981 4994 hahuisse.

1188 5029 1332 5103 Cumque
1347 5026 1445 5087 iidem
1463 5029 1574 5103 partes
1590 5029 1630 5088 ad
1653 5044 1746 5089 suam
1768 5031 1983 5106 praesentiam

1188 5116 1426 5185 convocassent
1448 5139 1525 5200 pars
1552 5125 1785 5201 predictorum
1821 5127 1982 5204 episcopi,

1188 5223 1221 5282 et
1241 5221 1378 5296 capituli
1399 5225 1599 5284 recusarunt
1625 5224 1733 5298 ipsum
1755 5225 1984 5286 Parisiensem

1188 5318 1378 5396 episcopum
1396 5319 1430 5380 ut
1450 5321 1638 5394 suspectum
1655 5335 1714 5396 pro
1738 5337 1789 5392 eo,
1813 5321 1900 5397 quod
1917 5322 1984 5382 ad-

1188 5419 1342 5478 vocatum
1363 5417 1466 5492 partis
1491 5416 1629 5477 alterius
1645 5417 1813 5489 clericum,
1831 5419 1864 5480 et
1885 5435 1984 5480 oom-

1189 5513 1370 5574 mensalem
1385 5531 1480 5575 suum
1495 5515 1610 5575 contra
1624 5531 1681 5575 eos
1695 5516 1728 5574 iu
1745 5530 1846 5576 causa
1864 5517 1983 5578 eadem

1188 5613 1236 5672 eis
1252 5612 1509 5674 reclamantibus
1522 5612 1726 5684 admittebat,
1742 5627 1816 5673 cum
1840 5613 1984 5678 dixisset
