4258 6394
166 313 236 376 389·
768 301 996 370 EPISTOLAE.
1018 307 1098 367 LIB.
1121 307 1191 378 vlt.
1745 301 1805 363 ³90

167 471 331 550 episcopis
346 470 379 533 et
393 469 525 532 dilectis
548 468 628 531 dllis
643 467 719 531 alils
741 467 957 532 ecclesiarum
1013 465 1094 526 lium
1106 465 1335 540 eleemosynas
1351 462 1392 524 ad
1413 479 1494 541 opus
1518 478 1700 540 pauperum
1714 460 1804 524 beati

168 569 317 648 prelatis
337 569 378 630 ad
398 584 479 646 quos
501 567 621 629 litterae
645 567 718 628 istae
734 565 956 644 pervenerint,
1012 562 1147 624 Antonii
1162 577 1236 622 cum
1252 559 1441 622 humilitate
1456 576 1496 622 ac
1510 561 1651 622 veritate
1666 559 1805 637 petenti·

174 667 316 728 salutem
331 663 879 742 etApostolicambenedictionem.
1013 658 1085 730 bus,
1110 659 1185 736 pius
1209 655 1304 720 favor
1327 656 1359 717 et
1386 655 1562 718 caritativa
1585 658 1720 733 propter
1740 656 1804 716 boc

208 767 316 825 Grave
331 761 477 838 gerimus
503 762 536 822 et
555 758 728 836 indignum
752 757 849 836 quod,
874 757 960 819 sicut
1014 756 1160 818 subsidia
1182 754 1431 817 subtrahantur.
1453 756 1499 814 Ea
1522 769 1613 825 vero,
1641 771 1714 831 quae
1737 769 1803 816 no-

169 859 266 922 nobis
282 860 423 920 relatum
439 859 500 930 est,
517 857 685 920 multoties
709 873 728 917 a
748 855 957 926 multissimo,
1013 855 1103 915 mine
1115 856 1151 914 Β.
1165 852 1301 914 Antonii
1316 851 1476 914 noveritis
1491 867 1564 912 esse
1577 850 1708 923 collata,
1724 867 1806 912 con-

168 957 255 1019 sicut
275 959 344 1034 jam
371 971 455 1032 pene
490 953 691 1017 universalis
715 953 864 1015 Ecclesia
893 967 959 1013 non
1014 951 1142 1027 signari
1155 953 1228 1034 ejus
1243 949 1405 1017 ecclesiae,
1417 949 1515 1026 prout
1524 949 1688 1015 convenit.
1704 947 1806 1010 lacia-

167 1055 312 1132 ignorat,
330 1052 491 1131 pretextu
503 1052 666 1114 simulatae
678 1051 863 1128 religionis,
878 1049 958 1127 quin
1012 1048 1067 1121 tis,
1085 1047 1346 1109 contradictores
1359 1061 1604 1122 percensuram
1622 1045 1804 1106 ecclesias·

170 1153 281 1229 potius
302 1149 498 1212 damnandae
513 1148 704 1226 cupiditatis
719 1147 864 1219 obtentu,
886 1145 962 1224 qui·
1013 1144 1125 1216 ticam,
1138 1143 1268 1206 sublato
1278 1143 1511 1221 appellationis
1519 1141 1804 1213 obstaculo,com··

169 1248 245 1309 dam
260 1246 395 1309 nomine
412 1246 518 1308 sancti
529 1245 666 1308 Antonii
681 1244 840 1323 quasdam
854 1244 961 1320 regio·
1014 1243 1197 1318 pascentes.
1235 1241 1354 1302 Datum
1386 1239 1521 1315 Signiae,
1552 1241 1581 1300 ll
1613 1239 1688 1301 idus
1712 1238 1803 1317 julii,

168 1361 230 1408 nes
253 1345 463 1423 percurrunt,
490 1341 548 1421 qui
570 1342 796 1404 mendicantes
812 1339 854 1402 ad
877 1353 960 1417 opus
1014 1338 1225 1416 pontificatus
1239 1337 1446 1402 nostrianuo
1459 1337 1609 1416 septimo.

169 1459 353 1521 pauperum
391 1442 632 1518 eleemosynas,
670 1455 730 1501 seu
767 1437 880 1500 verius
919 1435 959 1499 ad

168 1541 285 1602 luxum
311 1539 482 1617 proprium
520 1536 765 1614 extorquentes
799 1533 962 1611 praevari-

169 1635 275 1700 cando
290 1635 439 1712 graviter
453 1634 538 1712 quod
554 1633 664 1696 oblata
679 1631 876 1708 suscipiunt,
902 1630 959 1691 sed
1236 1683 1240 1691 ,
1278 1655 1279 1660 1

169 1735 307 1812 gravius
323 1730 519 1794 offendendo
532 1747 592 1809 per
603 1745 733 1802 causas,
747 1728 866 1806 quibus
881 1729 963 1788 sim·
1334 1710 1488 1796 CLXIV

168 1833 276 1910 plices
289 1829 330 1891 ad
347 1827 552 1892 offerendum
573 1827 745 1900 inducunt,
774 1826 851 1887 dum
876 1825 960 1886 falsa

169 1927 390 2004 contingendo
413 1926 586 1996 miracula,
610 1925 643 1987 et
670 1923 784 2001 ignota
809 1939 884 1985 ossa
900 1937 960 1999 pro

171 2025 297 2088 sanctis
325 2022 477 2100 reliquiis
512 2019 725 2093 ostendendo,
756 2037 831 2084 cum
867 2019 960 2081 falsis
1305 2019 1339 2078 15
1358 2018 1421 2091 julii
1440 2018 1519 2078 lara.

1063 1874 1114 1933 Ab
1124 1873 1281 1946 priorem
1292 1870 1327 1932 ct
1340 1873 1518 1932 ecclesiam
1533 1873 1755 1932 Picenarum.

172 2118 958 2194 litterisnonsolummodomagnatumetregum,
1183 2159 1292 2227 [ughelli
1314 2159 1389 2211 ltalia
1409 2159 1483 2212 Sacra
1504 2159 1539 2210 m
1563 2158 1632 2224 lle]

168 2219 399 2281 verumetiam
418 2216 628 2294 apostolicis,
645 2215 959 2278 etaliorumeccle-
1293 2197 1301 2220 '
1485 2197 1491 2217 '
1541 2199 1548 2219 '
1613 2200 1618 2211 '

169 2317 229 2378 sim
252 2316 478 2394 prelatorum,
507 2329 582 2377 sese
615 2313 649 2375 in
678 2314 791 2377 stratis
818 2313 960 2390 publicis
1015 2299 1151 2356 E⁰⁸⁰¹¹ffl
1172 2295 1304 2354 ⁰m⁰¹bu⁸
1324 2293 1408 2396 b⁰f¹i⁸
1428 2293 1481 2352 Ἰὼ
1502 2293 1578 2396 beati
1602 2293 1677 2352 ¹³⁰¹st
1700 2301 1729 2352 ⁰²
1753 2309 1805 2354 ⁸¹¹⁸

170 2414 333 2492 oinciunt
347 2413 544 2492 peregrinis,
559 2413 592 2474 et
606 2410 716 2473 locum
729 2412 765 2473 in
777 2427 842 2489 quo
857 2426 959 2488 sanc·
1253 2391 1428 2458 pf⁰¹⁰⁰¹¹⁰¹¹e
1440 2390 1568 2456 ³⁰⁸⁰¹p¹‘·

169 2513 241 2574 tum
255 2510 434 2572 Antonium
460 2509 615 2572 asserunt
634 2508 845 2586 requiescere
866 2507 961 2568 inac-
1054 2511 1224 2574 Honorius
1232 2510 1421 2588 episcopus,
1430 2523 1722 2571 servasservorum
1733 2509 1805 2582 Dei,
1825 2577 1828 2582 Δ

170 2608 359 2670 cessibilem
380 2621 440 2685 pro
461 2607 628 2670 latronum
652 2605 783 2668 insidiis
805 2619 878 2666 esse
903 2602 959 2665 di·-
1013 2609 1144 2671 dilectis
1172 2608 1251 2668 liliis
1278 2607 1384 2685 priori
1412 2605 1563 2668 ecclesiae
1595 2608 1806 2682 Pisanorum,

169 2706 293 2778 centes,
309 2704 507 2782 praeripiunt
521 2703 705 2766 oblationes
726 2717 852 2774 eorum,
878 2717 960 2779 quos
1014 2706 1154 2770 salutem
1168 2709 1202 2767 et
1211 2703 1435 2781 apostolicam
1448 2703 1724 2766 benedictionem.
1812 2757 1816 2764 .

169 2799 358 2882 deceptoria
372 2801 618 2886 suflragiorum,
633 2804 666 2863 et
681 2801 868 2862 orationum
878 2815 959 2877 pro-
1055 2803 1275 2866 sacrosancta
1299 2803 1448 2862 Romana
1477 2800 1626 2862 Ecclesia
1655 2801 1805 2875 devotos,

169 2902 329 2964 missione
342 2900 503 2961 solantur.
519 2901 613 2976 Saepe
627 2913 706 2960 vero
719 2913 868 2959 mensam
889 2897 959 2958 lin·
1014 2903 1047 2964 et
1060 2900 1203 2962 humiles
1217 2897 1304 2960 filios
1319 2913 1363 2958 ex
1376 2898 1518 2959 assuetae
1541 2897 1674 2975 pietatis
1695 2897 1806 2960 officio

168 2996 223 3057 tao
236 2997 424 3070 coopertam
439 2991 619 3069 exponunt,
636 2991 670 3053 et
680 2991 846 3070 impositis
861 3005 961 3068 super
1013 2996 1210 3076 propensius
1223 2996 1363 3071 diligere
1376 2995 1559 3067 cousuevit,
1576 2995 1609 3056 et
1622 3011 1665 3056 ne
1679 3011 1805 3072 pravo-

169 3107 210 3153 ea
233 3091 353 3153 luridis
378 3089 531 3151 manibus
557 3105 617 3151 seu
638 3089 776 3166 pedibus
796 3089 961 3150 cremato-
1014 3111 1088 3156 nrm
1102 3093 1273 3155 homiuum
1287 3092 1449 3154 molestiis
1465 3092 1808 3167 agitentur,eostam-

167 3205 241 3252 rum
257 3188 298 3250 ad
312 3187 518 3250 offerendum
539 3187 574 3247 in
597 3201 648 3260 ea,
669 3185 837 3264 tamquam
865 3187 901 3246 in
921 3201 959 3246 re
1014 3207 1112 3271 quam
1127 3191 1183 3269 pia
1194 3190 1300 3256 mater
1312 3206 1381 3251 suae
1397 3189 1612 3266 protectionis
1623 3191 1806 3252 munimine

169 3287 281 3363 aliqua
305 3283 499 3355 venerabili,
516 3284 724 3346 devotionem
748 3282 958 3344 credulorum
1013 3288 1202 3362 confovere.
1229 3287 1422 3364 Eapropter,
1457 3271 1577 3348 dilecte
1603 3287 1638 3348 in
1666 3289 1806 3350 Domino

168 3383 331 3455 alliciunt,
350 3382 597 3444 misericordias
612 3381 672 3442 Dei
696 3380 817 3442 multas
830 3396 875 3442 ex
895 3379 958 3442 boc
1013 3387 1072 3459 lili,
1099 3386 1167 3449 tuis
1191 3385 1293 3462 justis
1320 3383 1600 3460 postulationibus
1614 3386 1710 3461 grato
1725 3401 1807 3448 con-

167 3482 241 3559 ipso
256 3480 425 3550 testantes,
442 3478 528 3556 quod
545 3477 731 3554 consumpti
746 3493 812 3539 11011
821 3476 908 3548 sunt,
926 3477 960 3539 et
1013 3484 1185 3546 currentes
1196 3497 1346 3553 assensu,
1368 3481 1545 3543 ecclesiam
1560 3497 1635 3543 cum
1653 3483 1806 3546 omnibus

168 3579 361 3656 patientiam
385 3580 459 3655 eius
487 3591 641 3651 magnam
668 3590 741 3636 0880
767 3573 955 3652 probantes,
1012 3581 1120 3652 bonis,
1135 3596 1209 3657 quae
1232 3579 1268 3640 in
1290 3579 1548 3656 presentiarum
1563 3579 1806 3643 rationabiliter

167 3675 254 3752 quod
269 3675 309 3736 de
324 3674 481 3736 crematis
502 3673 694 3750 hujusmodi
722 3672 845 3734 divinae
872 3671 956 3732 illu·
1012 3677 1169 3756 possidet,
1193 3677 1281 3738 acin
1294 3674 1551 3753 luturumjustis
1564 3675 1681 3748 modis,
1695 3693 1804 3753 praes-
1880 3733 1881 3736 ,

168 3772 276 3834 dendo
290 3771 416 3844 virtuti,
432 3771 498 3848 ipsi
519 3771 657 3832 ultionis
677 3773 749 3846 ejus
777 3770 889 3832 divino
901 3771 959 3847 ju·
1011 3777 1103 3864 tante
1127 3774 1278 3844 Domino,
1303 3773 1427 3850 poterit
1450 3773 1601 3851 adipisci,
1627 3773 1688 3834 sub
1716 3773 1806 3836 beati

169 3869 256 3932 dicio
271 3885 337 3930 non
351 3869 550 3936 cremantur,
565 3868 601 3929 ut
621 3867 662 3929 de
677 3867 753 3929 aliis
780 3867 956 3930 abomina-
1012 3870 1114 3941 Petri,
1142 3872 1176 3932 et
1202 3868 1316 3931 nostra
1349 3867 1555 3945 protectione
1593 3869 1802 3946 suscipimus,

166 3966 313 4031 tionibus
327 3967 487 4039 taceatur,
504 3981 587 4043 quas
614 3965 703 4026 circa
729 3965 957 4042 praescriptam
1012 3967 1202 4045 specialiter
1216 3965 1326 4026 autem
1340 3963 1505 4035 redditus,
1523 3964 1556 4025 et
1576 3965 1804 4042 possessiones

168 4064 342 4126 materiam
379 4064 583 4125 committere
628 4063 830 4124 reseruntur.
874 4062 957 4134 Quia
1011 4064 1119 4127 eidem
1133 4061 1317 4128 ecclesiaea
1333 4061 1453 4122 dilecto
1466 4060 1535 4122 tllio
1551 4062 1663 4124 nostro
1674 4065 1703 4125 J.
1714 4063 1803 4125 tituli

167 4161 270 4239 igitur
278 4161 451 4222 abusionis
459 4159 557 4221 tantae
568 4159 730 4236 flagitium
744 4159 776 4221 et
788 4160 957 4221 tantorum
1013 4161 1142 4224 Sanctae
1153 4158 1314 4222 Praxedis
1330 4157 1524 4236 presbytero
1538 4158 1712 4232 cardinali,
1724 4162 1818 4236 tunc,

169 4259 370 4335 flagitiorum
386 4258 525 4319 abusum
547 4271 609 4318 nec
623 4257 787 4329 volumine,
812 4272 873 4318 nec
898 4257 959 4318 de·
1011 4258 1208 4337 apostolice
1226 4257 1320 4318 Sedis
1335 4256 1459 4332 legato,
1476 4256 1529 4332 pia
1545 4257 1579 4319 et
1598 4257 1736 4334 provida
1755 4258 1802 4320 li-

167 4355 282 4418 bemus
297 4356 438 4417 ulterius
453 4353 634 4429 sustinere3
653 4355 863 4417 universitati
875 4370 956 4415 ves·
1011 4356 1186 4419 beralitate
1206 4354 1357 4426 collatas,
1384 4355 1483 4431 prout
1501 4354 1536 4415 in
1551 4354 1657 4432 ipsius
1682 4355 1803 4419 litteris

168 4455 227 4517 trae
252 4469 310 4530 per
334 4452 525 4530 apostolica
554 4451 677 4528 scripta
703 4452 898 4512 mandamus
925 4451 958 4514 et
1012 4452 1287 4529 dicitur-plenius
1313 4451 1492 4523 contineri,
1518 4453 1605 4514 sicut
1630 4468 1670 4514 ea
1690 4455 1803 4515 omnia

167 4550 316 4612 districte
340 4550 562 4628 praecipimus,
586 4549 747 4627 quatenus
773 4563 834 4624 per
857 4563 959 4626 paro-
1007 4551 1108 4629 juste,
1139 4550 1298 4612 canonice
1323 4562 1363 4609 ac
1389 4547 1527 4625 pacifice
1551 4549 1711 4626 possides,
1727 4550 1800 4619 tibi,

168 4647 262 4710 cbias
276 4649 406 4709 vestras
421 4647 618 4710 denuntiare
633 4645 825 4708 solemniter
843 4661 958 4722 procu·
1012 4649 1045 4712 et
1059 4663 1118 4725 per
1129 4648 1163 4709 te
1177 4646 1241 4722 ipsi
1257 4644 1407 4706 ecclesiae
1431 4645 1628 4708 auctoritaie
1656 4648 1800 4722 Aposto-

167 4746 259 4817 retis,
275 4760 316 4807 ne
332 4743 552 4823 quaestoribus
567 4743 797 4822 hujuscemodi
810 4743 866 4821 qni
879 4758 958 4821 pro·
1011 4746 1076 4807 lica
1092 4744 1335 4814 confirmamus,
1359 4743 1392 4804 et
1407 4742 1582 4818 praesentis
1606 4743 1722 4820 scripti
1735 4760 1800 4821 pa-

166 4842 293 4920 ponunt
306 4842 397 4913 talia,
411 4841 464 4903 vel
477 4842 664 4915 ostendunt,
680 4856 741 4902 nec
758 4841 955 4918 impertian-
1011 4842 1154 4906 trocinio
1169 4839 1421 4902 communimus.
1445 4838 1538 4900 Nulli
1563 4855 1643 4916 ergo
1667 4841 1802 4901 omnino

165 4941 221 5001 tur
249 4937 408 5010 auditum,
438 4953 500 4999 nec
526 4936 723 4998 beneficium
759 4937 955 5013 largiantur,
1011 4941 1182 5002 hominum
1196 4937 1296 4998 liceat
1315 4936 1402 4996 banc
1417 4935 1572 5014 paginam
1594 4937 1716 4998 nostrae
1730 4953 1803 5015 pro·

167 5037 246 5113 quiri
267 5035 376 5113 potius
402 5049 459 5095 eos
479 5033 565 5096 sicut
586 5034 676 5095 fures
702 5036 734 5096 et
766 5033 957 5111 deceptores
1011 5033 1175 5104 iectionis,
1200 5031 1234 5094 et
1257 5030 1517 5092 confirmationis
1540 5030 1732 5106 intringere,
1749 5033 1802 5093 vel

167 5131 348 5207 sacrilegos
364 5133 397 5194 at
409 5131 620 5208 blasphemos
634 5129 835 5192 confundant
848 5131 881 5192 et
891 5131 957 5191 hu·
1011 5132 1043 5193 ei
1059 5147 1142 5192 ausu
1156 5128 1335 5191 temerario
1348 5128 1527 5188 contraire.
1552 5127 1585 5188 si
1602 5128 1676 5206 quis
1691 5131 1801 5191 eutem

167 5228 297 5290 milient
323 5229 484 5290 universi.
513 5227 651 5289 Proviso
689 5226 878 5304 prudenter,
903 5243 956 5300 ne,
1011 5229 1074 5289 hoc
1087 5227 1250 5290 attentare
1266 5224 1523 5302 presumpserit,
1540 5224 1801 5301 indignationem

168 5327 246 5387 dum
275 5325 341 5387 viri
365 5325 413 5387 sic
439 5325 586 5403 pestiferi
616 5325 833 5401 repelluntur,
869 5325 957 5386 veris
1013 5323 1246 5401 omnipotentis
1259 5323 1318 5383 Dei
1330 5323 1362 5382 et
1372 5321 1543 5383 beatorum
1557 5323 1644 5384 Petri
1657 5325 1690 5385 et
1705 5327 1801 5387 Pauli

167 5423 390 5501 quaestoribus
405 5422 538 5499 pietatis
551 5422 682 5484 viscera
699 5421 955 5499 praecludentur.
1012 5421 1236 5500 apostolorum
1265 5421 1337 5497 ejus
1359 5435 1406 5480 se
1423 5419 1554 5481 noverit
1576 5421 1799 5482 incursurum.

168 5522 250 5593 Quia
266 5521 316 5581 sic
340 5520 494 5581 volumus
511 5521 560 5580 eis
580 5521 740 5591 auditum,
757 5519 810 5580 vel
832 5518 959 5580 bened·
1013 5521 1130 5582 Datum
1145 5517 1279 5593 Signiae,
1289 5515 1488 5594 idibusjulii,
1499 5517 1708 5593 pontificatus
1721 5534 1802 5580 nos-v

168 5619 256 5680 cium
273 5617 443 5691 denegari,
460 5633 501 5678 ne
522 5616 604 5684 viris
618 5615 855 5678 misericordiae
872 5616 956 5678 ilde-
1012 5618 1056 5678 tri
1071 5631 1159 5678 anno
1174 5613 1324 5691 septimo.
1416 5647 1429 5670 ,-
