4262 6382
820 329 1048 391 33163633.
1071 333 1149 416 nin.
1174 333 1227 392 1x.

534 501 666 588 XXIII

320 656 372 715 Act
385 653 539 716 abbatem
553 653 587 714 at
601 651 733 726 tratres
744 651 877 712 ordinis

473 751 723 812 anteveniens.

465 881 483 937 6
501 877 633 937 novemb.
655 877 734 936 1221.

268 1004 354 1070 [Liber
365 1004 461 1055 Sanctae
475 1002 560 1052 Mariae
572 1000 603 1051 de
614 999 749 1062 Naubotle,
759 999 814 1056 ala,
829 999 933 1063 321112]

238 1128 318 1188 Idem
338 1133 539 1202 argumentum
555 1124 629 1198 quod
647 1124 802 1196 superioris
820 1123 957 1196 epistolae.

243 1265 409 1326 Η6363136
421 1264 729 1340 631666336,663333
740 1258 993 1330 servorumDei,

202 1361 333 1423 dilectis
352 1360 432 1421 filiis
452 1357 625 1421 abbatibus
644 1357 676 1418 62
695 1355 853 1417 iratribus
868 1354 994 1416 ordinis

202 1457 443 1530 Cisterciensis‚
457 1457 597 1517 salutem
611 1454 645 1516 et
656 1453 878 1529 Apostolicam
893 1453 996 1513 bene-

201 1555 390 1617 dictionem.

242 1653 323 1712 Cum
352 1650 531 1726 aliquando
558 1647 696 1723 cogente
724 1646 923 1708 necessitate
941 1645 994 1706 vel

203 1748 346 1809 utilitate
370 1747 504 1823 propria
524 1735 726 1822 requirente,
742 1744 873 1805 vestras
887 1744 995 1804 terras

203 1845 281 1905 ante
304 1842 461 1919 generale
485 1841 668 1904 Concilium
698 1841 879 1916 acquisitas
911 1855 994 1900 con-

203 1941 371 2001 cesseritis
390 1940 472 2001 31116
496 1938 706 2009 excolendas,
722 1953 763 1998 ue
779 1952 838 2014 pro
853 1952 893 1998 eo
908 1935 994 2013 quod

203 2037 243 2098 de
265 2036 530 2113 possessionibus
551 2035 625 2112 post
639 2033 725 2095 idem
740 2033 924 2095 Concilium
938 2047 997 2094 ao-

202 2134 334 2210 quisitis
359 2134 504 2194 decimas
520 2131 659 2203 66131216,
677 2131 705 2192 61
720 2131 762 2191 ad
782 2145 900 2192 manus
914 2145 994 2190 ves·

201 2234 272 2294 tras
298 2231 408 2293 taliter
430 2245 597 2291 concessae
618 2229 800 2300 redierunt,
823 2244 843 2289 a
865 2241 995 2304 quoque

200 2329 319 2390 vexari
333 2327 479 2405 possitis,
495 2327 532 2388 ut
548 2325 659 2387 nullus
675 2341 693 2387 a
709 2324 802 2386 vobis
818 2325 858 2386 do
873 2324 994 2402 hujus-

201 2423 291 2486 modi
305 2423 417 2497 terris,
435 2441 507 2502 quae
521 2423 562 2484 ad
577 2439 637 2484 vos
650 2422 764 2484 taliter
777 2421 948 2492 redierint,
966 2421 995 2480 si

202 2537 260 2584 633
273 2521 405 2598 3363316
421 2521 574 2582 manibus
594 2521 652 2582 aut
671 2518 857 2596 sumptibus
873 2517 992 2589 colitis,

202 2619 378 2681 ocoastone
402 2617 542 2680 concilii
564 2616 739 2679 memorati
753 2616 900 2677 decimas
921 2615 996 2676 exi-

200 2731 280 2793 gere
294 2716 347 2777 vel
367 2717 565 2793 extorquere
586 2713 775 2792 praesumat,
797 2712 994 2775 anctoritate

201 2814 415 2890 praesentium
429 2811 627 2874 inhibemus.
647 2811 739 2872 Nulli
761 2825 840 2885 ergo
860 2809 994 2871 omnino

201 2909 373 2972 bominum
388 2910 488 2971 liceat
503 2909 590 2970 banc
604 2909 758 2984 paginam
773 2907 895 2967 nostrae
911 2905 996 2966 inbi-

200 3005 337 3070 bitionis
363 3005 546 3082 intringere
568 3005 622 3067 vel
650 3005 681 3065 ei
708 3019 792 3064 ausu
817 3001 995 3064 temerario

201 3103 380 3165 contraire.
410 3103 445 3164 Si
478 3101 552 3180 quis
587 3101 697 3162 autem
732 3099 796 3162 boc
830 3099 994 3160 attentare

202 3199 463 3278 praesumpserit,
477 3197 740 3274 indignationem
759 3195 995 3273 omnlpotentis

203 3298 264 3360 Dei
275 3297 489 3358 etbeatorum
500 3295 592 3357 Petri
607 3297 640 3356 et
654 3293 751 3356 Pauli
764 3293 994 3370 Apostolorum

201 3397 275 3471 ejus
297 3410 332 3455 se
356 3394 487 3456 noverit
511 3393 733 3454 incursurum.
750 3391 869 3452 Datum
891 3392 994 3452 Late-

201 3491 289 3562 rani,
314 3493 343 3552 V
363 3490 438 3552 idus
461 3489 626 3558 novemb,
652 3487 863 3566 pontificatus
889 3488 995 3549 nostri

203 3603 292 3650 anno
307 3601 406 3650 3636.

536 3899 663 3987 XXIV

202 4057 994 4132 Adcunoncmprcaposttnmmojortsccclesia,

237 4158 398 4230 priorem
410 4157 444 4216 S.
463 4157 572 4215 Morti
587 4154 622 4214 et
634 4154 845 4229 manistram
857 4155 993 4227 tosept,

240 4255 445 4314 canonicum
455 4253 706 4312 1336633363.

460 4389 493 4448 13
511 4387 644 4446 novemb.
667 4388 745 4446 1221.

274 4522 423 4588 [Zearladeq
434 4522 495 4574 Urlr.
511 4520 536 4572 d.
550 4521 620 4571 stadt
632 4521 705 4580 12633,
719 4521 739 4580 Ι,
749 4519 805 4579 223,
819 4520 924 4586 3121]

203 4648 319 4710 blandai
332 4653 363 4705 ut
376 4647 455 4706 litem
476 4645 549 4704 inter
570 4646 753 4718 prepositum
766 4653 995 4718 conventumque

237 4737 366 4795 ecclesiae
385 4735 586 4794 interlecensis
604 4742 633 4792 et
652 4734 780 4794 Utricum
801 4734 995 4810 presbyterum

237 4825 450 4885 lausannensis
466 4823 598 4881 dioeccsis
610 4837 696 4896 super
712 4823 834 4880 66616313
849 4821 885 4880 (16
898 4823 994 4897 Steiga

237 4921 328 4971 ortam
343 4917 527 4985 componant.

241 5036 914 5113 HonorIusepIscopus‚sorvusservorum
923 5036 993 5110 Dei,

202 5136 332 5198 dilectis
359 5134 438 5195 111113
462 5133 640 5210 3336366126
664 5135 801 5210 majoris
824 5133 993 5203 Ecclesiae,

202 5233 307 5312 priori
323 5232 437 5294 Sancti
451 5231 549 5292 Marii
565 5230 598 5292 et
612 5231 770 5305 maglstro
786 5232 921 5308 ioseph,
938 5246 996 5293 ca-

149 5314 152 5322 ’
203 5328 579 5399 nonicoLausannensi,
598 5327 749 5399 salutem,
762 5327 796 5389 et
817 5373 824 5388 .

243 5425 447 5503 Praepositus
469 5426 503 5486 62
520 5424 703 5488 conventus
718 5424 868 5485 ecclesiae
884 5425 994 5486 luter-

204 5523 348 5584 lacensis
383 5521 609 5584 insinuatione
634 5521 878 5594 monstrarunt,
909 5520 994 5598 quod

203 5633 278 5682 cum
304 5618 435 5680 Ulricus
457 5617 628 5696 presbyter
642 5617 892 5682 lausannensis
907 5618 995 5680 dioe-

1785 335 1846 394 714

1050 489 1137 552 66616
1162 506 1220 553 666
1245 505 1345 567 63363
1370 489 1513 552 66616613
1538 489 1579 554 de
1601 491 1714 568 Stelga
1732 507 1846 563 coram

1049 585 1168 649 abbate
1192 585 1445 648 He'remitarum
1461 589 1495 650 et
1518 588 1588 648 suis
1615 589 1844 666 conjudicibus

1049 685 1247 748 auctoritate
1272 687 1384 746 nostra
1406 685 1564 747 traxisset
1584 686 1619 746 in
1644 703 1790 759 causam,
1811 689 1846 749 et

1051 782 1116 858 ipsi
1130 783 1284 859 rescripti
1293 782 1475 858 ApostoIIci
1486 783 1614 857 copiam
1626 785 1842 858 postularent,

1051 878 1210 954 praetatus
1230 879 1402 954 presbyter
1417 879 1523 940 eidem
1539 880 1716 954 praeposito
1731 882 1844 942 notam
1911 949 1919 966 ι

1050 974 1404 1036 excommunicationis
1425 974 1557 1051 objecit,
1575 975 1633 1036 sed
1655 991 1730 1035 cnm
1742 977 1844 1037 iidem

1045 1071 1176 1147 judices
1191 1086 1258 1132 non
1274 1071 1480 1133 attendentes
1494 1071 1579 1148 quod
1602 1087 1659 1133 reo
1674 1087 1740 1132 non
1756 1075 1845 1137 66662

1050 1169 1207 1243 legitimae
1230 1168 1432 1230 detensionis
1446 1169 1541 1245 copia
1557 1169 1761 1243 deneganda,
1772 1171 1843 1246 tam

1050 1265 1128 1326 dicti
1150 1265 1303 1341 rescripti
1322 1267 1452 1342 copiam
1467 1266 1582 1326 contra
1593 1264 1759 1342 justitiam
1779 1267 1842 1327 de-

1050 1364 1210 1438 negarent
1223 1363 1359 1434 eisdem,
1385 1363 1450 1438 ipsi
1474 1365 1622 1422 nostram
1637 1363 1841 1425 audientiam

1050 1460 1271 1536 appellarunt.
1287 1460 1429 1536 ideoque
1442 1458 1634 1520 discretIoni
1649 1459 1769 1520 3632336
1785 1476 1845 1536 363

1051 1556 1242 1633 Apostollca
1257 1557 1381 1632 scripta
1396 1556 1603 1627 mandamus,
1626 1557 1798 1633 quatenus,
1816 1558 1845 1618 st

1050 1654 1170 1724 662123,
1183 1653 1382 1714 3636631613
1396 1655 1516 1714 statum
1527 1652 1672 1714 debitum
1684 1653 1842 1731 quidquid

1050 1751 1123 1825 post
1145 1750 1400 1826 appellationem
1424 1749 1615 1825 hujusmodi
1638 1750 1763 1810 temere
1782 1751 1841 1810 in-

1049 1848 1211 1908 veneritis
1238 1847 1444 1917 attentatum,
1465 1847 1501 1906 in
1528 1861 1629 1906 causa
1649 1845 1722 1923 ipsa
1746 1849 1843 1924 juxta

1050 1944 1198 2020 priorum
1227 1943 1465 2005 continentiam
1496 1943 1683 2005 litterarum
1712 1944 1842 2005 rationo

1051 2040 1176 2117 praevia
1189 2039 1386 2116 procedatis.
1401 2039 1556 2115 Alioquin
1571 2040 1682 2115 partes
1697 2038 1738 2100 ad
1752 2040 1844 2116 prio-

1050 2152 1123 2197 rum
1130 2137 1280 2213 J'udicum
1289 2136 1464 2198 remittatis
1473 2136 1843 2213 examen,appellantes

1052 2234 1085 2293 in
1103 2233 1258 2311 expensis
1275 2232 1432 2308 legitimis
1445 2233 1713 2294 condemnantes.
1728 2234 1842 2294 Testes

1050 2331 1162 2392 autem
1188 2330 1244 2408 qui
1271 2328 1395 2392 1363132
1420 2329 1593 2401 nominati,
1611 2331 1640 2390 61
1662 2345 1697 2390 66
1720 2329 1840 2405 gratia,

1051 2427 1126 2488 odio
1138 2427 1191 2488 vel
1208 2428 1328 2489 timore
1343 2426 1579 2498 subtraxerint,
1595 2442 1841 2504 percensuram

1050 2523 1323 2595 scelestasticam,
1348 2524 1571 2600 appellatione
1593 2523 1755 2596 cessante,
1782 2539 1842 2584 co-

1050 2622 1137 2698 gatis
1152 2621 1286 2684 veritati
1303 2620 1527 2682 testimonium
1542 2620 1729 2696 perbibere.
1750 2619 1842 2691 Quod

1051 2720 1159 2780 sinon
1173 2733 1287 2778 omnes
1301 2717 1353 2776 bis
1366 2717 1586 2792 exsequendis
1598 2717 1773 2793 potueritis
1786 2718 1843 2776 in-

1050 2799 1186 2887 teresse,
1204 2813 1268 2874 duo
1283 2813 1430 2874 vostrum
1448 2827 1491 2873 63
1513 2812 1729 2872 nibilominus
1744 2804 1844 2873 exse·
1886 2874 1888 2880 ,

1050 2910 1204 2988 quantur.
1215 2911 1333 2971 Datum
1345 2909 1510 2980 Laterani,
1521 2907 1629 2970 idibus
1640 2907 1850 2978 novembris,

1050 3006 1261 3086 pontificatus
1277 3005 1383 3068 366131
1398 3019 1485 3066 3336
1498 3019 1607 3068 3636..

1394 3317 1503 3405 XXV

1050 3470 1104 3530 Ad
1117 3467 1378 3532 Lumoarttnnm
1391 3470 1585 3542 6313663336
1600 3471 1842 3533 Setootcnsem.

1306 3592 1492 3657 innovent.
1515 3598 1600 3656 1221..

1197 3721 1303 3788 [1163161
1315 3721 1377 3774 Cod.
1391 3721 1454 3787 dipl.
1467 3721 1594 3782 Moraviae,
1609 3722 1638 3782 V,
1649 3722 1701 3786 lit]

1052 3848 1195 3907 Honorius
1208 3848 1250 3906 111
1263 3861 1336 3920 papa
1351 3845 1581 3920 designationem
1596 3843 1695 3904 dutum
1712 3843 1847 3905 dioecesis

1273 3934 1448 3992 Seloviensis
1461 3933 1622 3991 6631133332.

1091 4060 1258 4122 Honorius
1268 4058 1454 4136 episcopus,
1465 4073 1581 4120 servus
1590 4073 1762 4120 servorum
1772 4059 1844 4133 Dei,

1051 4156 1236 4220 venorabili
1250 4154 1347 4217 fratri
1366 4155 1522 4232 episcopo
1540 4155 1737 4229 Seloviensi,
1753 4157 1846 4218 salu·-

1050 4260 1165 4342 temet
1177 4257 1400 4336 Apostolicam
1414 4257 1689 4320 benedictionem.

1089 4357 1194 4420 136216
1224 4355 1405 4431 petentium
1432 4353 1608 4416 desideriis
1633 4355 1768 4432 dignum
1796 4356 1846 4419 est

1050 4469 1112 4516 nos
1134 4451 1266 4516 iacilem
1290 4450 1440 4528 praebere
1464 4466 1675 4525 consensum,
1700 4455 1734 4516 62
1755 4456 1844 4525 3613,

1051 4565 1124 4628 quae
1139 4549 1313 4612 arationis
1327 4549 1461 4610 tramite
1482 4564 1549 4611 uon
1571 4549 1774 4622 dIsoordant,
1796 4550 1848 4611 et-

1051 4649 1140 4710 16623
1164 4647 1386 4724 prosequente
1411 4646 1587 4723 complere.
1615 4648 1696 4706 Cum
1719 4646 1846 4724 itaque,

1050 4745 1136 4807 61632
1150 4743 1262 4812 affers,
1278 4742 1480 4805 venerabilis
1495 4741 1600 4804 133263
1611 4745 1726 4804 366263
1739 4743 1843 4805 Livo-

1050 4841 1177 4904 niensis
1187 4841 1374 4918 episcopus,
1383 4839 1438 4900 cui
1448 4838 1625 4900 ordinandi
1636 4839 1847 4902 cathedrales

1051 4939 1209 5001 ecclesias
1233 4937 1266 5000 62
1289 4936 1516 5011 distinguendi
1539 4935 1699 4997 dioeceses
1721 4936 1846 5000 inillis

1050 5035 1199 5113 partibus
1208 5033 1396 5112 plenariam
1408 5033 1632 5094 concessimus
1642 5031 1849 5108 facultatem,

1050 5133 1219 5193 dioecesim
1243 5131 1335 5193 tuam
1359 5130 1459 5190 certis
1481 5129 1674 5191 distinxerit
1691 5130 1848 5194 terminis

1050 5232 1083 5292 et
1107 5231 1214 5291 terras
1242 5227 1330 5288 inira
1356 5225 1518 5288 terminos
1552 5225 1644 5302 ipsos
1669 5230 1843 5291 contentas

1049 5325 1121 5398 tibi,
1144 5327 1177 5386 et
1197 5322 1846 5402 86163163616661661311666663361336

1051 5421 1241 5499 subjecerit,
1258 5420 1402 5497 3363213
1416 5420 1522 5496 ipsius
1535 5419 1655 5482 litteris
1671 5423 1845 5498 perspexi-

1050 5535 1124 5581 mus
1139 5519 1269 5596 plenius
1284 5517 1458 5591 contineri,
1472 5532 1532 5578 366
1546 5518 1613 5579 2313
1626 5518 1844 5594 3366133313-

1051 5615 1177 5690 6113321,
1192 5615 1277 5694 quod
1290 5631 1350 5693 per
1361 5613 1513 5676 eumdem
1529 5613 1719 5698 episcopum
1743 5631 1843 5694 super
