4244 6374
327 279 390 344 599

330 440 491 506 ventilata
502 439 638 507 dlutius,
652 438 685 500 et
694 437 829 499 tandem
843 452 902 513 per
912 435 1124 498 diffinitivam

948 277 1125 338 HONORII
1146 277 1192 352 111
1213 275 1362 336 OPERA.

1918 272 1982 333 600

1178 450 1252 495 rum
1266 435 1439 512 episcopos
1461 432 1522 494 sub
1537 433 1628 496 certa
1642 433 1784 509 poenaet
1793 435 1981 510 juramenti

330 535 528 620 senteptlam
540 535 730 606 terminata,
752 534 943 596 mandasset
965 533 1124 612 praedicta
1177 533 1342 607 religione
1356 531 1420 592 tuit
1435 545 1535 606 super
1546 531 1610 592 hoc
1625 531 1658 592 et
1678 529 1875 607 quibusdam
1900 530 1981 590 aliis

330 635 512 704 observari,
529 634 615 695 sicut
625 634 660 693 ih
675 636 704 710 ej
710 649 748 694 us
761 633 892 708 regesto
905 632 1036 708 plenius
1049 646 1125 691 con·

330 732 466 803 tinetur,
500 731 596 792 honae
630 731 801 792 memoriae
839 730 989 789 Clemens
1025 743 1122 804 papa,

331 845 506 892 successor
517 829 633 906 ipsius,
657 827 826 889 intellecto
849 826 934 903 quod
956 826 1069 902 plures
1084 825 1125 885 de

334 927 480 1005 capitulo
490 927 615 998 vestro,
627 925 792 995 absentes,
803 925 996 986 exhonesta
1012 938 1122 994 causa,

330 1024 478 1101 tempore
500 1023 742 1100 compromissi,
766 1037 808 1082 ne
835 1020 1124 1098 compromittere-

332 1123 389 1184 tur
398 1121 614 1183 inhibuerant
633 1120 841 1198 appellando,
861 1118 977 1182 statuit
991 1118 1125 1178 irritan-

334 1219 412 1280 dum
428 1219 583 1296 quicquid
595 1217 718 1279 sactum
734 1217 843 1278 iuerat
856 1217 891 1276 in
906 1215 1056 1276 absentia
1068 1230 1127 1275 eo-

333 1317 494 1389 rumdem,
514 1315 685 1377 mandavit
707 1314 802 1375 bonae
826 1313 994 1374 memoriae
1020 1312 1125 1372 Heliae

332 1412 551 1489 Burdogalen.
582 1411 844 1487 archiepiscope,
873 1411 908 1470 ut
932 1408 1125 1485 praedictam

334 1513 368 1572 S.
382 1501 532 1571 Severini
554 1509 729 1570 ecclesiam
749 1507 929 1577 ordinaret,
944 1504 1125 1566 secundum

332 1606 453 1670 statum
468 1606 591 1668 ibidem
605 1605 832 1679 observatum3
850 1603 906 1680 qui
921 1604 962 1664 de
973 1601 1125 1680 personis

332 1702 461 1764 idoneis
482 1704 589 1779 ipsam
612 1701 781 1763 ordinavit
795 1701 971 1762 ecclesiam
986 1701 1020 1759 in
1039 1699 1126 1761 statu

331 1800 568 1862 canonicorum
606 1799 828 1871 saecularium,
864 1814 961 1875 quem
998 1797 1128 1859 invenit

330 1913 352 1958 a
369 1897 590 1974 quadraginta
605 1897 702 1956 annis
714 1897 805 1957 retro
820 1895 1031 1957 observatum
1044 1909 1126 1955 con-

266 2053 271 2062 ,
332 1994 427 2056 tinue
452 1994 488 2054 in
511 1993 638 2054 eadem.
667 1992 880 2054 Postmodum
908 2007 999 2063 vero,
1026 2007 1126 2068 quum

332 2091 530 2168 procurator
551 2090 703 2150 ecclesiae
728 2089 842 2150 Sancti
856 2088 996 2149 Andreae
1012 2088 1127 2149 volens

332 2189 497 2249 suscitare
516 2186 706 2264 hujusmodi
721 2186 948 2263 quaestionem,
966 2185 1045 2246 ad...
1063 2185 1126 2246 ah-

331 2285 442 2346 batem
458 2285 570 2346 Sancti
590 2283 753 2346 iohannis
770 2283 984 2359 Angeliacen.
1002 2284 1035 2344 et
1050 2299 1127 2343 suos

333 2381 478 2458 collegas
504 2380 635 2442 nostras
661 2395 762 2457 super
784 2380 848 2440 hoc
871 2380 1001 2440 litteras
1021 2381 1128 2455 impe-

332 2480 464 2551 trasset,
481 2478 521 2538 de
536 2477 655 2538 litteris
674 2477 823 2553 praedicti
842 2476 1020 2537 Clementis
1036 2493 1126 2553 prae-

333 2576 520 2638 decessoris
544 2575 663 2646 nostri,
684 2575 717 2635 et
741 2589 898 2651 processu
921 2573 1051 2650 praelati
1066 2589 1126 2634 ar-

332 2672 536 2750 chiepiscopi
547 2671 681 2732 illarum
692 2671 889 2733 auctoritate
897 2670 1022 2740 habito,
1035 2671 1128 2732 nulla

331 2770 421 2833 iacta
455 2771 587 2846 penitus
620 2769 798 2840 mentione,
836 2784 908 2841 nos,
938 2784 982 2828 ex
1007 2768 1128 2830 litteris

333 2857 1127 2945 episcoporum,‘'ahbatumetaliorumquamplu-

332 2967 421 3027 rium
433 2965 613 3037 intellecto,
631 2964 717 3041 quod
738 2981 757 3024 a
772 2967 930 3040 tempore,
950 2967 1045 3040 quus
1062 2979 1128 3024 non

331 3064 424 3128 extat
436 3063 597 3123 memoria
607 3062 643 3121 in
653 3060 1130 3132 eademecolesiavestra,iue-

334 3161 411 3221 rant
434 3158 585 3219 canonici
605 3158 834 3225 saeculares...,
857 3158 985 3218 cantori
1007 3160 1126 3219 Petro-

333 3257 500 3332 goricensi
519 3258 551 3317 et
571 3255 708 3329 collegis
726 3258 798 3331 eJus
814 3253 964 3315 dedimus
979 3255 1014 3315 in
1029 3269 1127 3316 man-

332 3351 1125 3426 datis,utsiconstareteisremtalitersehabere,

332 3450 488 3511 revocato
503 3449 540 3509 in
561 3449 709 3520 irritum,
731 3448 853 3524 siquid
874 3449 1022 3525 ipsarum
1038 3449 1130 3510 litte-

333 3562 447 3608 rarum
482 3545 618 3608 obtentu
649 3545 685 3605 in
720 3544 949 3622 praejudicium
977 3545 1128 3607 ecclesiae

318 3647 452 3732 zvestrae
472 3641 582 3704 luerat
606 3643 815 3711 attentatum,
840 3642 1032 3704 inhiberent
1045 3643 1128 3720 ipsis

330 3741 510 3818 judicibus,
539 3756 581 3801 ne
605 3741 745 3802 ulterius
765 3741 800 3800 in
817 3741 949 3816 negotio
965 3741 1127 3817 procede-

332 3841 409 3900 rent
432 3840 625 3910 memorato,
648 3840 681 3900 et
700 3838 742 3899 ab
765 3838 972 3915 impetitione
992 3839 1129 3915 capituli

334 3938 447 4000 Sancti
462 3936 603 4000 Andreae
622 3951 723 4012 super
738 3935 800 3996 hoc
815 3936 937 3997 dictam
953 3937 1128 3997 ecclesiam

331 4035 552 4106 absolventes,
587 4033 735 4094 eamdem
765 4033 801 4093 in
837 4049 876 4094 eo
900 4034 987 4095 statu
1013 4049 1130 4096 serva-

332 4135 417 4203 rent,
434 4132 470 4191 in
485 4147 549 4207 quo
570 4147 592 4191 a
604 4130 780 4205 sexaginta
796 4131 895 4190 annis
911 4131 1001 4192 retro
1016 4131 1129 4192 nosci-

332 4235 389 4292 tur
411 4229 572 4291 extitisse.
594 4231 664 4288 Duc
687 4242 837 4303 quorum,
854 4229 952 4289 tertio
969 4229 1128 4290 excusato

333 4326 495 4401 legitime,
511 4341 611 4402 quum
633 4325 682 4385 eis
702 4323 905 4385 constitisset
919 4324 1069 4401 plenarie
1087 4325 1128 4386 de

333 4421 512 4500 praedictis,
540 4422 751 4498 saepedictam
779 4422 955 4483 ecclesiam
983 4425 1128 4485 vestram

333 4523 435 4598 sup'er
457 4520 520 4584 hoc
549 4519 589 4580 ah
614 4517 820 4596 impetitione
843 4519 973 4596 praefati
991 4520 1127 4598 capituli

333 4617 577 4680 sententialiter
603 4617 823 4692 absolventes,
839 4617 997 4679 statutum
1020 4635 1130 4680 saecu-

333 4716 454 4777 larium
468 4715 704 4778 canonicorum
725 4714 967 4777 observandum
984 4717 1018 4776 in
1033 4731 1073 4776 ea
1088 4716 1129 4777 de

334 4816 455 4876 caetero
466 4813 696 4883 decreverunt,
705 4813 966 4874 contradictores
972 4814 1071 4889 Juxta
1083 4817 1129 4876 te·

333 4927 449 4972 norem
461 4909 1130 4986 mandatiApostoliciexcommunicatio-

333 5010 386 5070 nis
407 5009 579 5070 sententiae
597 5007 831 5084 supponentes
851 5009 1022 5084 Quumque
1041 5007 1129 5068 suls-

333 5108 384 5170 set
393 5107 433 5168 ab
442 5106 557 5168 eadem
566 5105 1012 5179 sententiaprovocatum,ac
1030 5121 1131 5182 super

333 5205 397 5267 hoo
423 5204 502 5266 ad...
533 5202 686 5264 abbatem
709 5201 822 5261 Planae
852 5200 961 5278 sylvae
986 5219 1130 5280 suosque

334 5302 481 5378 collegas
506 5300 666 5362 littereea
697 5297 780 5358 Sede
803 5299 993 5376 Apostolica
1020 5301 1129 5378 impe-

335 5403 441 5472 tratae,
458 5399 590 5463 tandem
605 5398 645 5458 de
657 5411 822 5458 consensu
838 5399 1010 5475 utriusque
1026 5399 1130 5476 partis

334 5497 367 5560 et
377 5497 526 5576 judicum
542 5494 778 5572 praedictorum
794 5495 829 5556 in
838 5496 1047 5558 venerabiles
1061 5495 1131 5558 ira-

335 5601 402 5658 tres
426 5596 594 5658 nostros...
623 5593 837 5668 Bigorriten„
863 5594 932 5655 ot...
953 5597 1129 5657 Convena-

1179 629 1331 691 articulls
1353 628 1542 705 apartibus
1563 627 1850 703 compromissum,
1862 627 1920 704 qui
1935 627 1980 687 ad

1179 725 1353 788 arbitrium
1366 725 1593 804 procedentes,
1612 725 1700 786 inter
1711 726 1842 796 caetera,
1856 740 1929 801 quae
1943 725 1981 785 in

1179 825 1253 900 ipso
1278 825 1490 885 continentur
1512 823 1662 894 arbitrie,
1689 821 1835 898 capitulo
1864 822 1982 884 Sancti

1182 919 1979 996 Andreaeinvirtutejuramentiincompremisso

1179 1017 1332 1089 exhibiti,
1350 1019 1382 1079 et
1397 1033 1494 1094 poena
1511 1017 1767 1094 quingentarum
1788 1031 1983 1076 marcarum

1180 1115 1214 1175 in
1239 1115 1356 1176 eodem
1382 1131 1540 1192 expresso
1575 1113 1768 1176 arbitrando
1801 1114 1981 1186 dixerunt,

1180 1213 1267 1289 quod
1287 1228 1388 1288 super
1414 1213 1503 1274 statu
1518 1212 1756 1272 canonicorum
1771 1211 1983 1287 regularium

1180 1310 1215 1370 in
1240 1312 1351 1371 vestra
1379 1309 1590 1370 reformando
1612 1309 1766 1380 ecclesia,
1793 1309 1845 1370 vel
1877 1310 1983 1370 etiam

1180 1405 1344 1478 iaciendo,
1367 1406 1494 1467 nullam
1508 1406 1603 1468 vohis
1619 1406 1659 1466 de
1679 1408 1799 1466 caetero
1823 1409 1985 1467 moveant

1180 1503 1233 1566 vel
1270 1501 1398 1565 moveri
1423 1503 1547 1564 iaciant
1568 1503 1657 1564 dicto
1673 1503 1738 1568 ,vel
1762 1502 1869 1575 iacto,
1899 1519 1985 1564 con-

1181 1617 1283 1662 sensu
1310 1602 1363 1663 vel
1388 1601 1540 1674 consilio,
1569 1601 1799 1678 quaestionem.
1827 1603 1980 1672 Quorum

1181 1699 1356 1761 arbitrium
1371 1698 1434 1761 suit
1448 1715 1468 1760 a
1490 1698 1641 1777 partibus
1654 1698 1872 1774 acceptatum,
1890 1698 1984 1760 sicut

1181 1797 1320 1873 apparet
1347 1813 1407 1873 per
1435 1796 1603 1858 exhibitas
1631 1795 1728 1857 nohis
1754 1796 1884 1857 litteras
1911 1798 1982 1857 tam

1182 1894 1384 1955 arbitrorum
1408 1894 1529 1970 sigillis
1551 1909 1649 1970 quam
1665 1893 1809 1970 partium
1830 1909 1985 1954 commu-

1181 1992 1281 2060 nitas,
1301 1991 1386 2070 quod
1412 1993 1446 2053 et
1465 1981 1527 2052 nos¹
1550 1992 1769 2068 postmodum,
1786 1991 1828 2051 ad
1845 1991 1985 2068 petitio-

1182 2105 1257 2149 nem
1277 2090 1434 2160 vestram,
1449 2089 1647 2150 auctoritate
1667 2088 1859 2165 apostolica
1878 2087 1984 2148 duxi-

1183 2203 1255 2247 mus
1271 2186 1544 2258 confirmandum,
1559 2186 1656 2263 prout
1669 2185 1704 2246 in
1716 2185 1842 2246 eisdem
1857 2185 1982 2247 litteris

1181 2284 1383 2345 arbitrorum
1400 2283 1558 2360 ipsorum,
1581 2284 1613 2346 et
1632 2283 1777 2359 partium
1796 2284 1981 2360 perspexi-

1182 2398 1255 2442 mus
1271 2381 1402 2458 plenius
1431 2381 1605 2443 contineri.
1631 2383 1755 2442 Verum
1778 2381 1856 2458 quia
1878 2395 1983 2456 super

1183 2481 1271 2540 statu
1290 2479 1525 2540 canonicorum
1545 2478 1751 2555 regularium
1766 2478 1801 2539 in
1816 2478 1981 2555 praedicta

1182 2578 1293 2638 vestra
1315 2575 1456 2637 ecclesia
1472 2574 1645 2637 statuendo
1661 2575 1802 2636 diversae
1823 2576 1985 2636 commis-

1184 2674 1305 2744 siones,
1330 2672 1503 2734 sententiae
1528 2687 1567 2734 ac
1593 2671 1872 2743 confirmationes,
1891 2672 1983 2733 sicut

1183 2771 1377 2847 praedictum
1391 2771 1451 2841 est,
1469 2771 1585 2832 contra
1603 2769 1752 2831 eamdem
1768 2770 1945 2830 ecclesiam
1959 2785 1982 2830 a

1185 2869 1270 2930 Sede
1295 2867 1486 2944 Apostolica
1501 2868 1711 2935 emanarunt,
1728 2867 1908 2944 apraelatis
1922 2883 1984 2927 ar-

1182 2965 1280 3026 bitris
1302 2965 1364 3025 luit
1390 2964 1484 3025 vohis
1509 2965 1705 3041 injunctum,
1723 2966 1760 3025 ut
1775 2964 1863 3025 inira
1877 2964 1981 3025 hien-

1184 3063 1275 3123 nium
1291 3078 1310 3123 a
1325 3063 1473 3138 tempore
1492 3061 1570 3122 talis
1585 3061 1715 3122 arbitrii
1730 3062 1896 3138 superbis
1913 3065 1981 3123 Se-

1183 3161 1257 3221 dem
1283 3159 1506 3236 apostolicam
1531 3159 1753 3232 consuleritis
1778 3161 1810 3221 et
1829 3160 1984 3236 suscipe-

1184 3258 1264 3320 retis
1280 3257 1452 3318 humiliter
1467 3256 1553 3333 quod
1569 3257 1642 3333 ipsa
1658 3257 1747 3317 circa
1767 3257 1829 3318 hoc
1845 3257 1983 3318 duxerit

1183 3355 1424 3427 ordinandum;
1441 3353 1526 3431 quod
1547 3369 1606 3415 vos
1621 3370 1680 3431 per
1701 3354 1857 3415 dilectum
1873 3353 1981 3416 lilium

1184 3457 1220 3514 G.
1246 3452 1286 3513 de
1310 3454 1432 3526 Burgo,
1458 3451 1610 3528 nepotem
1635 3451 1838 3512 venerabilis
1864 3451 1981 3513 fratris

1184 3550 1328 3612 nostri...
1341 3549 1560 3623 burdegalen.
1579 3547 1834 3626 archiepiscopi,
1852 3565 1979 3610 conca-

1184 3648 1339 3708 nonicum
1355 3649 1388 3708 et
1405 3647 1656 3723 procuratorem
1673 3649 1831 3720 vestrum,
1843 3651 1982 3724 propter

1183 3745 1246 3805 hoc
1261 3744 1302 3804 ad
1315 3745 1463 3804 nostram
1476 3742 1688 3819 praesentiam
1701 3743 1913 3816 destinatum,
1925 3744 1982 3805 de-

1182 3842 1258 3904 vote
1273 3856 1313 3902 ac
1329 3843 1523 3902 reverenter
1534 3841 1720 3917 implentes,
1730 3841 1825 3902 nohis
1836 3829 1980 3902 humili-

1183 3940 1235 4001 ter
1251 3937 1475 4015 supplicastis,
1489 3939 1526 3999 ut
1537 3937 1632 4000 vobis
1645 3939 1678 4000 et
1691 3939 1842 4001 ecclesiae
1857 3941 1981 4000 vestrae

1181 4035 1418 4112 tranquillitati
1430 4036 1568 4111 paterna
1579 4035 1802 4098 sollicitudine
1814 4038 1850 4097 in
1865 4038 1980 4113 poste-

1182 4149 1256 4194 rum
1266 4130 1621 4208 providentes‚statum
1631 4135 1866 4195 canonicorum
1878 4151 1982 4196 saecu-

1183 4230 1304 4291 larium
1315 4229 1571 4291 decerneremus
1584 4229 1666 4290 inihi
1678 4229 1718 4291 de
1734 4233 1854 4293 caetero
1870 4232 1981 4293 ohser-

1182 4327 1338 4390 vandum.
1355 4329 1384 4389 N
1388 4327 1515 4388 olentes
1529 4327 1632 4403 igitur
1642 4327 1792 4389 eamdem
1803 4329 1980 4390 ecclesiam

1182 4426 1327 4486 vestram
1343 4423 1517 4486 occasione
1532 4425 1722 4502 hujusmodi
1734 4425 1774 4486 de
1789 4428 1909 4488 caetero
1922 4426 1978 4488 ia-

1183 4524 1290 4599 ugare
1305 4522 1486 4594 laboribus,
1509 4522 1541 4582 et
1554 4523 1720 4598 expensis
1734 4525 1855 4585 vestris
1870 4525 1982 4602 preci-

1183 4621 1244 4680 hus
1259 4620 1422 4690 inclinati,
1440 4620 1561 4681 statum
1577 4621 1812 4697 canonicorum
1834 4623 1980 4682 saecula-

1184 4719 1281 4790 rium,
1299 4733 1397 4794 quem
1418 4733 1437 4778 a
1460 4717 1635 4792 sexaginta
1650 4718 1739 4778 retro
1755 4719 1852 4779 annis
1867 4735 1911 4779 ex
1924 4718 1982 4780 lit-

1183 4816 1265 4877 teris
1274 4814 1507 4892 praedictorum
1521 4815 1666 4875 cantoris
1681 4816 1978 4891 petragoricensis,

1184 4915 1216 4974 et
1231 4911 1368 4988 collegae
1385 4911 1491 4988 ipsius
1510 4925 1610 4987 super
1633 4911 1696 4972 hoc
1717 4912 1944 4988 delegatorum
1960 4929 1981 4975 a

1184 5009 1280 5071 nobis
1295 5010 1331 5070 in
1351 5025 1390 5070 ea
1406 5008 1634 5070 intelleximus
1655 5009 1885 5083 observatum,
1901 5028 1982 5072 auc-

1184 5105 1318 5168 toritate
1344 5105 1533 5182 apostolica
1557 5105 1804 5179 confirmamus,
1828 5109 1861 5170 et
1889 5125 1982 5184 prae-

1185 5205 1288 5266 sentis
1304 5203 1419 5280 scripti
1433 5203 1619 5280 patrocinio
1632 5205 1888 5278 communimus,
1906 5205 1980 5266 dis-

1184 5303 1314 5364 trictius
1334 5301 1536 5374 inhibentes,
1552 5301 1680 5377 nequis
1696 5302 1906 5378 saepedictam
1925 5319 1984 5364 ec-

1185 5398 1320 5460 clesiam
1340 5398 1484 5458 vestram
1509 5412 1609 5472 super
1636 5397 1700 5457 hoc
1724 5399 1905 5472 praesumat
1925 5397 1982 5458 ul-

1185 5496 1289 5557 terius
1303 5494 1495 5556 molestare.
1517 5493 1609 5554 Nulli
1625 5509 1703 5570 ergo
1717 5495 1851 5556 omnino
1867 5495 1982 5556 homi-

1188 5611 1266 5655 num
1280 5593 1379 5655 liceat
1395 5593 1481 5654 hanc
1496 5592 1650 5668 paginam
1665 5595 1787 5654 nostrae
1803 5593 1984 5655 conflrma-
