<?xml version="1.0" encoding="UTF-8"?>
<!DOCTYPE html PUBLIC "-//W3C//DTD XHTML 1.0 Transitional//EN"
    "http://www.w3.org/TR/xhtml1/DTD/xhtml1-transitional.dtd">
<html xmlns="http://www.w3.org/1999/xhtml" xml:lang="en" lang="en">
 <head>
  <title>
</title>
<meta http-equiv="Content-Type" content="text/html;charset=utf-8" />
  <meta name='ocr-system' content='tesseract 3.04.00' />
  <meta name='ocr-capabilities' content='ocr_page ocr_carea ocr_par ocr_line ocrx_word'/>
</head>
<body>
  <div class='ocr_page' id='page_1' title='image "./mediiaevibiblio00unkngoog_0043.png"; bbox 0 0 4222 6374; ppageno 0'>
   <div class='ocr_carea' id='block_1_1' title="bbox 141 207 1779 302">
    <p class='ocr_par' dir='ltr' id='par_1_1' title="bbox 141 207 1779 302">
     <span class='ocr_line' id='line_1_1' title="bbox 141 207 1779 302; baseline 0.007 -15"><span class='ocrx_word' id='word_1_1' title='bbox 141 224 180 288; x_wconf 80' lang='lat' dir='ltr'>et</span> <span class='ocrx_word' id='word_1_2' title='bbox 743 229 972 302; x_wconf 67' lang='lat' dir='ltr'>brunone,</span> <span class='ocrx_word' id='word_1_3' title='bbox 994 207 1150 296; x_wconf 58' lang='lat' dir='ltr'>ntnlrr.</span> <span class='ocrx_word' id='word_1_4' title='bbox 1738 235 1779 298; x_wconf 81' lang='lat' dir='ltr'>ea</span> 
     </span>
    </p>
   </div>
   <div class='ocr_carea' id='block_1_2' title="bbox 139 379 1780 953">
    <p class='ocr_par' dir='ltr' id='par_1_2' title="bbox 139 379 1780 953">
     <span class='ocr_line' id='line_1_2' title="bbox 139 379 1778 466; baseline 0.006 -22"><span class='ocrx_word' id='word_1_5' title='bbox 139 379 294 444; x_wconf 77' lang='lat' dir='ltr'>volumus</span> <span class='ocrx_word' id='word_1_6' title='bbox 307 381 452 446; x_wconf 83' lang='lat' dir='ltr'>fideliter</span> <span class='ocrx_word' id='word_1_7' title='bbox 462 384 637 462; x_wconf 82' lang='lat' dir='ltr'>impertiri,</span> <span class='ocrx_word' id='word_1_8' title='bbox 652 385 731 464; x_wconf 87' lang='lat' dir='ltr'>qula</span> <span class='ocrx_word' id='word_1_9' title='bbox 745 401 806 464; x_wconf 93' lang='lat' dir='ltr'>per</span> <span class='ocrx_word' id='word_1_10' title='bbox 820 401 878 451; x_wconf 91' lang='lat' dir='ltr'>eos</span> <span class='ocrx_word' id='word_1_11' title='bbox 892 388 933 450; x_wconf 87' lang='lat' dir='ltr'>de</span> <span class='ocrx_word' id='word_1_12' title='bbox 988 387 1075 466; x_wconf 83' lang='lat' dir='ltr'>quod</span> <span class='ocrx_word' id='word_1_13' title='bbox 1089 387 1272 452; x_wconf 74' lang='lat' dir='ltr'>statueritis</span> <span class='ocrx_word' id='word_1_14' title='bbox 1294 403 1355 466; x_wconf 91' lang='lat' dir='ltr'>per</span> <span class='ocrx_word' id='word_1_15' title='bbox 1372 403 1547 452; x_wconf 86' lang='lat' dir='ltr'>censuram</span> <span class='ocrx_word' id='word_1_16' title='bbox 1568 389 1778 454; x_wconf 79' lang='lat' dir='ltr'>eeclesiasti-</span> 
     </span>
     <span class='ocr_line' id='line_1_3' title="bbox 141 477 1779 565; baseline 0.005 -25"><span class='ocrx_word' id='word_1_17' title='bbox 141 477 232 540; x_wconf 82' lang='lat' dir='ltr'>iscili</span> <span class='ocrx_word' id='word_1_18' title='bbox 258 479 390 556; x_wconf 85' lang='lat' dir='ltr'>quidem</span> <span class='ocrx_word' id='word_1_19' title='bbox 413 481 630 558; x_wconf 73' lang='lat' dir='ltr'>resurgeret,</span> <span class='ocrx_word' id='word_1_20' title='bbox 661 483 748 562; x_wconf 90' lang='lat' dir='ltr'>quod</span> <span class='ocrx_word' id='word_1_21' title='bbox 774 499 934 562; x_wconf 89' lang='lat' dir='ltr'>processu</span> <span class='ocrx_word' id='word_1_22' title='bbox 970 501 1061 546; x_wconf 81' lang='lat' dir='ltr'>cam</span> <span class='ocrx_word' id='word_1_23' title='bbox 1075 485 1216 548; x_wconf 86' lang='lat' dir='ltr'>tirmiter</span> <span class='ocrx_word' id='word_1_24' title='bbox 1228 485 1410 558; x_wconf 89' lang='lat' dir='ltr'>observari,</span> <span class='ocrx_word' id='word_1_25' title='bbox 1423 487 1525 548; x_wconf 85' lang='lat' dir='ltr'>testes</span> <span class='ocrx_word' id='word_1_26' title='bbox 1540 487 1661 560; x_wconf 85' lang='lat' dir='ltr'>autern,</span> <span class='ocrx_word' id='word_1_27' title='bbox 1677 488 1779 565; x_wconf 82' lang='lat' dir='ltr'>siqui</span> 
     </span>
     <span class='ocr_line' id='line_1_4' title="bbox 139 577 1780 658; baseline 0.004 -21"><span class='ocrx_word' id='word_1_28' title='bbox 139 577 299 654; x_wconf 88' lang='lat' dir='ltr'>temporis</span> <span class='ocrx_word' id='word_1_29' title='bbox 322 594 389 640; x_wconf 91' lang='lat' dir='ltr'>non</span> <span class='ocrx_word' id='word_1_30' title='bbox 412 579 519 640; x_wconf 89' lang='lat' dir='ltr'>solum</span> <span class='ocrx_word' id='word_1_31' title='bbox 547 596 568 642; x_wconf 89' lang='lat' dir='ltr'>a</span> <span class='ocrx_word' id='word_1_32' title='bbox 595 583 754 644; x_wconf 81' lang='lat' dir='ltr'>Romanae</span> <span class='ocrx_word' id='word_1_33' title='bbox 779 582 933 644; x_wconf 83' lang='lat' dir='ltr'>ecclesiae</span> <span class='ocrx_word' id='word_1_34' title='bbox 987 579 1112 643; x_wconf 84' lang='lat' dir='ltr'>fuerint</span> <span class='ocrx_word' id='word_1_35' title='bbox 1134 581 1307 654; x_wconf 89' lang='lat' dir='ltr'>nominati,</span> <span class='ocrx_word' id='word_1_36' title='bbox 1328 582 1358 644; x_wconf 93' lang='lat' dir='ltr'>si</span> <span class='ocrx_word' id='word_1_37' title='bbox 1379 597 1414 644; x_wconf 88' lang='lat' dir='ltr'>se</span> <span class='ocrx_word' id='word_1_38' title='bbox 1433 583 1552 658; x_wconf 70' lang='lat' dir='ltr'>grafia</span> <span class='ocrx_word' id='word_1_39' title='bbox 1568 583 1645 646; x_wconf 89' lang='lat' dir='ltr'>odie</span> <span class='ocrx_word' id='word_1_40' title='bbox 1661 584 1714 646; x_wconf 82' lang='lat' dir='ltr'>vel</span> <span class='ocrx_word' id='word_1_41' title='bbox 1734 585 1780 646; x_wconf 85' lang='lat' dir='ltr'>ti-</span> 
     </span>
     <span class='ocr_line' id='line_1_5' title="bbox 141 673 1778 756; baseline 0.005 -22"><span class='ocrx_word' id='word_1_42' title='bbox 141 673 328 737; x_wconf 89' lang='lat' dir='ltr'>obedientia</span> <span class='ocrx_word' id='word_1_43' title='bbox 348 677 382 738; x_wconf 90' lang='lat' dir='ltr'>et</span> <span class='ocrx_word' id='word_1_44' title='bbox 400 677 606 753; x_wconf 85' lang='lat' dir='ltr'>magisterio,</span> <span class='ocrx_word' id='word_1_45' title='bbox 630 678 686 739; x_wconf 92' lang='lat' dir='ltr'>sed</span> <span class='ocrx_word' id='word_1_46' title='bbox 709 677 751 740; x_wconf 90' lang='lat' dir='ltr'>ab</span> <span class='ocrx_word' id='word_1_47' title='bbox 765 679 933 742; x_wconf 85' lang='lat' dir='ltr'>baeredum</span> <span class='ocrx_word' id='word_1_48' title='bbox 989 694 1081 740; x_wconf 89' lang='lat' dir='ltr'>more</span> <span class='ocrx_word' id='word_1_49' title='bbox 1103 679 1329 742; x_wconf 80' lang='lat' dir='ltr'><strong>subtraxerint</strong></span> <span class='ocrx_word' id='word_1_50' title='bbox 1342 693 1402 756; x_wconf 92' lang='lat' dir='ltr'>per</span> <span class='ocrx_word' id='word_1_51' title='bbox 1420 695 1593 742; x_wconf 84' lang='lat' dir='ltr'>censuram</span> <span class='ocrx_word' id='word_1_52' title='bbox 1615 682 1778 752; x_wconf 90' lang='lat' dir='ltr'>eamdem,</span> 
     </span>
     <span class='ocr_line' id='line_1_6' title="bbox 140 771 1777 853; baseline 0.005 -21"><span class='ocrx_word' id='word_1_53' title='bbox 140 771 283 844; x_wconf 88' lang='lat' dir='ltr'>tuorum,</span> <span class='ocrx_word' id='word_1_54' title='bbox 314 773 347 834; x_wconf 91' lang='lat' dir='ltr'>et</span> <span class='ocrx_word' id='word_1_55' title='bbox 372 774 565 837; x_wconf 87' lang='lat' dir='ltr'>Latinorum</span> <span class='ocrx_word' id='word_1_56' title='bbox 593 774 739 837; x_wconf 90' lang='lat' dir='ltr'>dominio</span> <span class='ocrx_word' id='word_1_57' title='bbox 765 791 802 838; x_wconf 94' lang='lat' dir='ltr'>se</span> <span class='ocrx_word' id='word_1_58' title='bbox 829 777 934 838; x_wconf 91' lang='lat' dir='ltr'>totum</span> <span class='ocrx_word' id='word_1_59' title='bbox 988 776 1211 853; x_wconf 82' lang='lat' dir='ltr'>appellatione</span> <span class='ocrx_word' id='word_1_60' title='bbox 1230 779 1391 850; x_wconf 78' lang='lat' dir='ltr'>cessante,</span> <span class='ocrx_word' id='word_1_61' title='bbox 1413 777 1538 853; x_wconf 79' lang='lat' dir='ltr'>cogatis</span> <span class='ocrx_word' id='word_1_62' title='bbox 1558 778 1691 841; x_wconf 82' lang='lat' dir='ltr'>veritati</span> <span class='ocrx_word' id='word_1_63' title='bbox 1705 782 1777 842; x_wconf 85' lang='lat' dir='ltr'>tes-</span> 
     </span>
     <span class='ocr_line' id='line_1_7' title="bbox 140 873 1778 953; baseline 0.005 -15"><span class='ocrx_word' id='word_1_64' title='bbox 140 892 280 953; x_wconf 77' lang='lat' dir='ltr'>regnum</span> <span class='ocrx_word' id='word_1_65' title='bbox 311 878 521 942; x_wconf 80' lang='lat' dir='ltr'>subtraheret</span> <span class='ocrx_word' id='word_1_66' title='bbox 555 883 785 943; x_wconf 83' lang='lat' dir='ltr'>memoratum.</span> <span class='ocrx_word' id='word_1_67' title='bbox 811 883 931 944; x_wconf 83' lang='lat' dir='ltr'>natum</span> <span class='ocrx_word' id='word_1_68' title='bbox 988 873 1162 935; x_wconf 84' lang='lat' dir='ltr'>timonium</span> <span class='ocrx_word' id='word_1_69' title='bbox 1185 873 1371 951; x_wconf 83' lang='lat' dir='ltr'>perhibere.</span> <span class='ocrx_word' id='word_1_70' title='bbox 1401 873 1493 946; x_wconf 85' lang='lat' dir='ltr'>Quod</span> <span class='ocrx_word' id='word_1_71' title='bbox 1517 875 1547 936; x_wconf 82' lang='lat' dir='ltr'>si</span> <span class='ocrx_word' id='word_1_72' title='bbox 1570 889 1637 936; x_wconf 84' lang='lat' dir='ltr'>nou</span> <span class='ocrx_word' id='word_1_73' title='bbox 1665 891 1778 938; x_wconf 79' lang='lat' dir='ltr'>omnes</span> 
     </span>
    </p>
   </div>
   <div class='ocr_carea' id='block_1_3' title="bbox 142 971 1779 1146">
    <p class='ocr_par' dir='ltr' id='par_1_3' title="bbox 142 971 1779 1146">
     <span class='ocr_line' id='line_1_8' title="bbox 142 971 1779 1064; baseline 0 -20"><span class='ocrx_word' id='word_1_74' title='bbox 142 983 316 1064; x_wconf 73' lang='lat' dir='ltr'>Laterani,</span> <span class='ocrx_word' id='word_1_75' title='bbox 338 983 437 1047; x_wconf 91' lang='lat' dir='ltr'>tertio</span> <span class='ocrx_word' id='word_1_76' title='bbox 466 984 628 1047; x_wconf 80' lang='lat' dir='ltr'>kalendas</span> <span class='ocrx_word' id='word_1_77' title='bbox 651 987 818 1064; x_wconf 73' lang='lat' dir='ltr'>ianuarii,</span> <span class='ocrx_word' id='word_1_78' title='bbox 846 1003 934 1051; x_wconf 91' lang='lat' dir='ltr'>auno</span> <span class='ocrx_word' id='word_1_79' title='bbox 989 971 1031 1031; x_wconf 64' lang='lat' dir='ltr'>fis</span> <span class='ocrx_word' id='word_1_80' title='bbox 1059 971 1279 1049; x_wconf 70' lang='lat' dir='ltr'>0¹⁸0dl¹0¹¹d¹³</span> <span class='ocrx_word' id='word_1_81' title='bbox 1312 971 1484 1048; x_wconf 66' lang='lat' dir='ltr'>P0i¹101⁸iii⁸</span> <span class='ocrx_word' id='word_1_82' title='bbox 1511 973 1684 1045; x_wconf 61' lang='lat' dir='ltr'>interesse,</span> <span class='ocrx_word' id='word_1_83' title='bbox 1713 975 1779 1034; x_wconf 89' lang='lat' dir='ltr'>due</span> 
     </span>
     <span class='ocr_line' id='line_1_9' title="bbox 143 1067 1779 1146; baseline -0.003 -10"><span class='ocrx_word' id='word_1_84' title='bbox 143 1081 248 1143; x_wconf 78' lang='lat' dir='ltr'>sexto.</span> <span class='ocrx_word' id='word_1_85' title='bbox 988 1069 1196 1130; x_wconf 68' lang='lat' dir='ltr'>vestrumea</span> <span class='ocrx_word' id='word_1_86' title='bbox 1218 1067 1435 1130; x_wconf 89' lang='lat' dir='ltr'>nibilominus</span> <span class='ocrx_word' id='word_1_87' title='bbox 1457 1071 1692 1146; x_wconf 79' lang='lat' dir='ltr'>exsequantur.</span> <span class='ocrx_word' id='word_1_88' title='bbox 1708 1072 1779 1132; x_wconf 86' lang='lat' dir='ltr'>Da-</span> 
     </span>
    </p>
   </div>
   <div class='ocr_carea' id='block_1_4' title="bbox 989 1165 1777 1243">
    <p class='ocr_par' dir='ltr' id='par_1_4' title="bbox 989 1165 1777 1243">
     <span class='ocr_line' id='line_1_10' title="bbox 989 1165 1777 1243; baseline -0.001 -15"><span class='ocrx_word' id='word_1_89' title='bbox 989 1167 1059 1228; x_wconf 90' lang='lat' dir='ltr'>tum</span> <span class='ocrx_word' id='word_1_90' title='bbox 1074 1165 1241 1239; x_wconf 82' lang='lat' dir='ltr'>Laterani,</span> <span class='ocrx_word' id='word_1_91' title='bbox 1255 1166 1436 1243; x_wconf 77' lang='lat' dir='ltr'>ponerent.</span> <span class='ocrx_word' id='word_1_92' title='bbox 1451 1167 1557 1228; x_wconf 92' lang='lat' dir='ltr'>nostri</span> <span class='ocrx_word' id='word_1_93' title='bbox 1569 1181 1657 1228; x_wconf 86' lang='lat' dir='ltr'>anno</span> <span class='ocrx_word' id='word_1_94' title='bbox 1671 1166 1777 1229; x_wconf 84' lang='lat' dir='ltr'>sexte.</span> 
     </span>
    </p>
   </div>
   <div class='ocr_carea' id='block_1_5' title="bbox 459 1323 618 1412">
    <p class='ocr_par' dir='ltr' id='par_1_5' title="bbox 459 1323 618 1412">
     <span class='ocr_line' id='line_1_11' title="bbox 459 1323 618 1412; baseline 0.025 -3"><span class='ocrx_word' id='word_1_95' title='bbox 459 1323 618 1412; x_wconf 86' lang='lat' dir='ltr'>LXXIV</span> 
     </span>
    </p>
   </div>
   <div class='ocr_carea' id='block_1_6' title="bbox 114 1467 1548 1808">
    <p class='ocr_par' dir='ltr' id='par_1_6' title="bbox 114 1467 1548 1808">
     <span class='ocr_line' id='line_1_12' title="bbox 143 1467 1463 1556; baseline 0.005 -25"><span class='ocrx_word' id='word_1_96' title='bbox 143 1472 196 1532; x_wconf 86' lang='lat' dir='ltr'>Ad</span> <span class='ocrx_word' id='word_1_97' title='bbox 202 1473 430 1547; x_wconf 74' lang='lat' dir='ltr'>prepositum</span> <span class='ocrx_word' id='word_1_98' title='bbox 440 1474 789 1550; x_wconf 77' lang='lat' dir='ltr'>cappemberprnscm</span> <span class='ocrx_word' id='word_1_99' title='bbox 801 1475 937 1536; x_wconf 75' lang='lat' dir='ltr'>Menae</span> <span class='ocrx_word' id='word_1_100' title='bbox 1315 1467 1463 1556; x_wconf 76' lang='lat' dir='ltr'>LXXV·</span> 
     </span>
     <span class='ocr_line' id='line_1_13' title="bbox 184 1569 934 1644; baseline 0.003 -14"><span class='ocrx_word' id='word_1_101' title='bbox 184 1569 348 1630; x_wconf 77' lang='lat' dir='ltr'>irriensis</span> <span class='ocrx_word' id='word_1_102' title='bbox 361 1573 528 1643; x_wconf 69' lang='lat' dir='ltr'>dioecesis,</span> <span class='ocrx_word' id='word_1_103' title='bbox 546 1571 579 1633; x_wconf 86' lang='lat' dir='ltr'>et</span> <span class='ocrx_word' id='word_1_104' title='bbox 593 1573 759 1634; x_wconf 63' lang='lat' dir='ltr'>moenem</span> <span class='ocrx_word' id='word_1_105' title='bbox 769 1573 805 1634; x_wconf 83' lang='lat' dir='ltr'>S.</span> <span class='ocrx_word' id='word_1_106' title='bbox 820 1573 934 1644; x_wconf 77' lang='lat' dir='ltr'>Pauli,</span> 
     </span>
     <span class='ocr_line' id='line_1_14' title="bbox 114 1622 1548 1744; baseline 0.005 -17"><span class='ocrx_word' id='word_1_107' title='bbox 114 1645 119 1656; x_wconf 68' lang='grc'><em>’</em></span> <span class='ocrx_word' id='word_1_108' title='bbox 182 1667 452 1729; x_wconf 72' lang='lat' dir='ltr'>acscomsticum</span> <span class='ocrx_word' id='word_1_109' title='bbox 466 1667 635 1744; x_wconf 70' lang='lat' dir='ltr'>uulpem.</span> <span class='ocrx_word' id='word_1_110' title='bbox 1222 1622 1275 1682; x_wconf 65' lang='lat' dir='ltr'>Ad</span> <span class='ocrx_word' id='word_1_111' title='bbox 1292 1633 1412 1698; x_wconf 50' lang='lat' dir='ltr'><em>recem</em></span> <span class='ocrx_word' id='word_1_112' title='bbox 1433 1623 1548 1696; x_wconf 57' lang='lat' dir='ltr'>Cym</span> 
     </span>
     <span class='ocr_line' id='line_1_15' title="bbox 1237 1747 1538 1808; baseline 0 0"><span class='ocrx_word' id='word_1_113' title='bbox 1237 1749 1273 1808; x_wconf 78' lang='lat'>30</span> <span class='ocrx_word' id='word_1_114' title='bbox 1285 1747 1446 1808; x_wconf 87' lang='lat' dir='ltr'>decembris</span> <span class='ocrx_word' id='word_1_115' title='bbox 1460 1750 1538 1808; x_wconf 75' lang='lat' dir='ltr'>liii.</span> 
     </span>
    </p>
   </div>
   <div class='ocr_carea' id='block_1_7' title="bbox 388 1795 1691 1938">
    <p class='ocr_par' dir='ltr' id='par_1_7' title="bbox 388 1795 1691 1938">
     <span class='ocr_line' id='line_1_16' title="bbox 388 1795 690 1856; baseline 0 -2"><span class='ocrx_word' id='word_1_116' title='bbox 388 1797 425 1854; x_wconf 80' lang='lat'>30</span> <span class='ocrx_word' id='word_1_117' title='bbox 437 1795 598 1856; x_wconf 78' lang='lat' dir='ltr'>decembris</span> <span class='ocrx_word' id='word_1_118' title='bbox 611 1797 690 1854; x_wconf 73' lang='lat' dir='ltr'>tiit.</span> 
     </span>
     <span class='ocr_line' id='line_1_17' title="bbox 669 1869 1691 1938; baseline 0.005 -19"><span class='ocrx_word' id='word_1_119' title='bbox 669 1871 674 1882; x_wconf 91' lang='lat'><strong>·</strong></span> <span class='ocrx_word' id='word_1_120' title='bbox 1083 1869 1691 1938; x_wconf 53' lang='lat' dir='ltr'>mepuu.,ann.0eu.,ermn.inrasae]</span> 
     </span>
    </p>
   </div>
   <div class='ocr_carea' id='block_1_8' title="bbox 143 1915 1785 2512">
    <p class='ocr_par' dir='ltr' id='par_1_8' title="bbox 228 1915 855 1984">
     <span class='ocr_line' id='line_1_18' title="bbox 228 1915 855 1984; baseline 0 -16"><span class='ocrx_word' id='word_1_121' title='bbox 228 1917 415 1983; x_wconf 63' lang='lat' dir='ltr'>[lappenberp</span> <span class='ocrx_word' id='word_1_122' title='bbox 429 1918 567 1982; x_wconf 72' lang='lat' dir='ltr'>liuniburg.</span> <span class='ocrx_word' id='word_1_123' title='bbox 579 1919 639 1978; x_wconf 77' lang='lat' dir='ltr'>litt,</span> <span class='ocrx_word' id='word_1_124' title='bbox 651 1921 672 1980; x_wconf 94' lang='lat'>1,</span> <span class='ocrx_word' id='word_1_125' title='bbox 684 1915 740 1979; x_wconf 76' lang='lat' dir='ltr'>diii,</span> <span class='ocrx_word' id='word_1_126' title='bbox 750 1931 777 1971; x_wconf 92' lang='lat' dir='ltr'>n.</span> <span class='ocrx_word' id='word_1_127' title='bbox 787 1917 855 1984; x_wconf 72' lang='lat' dir='ltr'>itit]</span> 
     </span>
    </p>

    <p class='ocr_par' dir='ltr' id='par_1_9' title="bbox 143 1995 1783 2267">
     <span class='ocr_line' id='line_1_19' title="bbox 143 1995 1783 2108; baseline 0.006 -17"><span class='ocrx_word' id='word_1_128' title='bbox 143 2033 194 2092; x_wconf 84' lang='lat' dir='ltr'>Eis</span> <span class='ocrx_word' id='word_1_129' title='bbox 214 2032 329 2091; x_wconf 88' lang='lat' dir='ltr'>mandat</span> <span class='ocrx_word' id='word_1_130' title='bbox 347 2041 378 2091; x_wconf 87' lang='lat' dir='ltr'>ut</span> <span class='ocrx_word' id='word_1_131' title='bbox 397 2034 571 2108; x_wconf 80' lang='lat' dir='ltr'>investigent</span> <span class='ocrx_word' id='word_1_132' title='bbox 591 2047 660 2091; x_wconf 89' lang='lat' dir='ltr'>num</span> <span class='ocrx_word' id='word_1_133' title='bbox 681 2035 801 2092; x_wconf 89' lang='lat' dir='ltr'>coucilia</span> <span class='ocrx_word' id='word_1_134' title='bbox 819 2035 934 2108; x_wconf 85' lang='lat' dir='ltr'>provin·</span> <span class='ocrx_word' id='word_1_135' title='bbox 991 1995 1063 2068; x_wconf 52' lang='lat' dir='ltr'>M</span> <span class='ocrx_word' id='word_1_136' title='bbox 1075 1995 1158 2096; x_wconf 48' lang='lat' dir='ltr'>cmi</span> <span class='ocrx_word' id='word_1_137' title='bbox 1173 1995 1783 2100; x_wconf 25' lang='lat' dir='ltr'>qui.⁵uppli⁰⁸ver³¹&#39;”mammin</span> 
     </span>
     <span class='ocr_line' id='line_1_20' title="bbox 180 2084 1782 2196; baseline 0.006 -17"><span class='ocrx_word' id='word_1_138' title='bbox 180 2121 272 2190; x_wconf 89' lang='lat' dir='ltr'>cialia,</span> <span class='ocrx_word' id='word_1_139' title='bbox 294 2121 368 2179; x_wconf 80' lang='lat' dir='ltr'>siem</span> <span class='ocrx_word' id='word_1_140' title='bbox 388 2121 519 2179; x_wconf 88' lang='lat' dir='ltr'>canonici</span> <span class='ocrx_word' id='word_1_141' title='bbox 540 2122 627 2180; x_wconf 90' lang='lat' dir='ltr'>velint</span> <span class='ocrx_word' id='word_1_142' title='bbox 645 2121 889 2196; x_wconf 70' lang='lat' dir='ltr'>bamburgenses,</span> <span class='ocrx_word' id='word_1_143' title='bbox 907 2125 936 2181; x_wconf 93' lang='lat' dir='ltr'>iu</span> <span class='ocrx_word' id='word_1_144' title='bbox 1025 2084 1156 2186; x_wconf 67' lang='lat' dir='ltr'><strong>⁰⁰⁰¹e⁸¹¹.⁸</strong></span> <span class='ocrx_word' id='word_1_145' title='bbox 1170 2085 1335 2186; x_wconf 50' lang='lat' dir='ltr'>L⁸⁸¹⁰⁰f¹ffm</span> <span class='ocrx_word' id='word_1_146' title='bbox 1349 2092 1494 2157; x_wconf 53' lang='lat' dir='ltr'><strong>nmquam</strong></span> <span class='ocrx_word' id='word_1_147' title='bbox 1511 2086 1690 2186; x_wconf 44' lang='lat' dir='ltr'><strong>¹³⁰⁰F¹fl⁰¹b¹¹⁸</strong></span> <span class='ocrx_word' id='word_1_148' title='bbox 1702 2101 1782 2148; x_wconf 75' lang='lat' dir='ltr'><strong>⁰⁰m&#39;</strong></span> 
     </span>
     <span class='ocr_line' id='line_1_21' title="bbox 178 2171 1783 2267; baseline 0.006 -42"><span class='ocrx_word' id='word_1_149' title='bbox 178 2223 230 2267; x_wconf 61' lang='lat' dir='ltr'>wa</span> <span class='ocrx_word' id='word_1_150' title='bbox 245 2209 365 2266; x_wconf 53' lang='lat' dir='ltr'><strong>eeclesia</strong></span> <span class='ocrx_word' id='word_1_151' title='bbox 380 2206 503 2267; x_wconf 59' lang='lat' dir='ltr'><strong>debeam</strong></span> <span class='ocrx_word' id='word_1_152' title='bbox 516 2208 664 2267; x_wconf 45' lang='lat' dir='ltr'>celebrum</span> <span class='ocrx_word' id='word_1_153' title='bbox 1025 2171 1202 2230; x_wconf 82' lang='lat' dir='ltr'>momnubus</span> <span class='ocrx_word' id='word_1_154' title='bbox 1217 2179 1436 2246; x_wconf 83' lang='lat' dir='ltr'>permnteretur,</span> <span class='ocrx_word' id='word_1_155' title='bbox 1455 2181 1537 2247; x_wconf 85' lang='lat' dir='ltr'>prout</span> <span class='ocrx_word' id='word_1_156' title='bbox 1551 2183 1618 2245; x_wconf 86' lang='lat' dir='ltr'>smt,</span> <span class='ocrx_word' id='word_1_157' title='bbox 1633 2189 1783 2235; x_wconf 86' lang='lat' dir='ltr'>remanare</span> 
     </span>
    </p>

    <p class='ocr_par' dir='ltr' id='par_1_10' title="bbox 144 2258 1785 2512">
     <span class='ocr_line' id='line_1_22' title="bbox 691 2258 1785 2334; baseline 0.007 -18"><span class='ocrx_word' id='word_1_158' title='bbox 691 2303 705 2316; x_wconf 91' lang='lat'><em>.</em></span> <span class='ocrx_word' id='word_1_159' title='bbox 1026 2259 1056 2316; x_wconf 90' lang='lat' dir='ltr'>in</span> <span class='ocrx_word' id='word_1_160' title='bbox 1075 2258 1158 2318; x_wconf 83' lang='lat' dir='ltr'>dictis</span> <span class='ocrx_word' id='word_1_161' title='bbox 1171 2259 1351 2331; x_wconf 83' lang='lat' dir='ltr'>dioeeesibus,</span> <span class='ocrx_word' id='word_1_162' title='bbox 1366 2261 1520 2334; x_wconf 84' lang='lat' dir='ltr'>respondet</span> <span class='ocrx_word' id='word_1_163' title='bbox 1538 2264 1680 2322; x_wconf 86' lang='lat' dir='ltr'>Honorius</span> <span class='ocrx_word' id='word_1_164' title='bbox 1698 2265 1727 2322; x_wconf 91' lang='lat' dir='ltr'>in</span> <span class='ocrx_word' id='word_1_165' title='bbox 1741 2265 1785 2324; x_wconf 86' lang='lat' dir='ltr'>eis</span> 
     </span>
     <span class='ocr_line' id='line_1_23' title="bbox 183 2334 1783 2422; baseline 0.009 -26"><span class='ocrx_word' id='word_1_166' title='bbox 183 2334 541 2414; x_wconf 85' lang='lat' dir='ltr'>Honoriusepiscopus,</span> <span class='ocrx_word' id='word_1_167' title='bbox 552 2351 669 2398; x_wconf 81' lang='lat' dir='ltr'>servus</span> <span class='ocrx_word' id='word_1_168' title='bbox 679 2351 852 2398; x_wconf 87' lang='lat' dir='ltr'>servorum</span> <span class='ocrx_word' id='word_1_169' title='bbox 863 2336 934 2409; x_wconf 88' lang='lat' dir='ltr'>Dei,</span> <span class='ocrx_word' id='word_1_170' title='bbox 1025 2363 1090 2420; x_wconf 84' lang='lat' dir='ltr'>quae</span> <span class='ocrx_word' id='word_1_171' title='bbox 1105 2349 1261 2422; x_wconf 87' lang='lat' dir='ltr'>perieulum</span> <span class='ocrx_word' id='word_1_172' title='bbox 1271 2356 1411 2422; x_wconf 77' lang='lat' dir='ltr'>generent</span> <span class='ocrx_word' id='word_1_173' title='bbox 1423 2349 1582 2410; x_wconf 89' lang='lat' dir='ltr'>animarum</span> <span class='ocrx_word' id='word_1_174' title='bbox 1595 2359 1623 2410; x_wconf 87' lang='lat' dir='ltr'>et</span> <span class='ocrx_word' id='word_1_175' title='bbox 1635 2353 1783 2411; x_wconf 86' lang='lat' dir='ltr'>ecclesias·</span> 
     </span>
     <span class='ocr_line' id='line_1_24' title="bbox 144 2430 1783 2512; baseline 0.004 -21"><span class='ocrx_word' id='word_1_176' title='bbox 144 2430 275 2493; x_wconf 90' lang='lat' dir='ltr'>dilectis</span> <span class='ocrx_word' id='word_1_177' title='bbox 304 2431 393 2505; x_wconf 84' lang='lat' dir='ltr'>filiis,</span> <span class='ocrx_word' id='word_1_178' title='bbox 421 2433 597 2510; x_wconf 76' lang='lat' dir='ltr'>praeposito</span> <span class='ocrx_word' id='word_1_179' title='bbox 624 2432 935 2511; x_wconf 81' lang='lat' dir='ltr'>Cappemburgensi,</span> <span class='ocrx_word' id='word_1_180' title='bbox 1026 2437 1090 2494; x_wconf 80' lang='lat' dir='ltr'>tica</span> <span class='ocrx_word' id='word_1_181' title='bbox 1104 2437 1245 2512; x_wconf 85' lang='lat' dir='ltr'>derogent</span> <span class='ocrx_word' id='word_1_182' title='bbox 1258 2436 1410 2508; x_wconf 84' lang='lat' dir='ltr'>honestati,</span> <span class='ocrx_word' id='word_1_183' title='bbox 1428 2438 1503 2512; x_wconf 89' lang='lat' dir='ltr'>apud</span> <span class='ocrx_word' id='word_1_184' title='bbox 1522 2439 1624 2497; x_wconf 73' lang='lat' dir='ltr'>Sedens</span> <span class='ocrx_word' id='word_1_185' title='bbox 1639 2439 1783 2512; x_wconf 82' lang='lat' dir='ltr'>Apostoli·</span> 
     </span>
    </p>
   </div>
   <div class='ocr_carea' id='block_1_9' title="bbox 143 2523 1824 4546">
    <p class='ocr_par' dir='ltr' id='par_1_11' title="bbox 143 2523 1824 2882">
     <span class='ocr_line' id='line_1_25' title="bbox 144 2523 1824 2604; baseline 0.004 -16"><span class='ocrx_word' id='word_1_186' title='bbox 144 2529 417 2590; x_wconf 87' lang='lat' dir='ltr'>Monasteriensis</span> <span class='ocrx_word' id='word_1_187' title='bbox 445 2529 637 2604; x_wconf 86' lang='lat' dir='ltr'>dioeceseos,</span> <span class='ocrx_word' id='word_1_188' title='bbox 668 2530 792 2593; x_wconf 89' lang='lat' dir='ltr'>decano</span> <span class='ocrx_word' id='word_1_189' title='bbox 824 2529 937 2592; x_wconf 86' lang='lat' dir='ltr'>Sancti</span> <span class='ocrx_word' id='word_1_190' title='bbox 1026 2523 1786 2599; x_wconf 58' lang='lat' dir='ltr'>cumessessossdebereioeeliiffllemlerwssflrufflffle</span> <span class='ocrx_word' id='word_1_191' title='bbox 1815 2579 1824 2594; x_wconf 77' lang='grc'><em>,</em></span> 
     </span>
     <span class='ocr_line' id='line_1_26' title="bbox 144 2611 1786 2704; baseline 0.003 -35"><span class='ocrx_word' id='word_1_192' title='bbox 144 2624 241 2687; x_wconf 67' lang='lat' dir='ltr'>pauli</span> <span class='ocrx_word' id='word_1_193' title='bbox 255 2627 289 2688; x_wconf 66' lang='lat' dir='ltr'>et</span> <span class='ocrx_word' id='word_1_194' title='bbox 303 2626 478 2688; x_wconf 61' lang='lat' dir='ltr'>scolastico</span> <span class='ocrx_word' id='word_1_195' title='bbox 500 2629 613 2690; x_wconf 63' lang='lat' dir='ltr'>saneti</span> <span class='ocrx_word' id='word_1_196' title='bbox 630 2628 779 2704; x_wconf 67' lang='lat' dir='ltr'>Lutgeffi</span> <span class='ocrx_word' id='word_1_197' title='bbox 798 2630 937 2690; x_wconf 57' lang='lat' dir='ltr'>Momm.</span> <span class='ocrx_word' id='word_1_198' title='bbox 1027 2611 1145 2686; x_wconf 91' lang='lat' dir='ltr'>proinde</span> <span class='ocrx_word' id='word_1_199' title='bbox 1159 2627 1191 2671; x_wconf 89' lang='lat' dir='ltr'>se</span> <span class='ocrx_word' id='word_1_200' title='bbox 1208 2612 1376 2686; x_wconf 87' lang='lat' dir='ltr'>patriarchis</span> <span class='ocrx_word' id='word_1_201' title='bbox 1391 2615 1487 2672; x_wconf 84' lang='lat' dir='ltr'>latinis</span> <span class='ocrx_word' id='word_1_202' title='bbox 1503 2615 1655 2673; x_wconf 87' lang='lat' dir='ltr'>mandasse</span> <span class='ocrx_word' id='word_1_203' title='bbox 1674 2623 1704 2672; x_wconf 89' lang='lat' dir='ltr'>ut</span> <span class='ocrx_word' id='word_1_204' title='bbox 1722 2616 1786 2674; x_wconf 91' lang='lat' dir='ltr'>illos</span> 
     </span>
     <span class='ocr_line' id='line_1_27' title="bbox 143 2701 1785 2805; baseline 0.001 -21"><span class='ocrx_word' id='word_1_205' title='bbox 143 2723 311 2797; x_wconf 84' lang='lat' dir='ltr'>tartensis,</span> <span class='ocrx_word' id='word_1_206' title='bbox 330 2723 471 2786; x_wconf 87' lang='lat' dir='ltr'>salutem</span> <span class='ocrx_word' id='word_1_207' title='bbox 490 2725 523 2787; x_wconf 90' lang='lat' dir='ltr'>et</span> <span class='ocrx_word' id='word_1_208' title='bbox 542 2725 758 2802; x_wconf 89' lang='lat' dir='ltr'>apostolicam</span> <span class='ocrx_word' id='word_1_209' title='bbox 777 2723 937 2788; x_wconf 86' lang='lat' dir='ltr'>benedic·</span> <span class='ocrx_word' id='word_1_210' title='bbox 1027 2702 1141 2804; x_wconf 36' lang='lat' dir='ltr'>⁶5⁸⁸&amp;ss</span> <span class='ocrx_word' id='word_1_211' title='bbox 1156 2701 1289 2804; x_wconf 57' lang='lat' dir='ltr'>W‘ffl</span> <span class='ocrx_word' id='word_1_212' title='bbox 1302 2703 1407 2758; x_wconf 56' lang='lat' dir='ltr'>”mii</span> <span class='ocrx_word' id='word_1_213' title='bbox 1422 2703 1649 2805; x_wconf 52' lang='lat' dir='ltr'>“hulmum</span> <span class='ocrx_word' id='word_1_214' title='bbox 1663 2704 1692 2760; x_wconf 71' lang='lat'>¹¹¹</span> <span class='ocrx_word' id='word_1_215' title='bbox 1706 2705 1785 2762; x_wconf 55' lang='grc' dir='ltr'>Μ·</span> 
     </span>
     <span class='ocr_line' id='line_1_28' title="bbox 144 2788 1601 2882; baseline 0.001 -36"><span class='ocrx_word' id='word_1_216' title='bbox 144 2821 278 2882; x_wconf 47' lang='lat' dir='ltr'>tionem·</span> <span class='ocrx_word' id='word_1_217' title='bbox 1027 2803 1074 2848; x_wconf 87' lang='lat' dir='ltr'>urs</span> <span class='ocrx_word' id='word_1_218' title='bbox 1086 2788 1258 2848; x_wconf 79' lang='lat' dir='ltr'>dioecesibus</span> <span class='ocrx_word' id='word_1_219' title='bbox 1272 2790 1433 2848; x_wconf 89' lang='lat' dir='ltr'>nullatenus</span> <span class='ocrx_word' id='word_1_220' title='bbox 1448 2799 1601 2864; x_wconf 86' lang='lat' dir='ltr'>patrantur.</span> 
     </span>
    </p>

    <p class='ocr_par' dir='ltr' id='par_1_12' title="bbox 144 2913 1789 4546">
     <span class='ocr_line' id='line_1_29' title="bbox 184 2913 1789 2997; baseline 0 -19"><span class='ocrx_word' id='word_1_221' title='bbox 184 2920 235 2979; x_wconf 83' lang='lat' dir='ltr'>Ex</span> <span class='ocrx_word' id='word_1_222' title='bbox 248 2919 343 2995; x_wconf 90' lang='lat' dir='ltr'>parte</span> <span class='ocrx_word' id='word_1_223' title='bbox 358 2917 528 2996; x_wconf 83' lang='lat' dir='ltr'>praepositi</span> <span class='ocrx_word' id='word_1_224' title='bbox 543 2920 577 2981; x_wconf 93' lang='lat' dir='ltr'>et</span> <span class='ocrx_word' id='word_1_225' title='bbox 591 2919 728 2997; x_wconf 91' lang='lat' dir='ltr'>capituli</span> <span class='ocrx_word' id='word_1_226' title='bbox 749 2919 938 2982; x_wconf 88' lang='lat' dir='ltr'>Bremensis</span> <span class='ocrx_word' id='word_1_227' title='bbox 1033 2916 1141 2987; x_wconf 89' lang='lat' dir='ltr'>Quum</span> <span class='ocrx_word' id='word_1_228' title='bbox 1162 2913 1196 2975; x_wconf 92' lang='lat' dir='ltr'>in</span> <span class='ocrx_word' id='word_1_229' title='bbox 1215 2915 1428 2993; x_wconf 88' lang='lat' dir='ltr'>praelatorum</span> <span class='ocrx_word' id='word_1_230' title='bbox 1452 2916 1645 2977; x_wconf 86' lang='lat' dir='ltr'>Latinorum</span> <span class='ocrx_word' id='word_1_231' title='bbox 1663 2915 1789 2978; x_wconf 88' lang='lat' dir='ltr'>dioece-</span> 
     </span>
     <span class='ocr_line' id='line_1_30' title="bbox 145 3010 1788 3094; baseline 0.001 -19"><span class='ocrx_word' id='word_1_232' title='bbox 145 3013 207 3077; x_wconf 87' lang='lat' dir='ltr'>iuit</span> <span class='ocrx_word' id='word_1_233' title='bbox 217 3015 420 3092; x_wconf 90' lang='lat' dir='ltr'>propositum</span> <span class='ocrx_word' id='word_1_234' title='bbox 431 3030 543 3076; x_wconf 92' lang='lat' dir='ltr'>coram</span> <span class='ocrx_word' id='word_1_235' title='bbox 554 3016 659 3090; x_wconf 88' lang='lat' dir='ltr'>nobis,</span> <span class='ocrx_word' id='word_1_236' title='bbox 674 3016 845 3094; x_wconf 82' lang='lat' dir='ltr'>quodcum</span> <span class='ocrx_word' id='word_1_237' title='bbox 858 3016 936 3078; x_wconf 93' lang='lat' dir='ltr'>olim</span> <span class='ocrx_word' id='word_1_238' title='bbox 994 3013 1086 3074; x_wconf 90' lang='lat' dir='ltr'>sibus</span> <span class='ocrx_word' id='word_1_239' title='bbox 1104 3012 1198 3088; x_wconf 85' lang='lat' dir='ltr'>regui</span> <span class='ocrx_word' id='word_1_240' title='bbox 1210 3010 1260 3073; x_wconf 87' lang='lat' dir='ltr'>tui</span> <span class='ocrx_word' id='word_1_241' title='bbox 1276 3011 1409 3089; x_wconf 83' lang='lat' dir='ltr'>quidam</span> <span class='ocrx_word' id='word_1_242' title='bbox 1424 3012 1531 3074; x_wconf 73' lang='lat' dir='ltr'>Graeci</span> <span class='ocrx_word' id='word_1_243' title='bbox 1546 3016 1659 3075; x_wconf 84' lang='lat' dir='ltr'>Romae</span> <span class='ocrx_word' id='word_1_244' title='bbox 1673 3013 1788 3076; x_wconf 88' lang='lat' dir='ltr'>inobe-</span> 
     </span>
     <span class='ocr_line' id='line_1_31' title="bbox 144 3107 1788 3192; baseline 0.001 -20"><span class='ocrx_word' id='word_1_245' title='bbox 144 3111 240 3173; x_wconf 89' lang='lat' dir='ltr'>bonae</span> <span class='ocrx_word' id='word_1_246' title='bbox 262 3111 431 3173; x_wconf 87' lang='lat' dir='ltr'>memoriae</span> <span class='ocrx_word' id='word_1_247' title='bbox 446 3114 484 3173; x_wconf 87' lang='lat' dir='ltr'>A.</span> <span class='ocrx_word' id='word_1_248' title='bbox 505 3113 694 3174; x_wconf 90' lang='lat' dir='ltr'>Bremensis</span> <span class='ocrx_word' id='word_1_249' title='bbox 715 3112 940 3192; x_wconf 59' lang='lat' dir='ltr'>archiepisco</span> <span class='ocrx_word' id='word_1_250' title='bbox 994 3109 1121 3172; x_wconf 88' lang='lat' dir='ltr'>dientes</span> <span class='ocrx_word' id='word_1_251' title='bbox 1138 3108 1299 3182; x_wconf 73' lang='lat' dir='ltr'>ecclesia,</span> <span class='ocrx_word' id='word_1_252' title='bbox 1316 3107 1416 3170; x_wconf 89' lang='lat' dir='ltr'>etiarn</span> <span class='ocrx_word' id='word_1_253' title='bbox 1432 3109 1468 3169; x_wconf 92' lang='lat' dir='ltr'>in</span> <span class='ocrx_word' id='word_1_254' title='bbox 1487 3109 1637 3172; x_wconf 89' lang='lat' dir='ltr'>ecclesiis</span> <span class='ocrx_word' id='word_1_255' title='bbox 1650 3109 1788 3174; x_wconf 87' lang='lat' dir='ltr'>Latino-</span> 
     </span>
     <span class='ocr_line' id='line_1_32' title="bbox 145 3205 1788 3287; baseline 0.002 -17"><span class='ocrx_word' id='word_1_256' title='bbox 145 3223 217 3287; x_wconf 88' lang='lat' dir='ltr'>pus,</span> <span class='ocrx_word' id='word_1_257' title='bbox 239 3207 469 3285; x_wconf 82' lang='lat' dir='ltr'>suffraganeos</span> <span class='ocrx_word' id='word_1_258' title='bbox 489 3224 567 3271; x_wconf 87' lang='lat' dir='ltr'>suos</span> <span class='ocrx_word' id='word_1_259' title='bbox 593 3225 653 3287; x_wconf 91' lang='lat' dir='ltr'>per</span> <span class='ocrx_word' id='word_1_260' title='bbox 671 3209 817 3282; x_wconf 89' lang='lat' dir='ltr'>Daciam,</span> <span class='ocrx_word' id='word_1_261' title='bbox 841 3212 939 3272; x_wconf 87' lang='lat' dir='ltr'>Swe-</span> <span class='ocrx_word' id='word_1_262' title='bbox 993 3222 1067 3268; x_wconf 90' lang='lat' dir='ltr'>rum</span> <span class='ocrx_word' id='word_1_263' title='bbox 1082 3207 1240 3285; x_wconf 87' lang='lat' dir='ltr'>tanquam</span> <span class='ocrx_word' id='word_1_264' title='bbox 1258 3205 1430 3283; x_wconf 86' lang='lat' dir='ltr'>pontifices</span> <span class='ocrx_word' id='word_1_265' title='bbox 1456 3208 1710 3282; x_wconf 90' lang='lat' dir='ltr'>commorentur,</span> <span class='ocrx_word' id='word_1_266' title='bbox 1726 3223 1788 3286; x_wconf 89' lang='lat' dir='ltr'>pro</span> 
     </span>
     <span class='ocr_line' id='line_1_33' title="bbox 144 3302 1788 3386; baseline 0.001 -18"><span class='ocrx_word' id='word_1_267' title='bbox 144 3307 282 3380; x_wconf 91' lang='lat' dir='ltr'>tiam,et</span> <span class='ocrx_word' id='word_1_268' title='bbox 296 3307 509 3382; x_wconf 82' lang='lat' dir='ltr'>Norwegiam</span> <span class='ocrx_word' id='word_1_269' title='bbox 527 3307 733 3380; x_wconf 90' lang='lat' dir='ltr'>constitutos,</span> <span class='ocrx_word' id='word_1_270' title='bbox 750 3307 791 3368; x_wconf 88' lang='lat' dir='ltr'>ad</span> <span class='ocrx_word' id='word_1_271' title='bbox 804 3308 940 3386; x_wconf 83' lang='lat' dir='ltr'>provin·</span> <span class='ocrx_word' id='word_1_272' title='bbox 995 3304 1113 3383; x_wconf 81' lang='lat' dir='ltr'>quibus</span> <span class='ocrx_word' id='word_1_273' title='bbox 1138 3302 1235 3365; x_wconf 88' lang='lat' dir='ltr'>uobis</span> <span class='ocrx_word' id='word_1_274' title='bbox 1259 3303 1431 3366; x_wconf 88' lang='lat' dir='ltr'>humiliter</span> <span class='ocrx_word' id='word_1_275' title='bbox 1459 3303 1663 3382; x_wconf 87' lang='lat' dir='ltr'>supplicasti,</span> <span class='ocrx_word' id='word_1_276' title='bbox 1691 3307 1788 3370; x_wconf 89' lang='lat' dir='ltr'>utin</span> 
     </span>
     <span class='ocr_line' id='line_1_34' title="bbox 146 3401 1788 3481; baseline 0 -16"><span class='ocrx_word' id='word_1_277' title='bbox 146 3403 230 3466; x_wconf 89' lang='lat' dir='ltr'>ciale</span> <span class='ocrx_word' id='word_1_278' title='bbox 245 3403 423 3465; x_wconf 91' lang='lat' dir='ltr'>concilium</span> <span class='ocrx_word' id='word_1_279' title='bbox 439 3403 525 3480; x_wconf 88' lang='lat' dir='ltr'>apud</span> <span class='ocrx_word' id='word_1_280' title='bbox 537 3403 821 3481; x_wconf 82' lang='lat' dir='ltr'>Hamburgensem</span> <span class='ocrx_word' id='word_1_281' title='bbox 838 3403 941 3466; x_wconf 92' lang='lat' dir='ltr'>eccle-</span> <span class='ocrx_word' id='word_1_282' title='bbox 994 3401 1091 3463; x_wconf 89' lang='lat' dir='ltr'>dictis</span> <span class='ocrx_word' id='word_1_283' title='bbox 1108 3401 1304 3464; x_wconf 87' lang='lat' dir='ltr'>dioecesibus</span> <span class='ocrx_word' id='word_1_284' title='bbox 1323 3401 1420 3479; x_wconf 91' lang='lat' dir='ltr'>prout</span> <span class='ocrx_word' id='word_1_285' title='bbox 1437 3401 1513 3464; x_wconf 91' lang='lat' dir='ltr'>sunt</span> <span class='ocrx_word' id='word_1_286' title='bbox 1527 3418 1701 3465; x_wconf 89' lang='lat' dir='ltr'>remanere</span> <span class='ocrx_word' id='word_1_287' title='bbox 1715 3419 1788 3481; x_wconf 91' lang='lat' dir='ltr'>per·</span> 
     </span>
     <span class='ocr_line' id='line_1_35' title="bbox 146 3498 1787 3578; baseline 0.002 -17"><span class='ocrx_word' id='word_1_288' title='bbox 146 3499 241 3574; x_wconf 90' lang='lat' dir='ltr'>siam,</span> <span class='ocrx_word' id='word_1_289' title='bbox 258 3517 301 3562; x_wconf 82' lang='lat' dir='ltr'>ex</span> <span class='ocrx_word' id='word_1_290' title='bbox 322 3517 361 3562; x_wconf 91' lang='lat' dir='ltr'>eo</span> <span class='ocrx_word' id='word_1_291' title='bbox 383 3499 556 3570; x_wconf 66' lang='lat' dir='ltr'>duamani,</span> <span class='ocrx_word' id='word_1_292' title='bbox 573 3501 650 3578; x_wconf 84' lang='lat' dir='ltr'>quia</span> <span class='ocrx_word' id='word_1_293' title='bbox 668 3501 798 3563; x_wconf 91' lang='lat' dir='ltr'>ratione</span> <span class='ocrx_word' id='word_1_294' title='bbox 819 3500 941 3564; x_wconf 79' lang='lat' dir='ltr'>sicini-</span> <span class='ocrx_word' id='word_1_295' title='bbox 994 3499 1199 3562; x_wconf 86' lang='lat' dir='ltr'>mitteremus</span> <span class='ocrx_word' id='word_1_296' title='bbox 1220 3498 1371 3574; x_wconf 71' lang='lat' dir='ltr'>eosdemr</span> <span class='ocrx_word' id='word_1_297' title='bbox 1387 3515 1448 3560; x_wconf 87' lang='lat' dir='ltr'>uos</span> <span class='ocrx_word' id='word_1_298' title='bbox 1463 3499 1541 3561; x_wconf 89' lang='lat' dir='ltr'>licet</span> <span class='ocrx_word' id='word_1_299' title='bbox 1556 3500 1615 3562; x_wconf 91' lang='lat' dir='ltr'>tibi</span> <span class='ocrx_word' id='word_1_300' title='bbox 1631 3501 1663 3562; x_wconf 92' lang='lat' dir='ltr'>et</span> <span class='ocrx_word' id='word_1_301' title='bbox 1682 3517 1787 3577; x_wconf 78' lang='lat' dir='ltr'>regno</span> 
     </span>
     <span class='ocr_line' id='line_1_36' title="bbox 145 3590 1788 3675; baseline 0.001 -15"><span class='ocrx_word' id='word_1_302' title='bbox 145 3597 224 3660; x_wconf 89' lang='lat' dir='ltr'>tatis</span> <span class='ocrx_word' id='word_1_303' title='bbox 239 3596 281 3658; x_wconf 88' lang='lat' dir='ltr'>ad</span> <span class='ocrx_word' id='word_1_304' title='bbox 296 3595 357 3660; x_wconf 91' lang='lat' dir='ltr'>boc</span> <span class='ocrx_word' id='word_1_305' title='bbox 372 3598 576 3659; x_wconf 86' lang='lat' dir='ltr'>commodior</span> <span class='ocrx_word' id='word_1_306' title='bbox 594 3597 789 3672; x_wconf 84' lang='lat' dir='ltr'>habebatur,</span> <span class='ocrx_word' id='word_1_307' title='bbox 809 3599 941 3675; x_wconf 83' lang='lat' dir='ltr'>aliquo-</span> <span class='ocrx_word' id='word_1_308' title='bbox 993 3597 1051 3660; x_wconf 90' lang='lat' dir='ltr'>tuo</span> <span class='ocrx_word' id='word_1_309' title='bbox 1063 3590 1381 3674; x_wconf 77' lang='lat' dir='ltr'>deterre-quantum</span> <span class='ocrx_word' id='word_1_310' title='bbox 1396 3610 1469 3658; x_wconf 91' lang='lat' dir='ltr'>cum</span> <span class='ocrx_word' id='word_1_311' title='bbox 1485 3595 1659 3660; x_wconf 87' lang='lat' dir='ltr'>honestate</span> <span class='ocrx_word' id='word_1_312' title='bbox 1672 3599 1788 3662; x_wconf 90' lang='lat' dir='ltr'>nostra</span> 
     </span>
     <span class='ocr_line' id='line_1_37' title="bbox 145 3692 1788 3768; baseline 0.001 -12"><span class='ocrx_word' id='word_1_313' title='bbox 145 3695 232 3756; x_wconf 88' lang='lat' dir='ltr'>tiens</span> <span class='ocrx_word' id='word_1_314' title='bbox 253 3695 461 3768; x_wconf 86' lang='lat' dir='ltr'>convocarit;</span> <span class='ocrx_word' id='word_1_315' title='bbox 477 3709 519 3756; x_wconf 91' lang='lat' dir='ltr'>ea</span> <span class='ocrx_word' id='word_1_316' title='bbox 537 3695 671 3757; x_wconf 90' lang='lat' dir='ltr'>tandem</span> <span class='ocrx_word' id='word_1_317' title='bbox 696 3694 862 3757; x_wconf 89' lang='lat' dir='ltr'>destructa</span> <span class='ocrx_word' id='word_1_318' title='bbox 880 3695 938 3755; x_wconf 92' lang='lat' dir='ltr'>in·</span> <span class='ocrx_word' id='word_1_319' title='bbox 993 3693 1175 3765; x_wconf 79' lang='lat' dir='ltr'>valeamus,</span> <span class='ocrx_word' id='word_1_320' title='bbox 1192 3695 1225 3755; x_wconf 91' lang='lat' dir='ltr'>et</span> <span class='ocrx_word' id='word_1_321' title='bbox 1244 3696 1376 3754; x_wconf 78' lang='lat' dir='ltr'>Graecos</span> <span class='ocrx_word' id='word_1_322' title='bbox 1398 3692 1439 3753; x_wconf 90' lang='lat' dir='ltr'>ad</span> <span class='ocrx_word' id='word_1_323' title='bbox 1454 3692 1676 3756; x_wconf 88' lang='lat' dir='ltr'>obedientiam</span> <span class='ocrx_word' id='word_1_324' title='bbox 1692 3697 1788 3758; x_wconf 87' lang='lat' dir='ltr'>Sedis</span> 
     </span>
     <span class='ocr_line' id='line_1_38' title="bbox 146 3788 1788 3870; baseline 0.002 -17"><span class='ocrx_word' id='word_1_325' title='bbox 146 3791 274 3865; x_wconf 89' lang='lat' dir='ltr'>cendio,</span> <span class='ocrx_word' id='word_1_326' title='bbox 302 3790 432 3870; x_wconf 83' lang='lat' dir='ltr'>praelati</span> <span class='ocrx_word' id='word_1_327' title='bbox 459 3791 702 3868; x_wconf 88' lang='lat' dir='ltr'>archiepiscopi</span> <span class='ocrx_word' id='word_1_328' title='bbox 732 3807 940 3854; x_wconf 88' lang='lat' dir='ltr'>successores</span> <span class='ocrx_word' id='word_1_329' title='bbox 994 3790 1190 3866; x_wconf 87' lang='lat' dir='ltr'>Apostolicae</span> <span class='ocrx_word' id='word_1_330' title='bbox 1212 3790 1415 3852; x_wconf 80' lang='lat' dir='ltr'>revertentes</span> <span class='ocrx_word' id='word_1_331' title='bbox 1435 3788 1548 3852; x_wconf 82' lang='lat' dir='ltr'>lovere</span> <span class='ocrx_word' id='word_1_332' title='bbox 1567 3807 1606 3852; x_wconf 88' lang='lat' dir='ltr'>ac</span> <span class='ocrx_word' id='word_1_333' title='bbox 1622 3791 1788 3856; x_wconf 90' lang='lat' dir='ltr'>bonorare</span> 
     </span>
     <span class='ocr_line' id='line_1_39' title="bbox 146 3886 1784 3966; baseline -0.002 -16"><span class='ocrx_word' id='word_1_334' title='bbox 146 3890 287 3952; x_wconf 81' lang='lat' dir='ltr'>extunc</span> <span class='ocrx_word' id='word_1_335' title='bbox 307 3888 395 3950; x_wconf 90' lang='lat' dir='ltr'>idem</span> <span class='ocrx_word' id='word_1_336' title='bbox 417 3888 595 3954; x_wconf 90' lang='lat' dir='ltr'>concilium</span> <span class='ocrx_word' id='word_1_337' title='bbox 614 3889 701 3966; x_wconf 87' lang='lat' dir='ltr'>apud</span> <span class='ocrx_word' id='word_1_338' title='bbox 716 3891 938 3961; x_wconf 87' lang='lat' dir='ltr'>Bremensem,</span> <span class='ocrx_word' id='word_1_339' title='bbox 994 3886 1147 3958; x_wconf 82' lang='lat' dir='ltr'>velimus,</span> <span class='ocrx_word' id='word_1_340' title='bbox 1159 3900 1268 3946; x_wconf 89' lang='lat' dir='ltr'>mores</span> <span class='ocrx_word' id='word_1_341' title='bbox 1278 3888 1312 3946; x_wconf 92' lang='lat' dir='ltr'>et</span> <span class='ocrx_word' id='word_1_342' title='bbox 1325 3886 1410 3946; x_wconf 90' lang='lat' dir='ltr'>ritus</span> <span class='ocrx_word' id='word_1_343' title='bbox 1421 3888 1611 3946; x_wconf 83' lang='lat' dir='ltr'>Graecorum</span> <span class='ocrx_word' id='word_1_344' title='bbox 1624 3887 1784 3963; x_wconf 91' lang='lat' dir='ltr'>ipsorum,</span> 
     </span>
     <span class='ocr_line' id='line_1_40' title="bbox 146 3982 1787 4062; baseline 0 -16"><span class='ocrx_word' id='word_1_345' title='bbox 146 3987 184 4048; x_wconf 87' lang='lat' dir='ltr'>ut</span> <span class='ocrx_word' id='word_1_346' title='bbox 194 3984 368 4057; x_wconf 89' lang='lat' dir='ltr'>debebant,</span> <span class='ocrx_word' id='word_1_347' title='bbox 378 3986 553 4048; x_wconf 90' lang='lat' dir='ltr'>ecclesiam</span> <span class='ocrx_word' id='word_1_348' title='bbox 563 3985 774 4048; x_wconf 87' lang='lat' dir='ltr'>celebrarint.</span> <span class='ocrx_word' id='word_1_349' title='bbox 788 3985 851 4048; x_wconf 80' lang='lat' dir='ltr'>Sed</span> <span class='ocrx_word' id='word_1_350' title='bbox 867 3985 941 4062; x_wconf 92' lang='lat' dir='ltr'>post</span> <span class='ocrx_word' id='word_1_351' title='bbox 995 3983 1153 4060; x_wconf 84' lang='lat' dir='ltr'>quantum</span> <span class='ocrx_word' id='word_1_352' title='bbox 1164 3997 1238 4043; x_wconf 92' lang='lat' dir='ltr'>cum</span> <span class='ocrx_word' id='word_1_353' title='bbox 1253 3984 1321 4043; x_wconf 90' lang='lat' dir='ltr'>Deo</span> <span class='ocrx_word' id='word_1_354' title='bbox 1332 3997 1517 4057; x_wconf 88' lang='lat' dir='ltr'>possumus,</span> <span class='ocrx_word' id='word_1_355' title='bbox 1534 3982 1739 4058; x_wconf 86' lang='lat' dir='ltr'>sustinendo,</span> <span class='ocrx_word' id='word_1_356' title='bbox 1751 3984 1787 4046; x_wconf 93' lang='lat' dir='ltr'>in</span> 
     </span>
     <span class='ocr_line' id='line_1_41' title="bbox 147 4079 1787 4160; baseline -0.001 -16"><span class='ocrx_word' id='word_1_357' title='bbox 147 4081 286 4145; x_wconf 89' lang='lat' dir='ltr'>multum</span> <span class='ocrx_word' id='word_1_358' title='bbox 313 4081 473 4160; x_wconf 90' lang='lat' dir='ltr'>temporis</span> <span class='ocrx_word' id='word_1_359' title='bbox 497 4083 650 4144; x_wconf 85' lang='lat' dir='ltr'>canonici</span> <span class='ocrx_word' id='word_1_360' title='bbox 672 4083 810 4146; x_wconf 87' lang='lat' dir='ltr'>alterius</span> <span class='ocrx_word' id='word_1_361' title='bbox 834 4083 941 4146; x_wconf 90' lang='lat' dir='ltr'>eccla·</span> <span class='ocrx_word' id='word_1_362' title='bbox 995 4079 1037 4143; x_wconf 89' lang='lat' dir='ltr'>iis</span> <span class='ocrx_word' id='word_1_363' title='bbox 1051 4081 1175 4152; x_wconf 72' lang='lat' dir='ltr'>tamem</span> <span class='ocrx_word' id='word_1_364' title='bbox 1191 4095 1264 4157; x_wconf 84' lang='lat' dir='ltr'>qnae</span> <span class='ocrx_word' id='word_1_365' title='bbox 1279 4079 1464 4156; x_wconf 90' lang='lat' dir='ltr'>periculum</span> <span class='ocrx_word' id='word_1_366' title='bbox 1477 4081 1640 4156; x_wconf 79' lang='lat' dir='ltr'>generant</span> <span class='ocrx_word' id='word_1_367' title='bbox 1653 4081 1787 4144; x_wconf 89' lang='lat' dir='ltr'>anima·</span> 
     </span>
     <span class='ocr_line' id='line_1_42' title="bbox 148 4176 1785 4258; baseline -0.001 -18"><span class='ocrx_word' id='word_1_368' title='bbox 148 4180 219 4250; x_wconf 84' lang='lat' dir='ltr'>siae,</span> <span class='ocrx_word' id='word_1_369' title='bbox 237 4195 309 4258; x_wconf 84' lang='lat' dir='ltr'>qum</span> <span class='ocrx_word' id='word_1_370' title='bbox 322 4178 636 4255; x_wconf 86' lang='lat' dir='ltr'>Hamemhurgensis</span> <span class='ocrx_word' id='word_1_371' title='bbox 651 4179 783 4252; x_wconf 88' lang='lat' dir='ltr'>dicitur,</span> <span class='ocrx_word' id='word_1_372' title='bbox 796 4179 940 4242; x_wconf 87' lang='lat' dir='ltr'>nominis</span> <span class='ocrx_word' id='word_1_373' title='bbox 994 4192 1069 4238; x_wconf 91' lang='lat' dir='ltr'>rum</span> <span class='ocrx_word' id='word_1_374' title='bbox 1095 4179 1128 4239; x_wconf 93' lang='lat' dir='ltr'>et</span> <span class='ocrx_word' id='word_1_375' title='bbox 1153 4176 1388 4239; x_wconf 84' lang='lat' dir='ltr'>ecclesiasticae</span> <span class='ocrx_word' id='word_1_376' title='bbox 1421 4176 1583 4253; x_wconf 81' lang='lat' dir='ltr'>derogant</span> <span class='ocrx_word' id='word_1_377' title='bbox 1607 4177 1785 4252; x_wconf 86' lang='lat' dir='ltr'>honestati,</span> 
     </span>
     <span class='ocr_line' id='line_1_43' title="bbox 148 4273 1786 4354; baseline -0.001 -16"><span class='ocrx_word' id='word_1_378' title='bbox 148 4275 399 4354; x_wconf 73' lang='lat' dir='ltr'>equivoeaeone</span> <span class='ocrx_word' id='word_1_379' title='bbox 429 4275 567 4353; x_wconf 90' lang='lat' dir='ltr'>decepti,</span> <span class='ocrx_word' id='word_1_380' title='bbox 581 4278 670 4353; x_wconf 18' lang='lat' dir='ltr'>,jura</span> <span class='ocrx_word' id='word_1_381' title='bbox 698 4277 731 4338; x_wconf 93' lang='lat' dir='ltr'>et</span> <span class='ocrx_word' id='word_1_382' title='bbox 758 4278 939 4340; x_wconf 89' lang='lat' dir='ltr'>consuetu·</span> <span class='ocrx_word' id='word_1_383' title='bbox 973 4347 977 4354; x_wconf 31' lang='lat'>¹</span> <span class='ocrx_word' id='word_1_384' title='bbox 996 4273 1082 4352; x_wconf 88' lang='lat' dir='ltr'>apud</span> <span class='ocrx_word' id='word_1_385' title='bbox 1105 4289 1166 4336; x_wconf 86' lang='lat' dir='ltr'>nes</span> <span class='ocrx_word' id='word_1_386' title='bbox 1188 4289 1263 4336; x_wconf 92' lang='lat' dir='ltr'>esse</span> <span class='ocrx_word' id='word_1_387' title='bbox 1283 4287 1350 4336; x_wconf 90' lang='lat' dir='ltr'>non</span> <span class='ocrx_word' id='word_1_388' title='bbox 1377 4273 1474 4338; x_wconf 91' lang='lat' dir='ltr'>debet</span> <span class='ocrx_word' id='word_1_389' title='bbox 1497 4275 1645 4353; x_wconf 90' lang='lat' dir='ltr'>acceptio</span> <span class='ocrx_word' id='word_1_390' title='bbox 1666 4291 1786 4354; x_wconf 89' lang='lat' dir='ltr'>perso·</span> 
     </span>
     <span class='ocr_line' id='line_1_44' title="bbox 149 4371 1126 4452; baseline -0.001 -18"><span class='ocrx_word' id='word_1_391' title='bbox 149 4371 255 4442; x_wconf 88' lang='lat' dir='ltr'>dines,</span> <span class='ocrx_word' id='word_1_392' title='bbox 284 4388 357 4452; x_wconf 79' lang='lat' dir='ltr'>qum</span> <span class='ocrx_word' id='word_1_393' title='bbox 385 4373 479 4450; x_wconf 91' lang='lat' dir='ltr'>prior</span> <span class='ocrx_word' id='word_1_394' title='bbox 505 4371 765 4449; x_wconf 80' lang='lat' dir='ltr'>Hamburgensis</span> <span class='ocrx_word' id='word_1_395' title='bbox 800 4373 941 4436; x_wconf 90' lang='lat' dir='ltr'>ecclesia</span> <span class='ocrx_word' id='word_1_396' title='bbox 995 4388 1126 4436; x_wconf 90' lang='lat' dir='ltr'>narum.</span> 
     </span>
     <span class='ocr_line' id='line_1_45' title="bbox 147 4467 1786 4546; baseline 0.001 -15"><span class='ocrx_word' id='word_1_397' title='bbox 147 4468 345 4542; x_wconf 87' lang='lat' dir='ltr'>obtinuerat,</span> <span class='ocrx_word' id='word_1_398' title='bbox 362 4485 431 4530; x_wconf 77' lang='lat' dir='ltr'>suae</span> <span class='ocrx_word' id='word_1_399' title='bbox 446 4469 680 4532; x_wconf 86' lang='lat' dir='ltr'>contendentes</span> <span class='ocrx_word' id='word_1_400' title='bbox 695 4471 845 4533; x_wconf 90' lang='lat' dir='ltr'>ecclesiae</span> <span class='ocrx_word' id='word_1_401' title='bbox 858 4487 943 4534; x_wconf 83' lang='lat' dir='ltr'>ren·</span> <span class='ocrx_word' id='word_1_402' title='bbox 1036 4472 1144 4543; x_wconf 89' lang='lat' dir='ltr'>Quare</span> <span class='ocrx_word' id='word_1_403' title='bbox 1158 4468 1239 4531; x_wconf 89' lang='lat' dir='ltr'>talia</span> <span class='ocrx_word' id='word_1_404' title='bbox 1254 4467 1294 4530; x_wconf 91' lang='lat' dir='ltr'>de</span> <span class='ocrx_word' id='word_1_405' title='bbox 1310 4469 1430 4531; x_wconf 84' lang='lat' dir='ltr'>caetero</span> <span class='ocrx_word' id='word_1_406' title='bbox 1445 4470 1610 4533; x_wconf 84' lang='lat' dir='ltr'>sustinere</span> <span class='ocrx_word' id='word_1_407' title='bbox 1624 4471 1786 4546; x_wconf 88' lang='lat' dir='ltr'>nolentes,</span> 
     </span>
    </p>
   </div>
   <div class='ocr_carea' id='block_1_10' title="bbox 148 4565 1884 4646">
    <p class='ocr_par' dir='ltr' id='par_1_13' title="bbox 148 4565 1884 4646">
     <span class='ocr_line' id='line_1_46' title="bbox 148 4565 1884 4646; baseline 0.003 -20"><span class='ocrx_word' id='word_1_408' title='bbox 148 4565 272 4639; x_wconf 88' lang='lat' dir='ltr'>dicare,</span> <span class='ocrx_word' id='word_1_409' title='bbox 297 4581 338 4628; x_wconf 88' lang='lat' dir='ltr'>ac</span> <span class='ocrx_word' id='word_1_410' title='bbox 355 4565 397 4628; x_wconf 92' lang='lat' dir='ltr'>ad</span> <span class='ocrx_word' id='word_1_411' title='bbox 417 4566 524 4627; x_wconf 90' lang='lat' dir='ltr'>instar</span> <span class='ocrx_word' id='word_1_412' title='bbox 542 4565 633 4626; x_wconf 89' lang='lat' dir='ltr'>illius</span> <span class='ocrx_word' id='word_1_413' title='bbox 656 4566 692 4626; x_wconf 93' lang='lat' dir='ltr'>in</span> <span class='ocrx_word' id='word_1_414' title='bbox 714 4581 775 4628; x_wconf 91' lang='lat' dir='ltr'>sua</span> <span class='ocrx_word' id='word_1_415' title='bbox 796 4567 942 4629; x_wconf 89' lang='lat' dir='ltr'>dicentes</span> <span class='ocrx_word' id='word_1_416' title='bbox 997 4583 1097 4646; x_wconf 85' lang='lat' dir='ltr'>quum</span> <span class='ocrx_word' id='word_1_417' title='bbox 1108 4567 1353 4628; x_wconf 88' lang='lat' dir='ltr'>monstruosum</span> <span class='ocrx_word' id='word_1_418' title='bbox 1368 4567 1466 4638; x_wconf 89' lang='lat' dir='ltr'>esset,</span> <span class='ocrx_word' id='word_1_419' title='bbox 1481 4567 1568 4630; x_wconf 89' lang='lat' dir='ltr'>sicut</span> <span class='ocrx_word' id='word_1_420' title='bbox 1581 4568 1617 4628; x_wconf 90' lang='lat' dir='ltr'>in</span> <span class='ocrx_word' id='word_1_421' title='bbox 1631 4568 1790 4632; x_wconf 90' lang='lat' dir='ltr'>constitu·</span> <span class='ocrx_word' id='word_1_422' title='bbox 1880 4589 1884 4596; x_wconf 90' lang='lat'><em>·</em></span> 
     </span>
    </p>
   </div>
   <div class='ocr_carea' id='block_1_11' title="bbox 148 4659 1791 5615">
    <p class='ocr_par' dir='ltr' id='par_1_14' title="bbox 148 4659 1791 5615">
     <span class='ocr_line' id='line_1_47' title="bbox 149 4659 1790 4740; baseline 0.004 -17"><span class='ocrx_word' id='word_1_423' title='bbox 149 4662 291 4725; x_wconf 87' lang='lat' dir='ltr'>ecclesia</span> <span class='ocrx_word' id='word_1_424' title='bbox 306 4663 512 4740; x_wconf 82' lang='lat' dir='ltr'>provinciale</span> <span class='ocrx_word' id='word_1_425' title='bbox 526 4662 647 4725; x_wconf 89' lang='lat' dir='ltr'>debere</span> <span class='ocrx_word' id='word_1_426' title='bbox 661 4662 839 4726; x_wconf 89' lang='lat' dir='ltr'>concilium</span> <span class='ocrx_word' id='word_1_427' title='bbox 854 4665 944 4726; x_wconf 89' lang='lat' dir='ltr'>cele·</span> <span class='ocrx_word' id='word_1_428' title='bbox 997 4665 1143 4728; x_wconf 91' lang='lat' dir='ltr'>tionibus</span> <span class='ocrx_word' id='word_1_429' title='bbox 1155 4663 1277 4724; x_wconf 91' lang='lat' dir='ltr'>dicitur</span> <span class='ocrx_word' id='word_1_430' title='bbox 1288 4659 1428 4727; x_wconf 86' lang='lat' dir='ltr'>(lencilii</span> <span class='ocrx_word' id='word_1_431' title='bbox 1446 4665 1626 4739; x_wconf 81' lang='lat' dir='ltr'>generalis,</span> <span class='ocrx_word' id='word_1_432' title='bbox 1643 4681 1743 4727; x_wconf 90' lang='lat' dir='ltr'>unam</span> <span class='ocrx_word' id='word_1_433' title='bbox 1756 4668 1790 4730; x_wconf 87' lang='lat' dir='ltr'>et</span> 
     </span>
     <span class='ocr_line' id='line_1_48' title="bbox 148 4757 1788 4839; baseline 0.003 -20"><span class='ocrx_word' id='word_1_434' title='bbox 148 4757 252 4828; x_wconf 90' lang='lat' dir='ltr'>brari,</span> <span class='ocrx_word' id='word_1_435' title='bbox 264 4775 452 4838; x_wconf 85' lang='lat' dir='ltr'>quanquam</span> <span class='ocrx_word' id='word_1_436' title='bbox 467 4761 582 4822; x_wconf 88' lang='lat' dir='ltr'>eadem</span> <span class='ocrx_word' id='word_1_437' title='bbox 596 4759 787 4822; x_wconf 87' lang='lat' dir='ltr'>Bremensis</span> <span class='ocrx_word' id='word_1_438' title='bbox 802 4761 943 4824; x_wconf 88' lang='lat' dir='ltr'>ecclesia</span> <span class='ocrx_word' id='word_1_439' title='bbox 997 4763 1147 4824; x_wconf 90' lang='lat' dir='ltr'>eamdem</span> <span class='ocrx_word' id='word_1_440' title='bbox 1161 4759 1329 4822; x_wconf 87' lang='lat' dir='ltr'>dioecesim</span> <span class='ocrx_word' id='word_1_441' title='bbox 1349 4760 1498 4822; x_wconf 79' lang='lat' dir='ltr'>diversos</span> <span class='ocrx_word' id='word_1_442' title='bbox 1513 4759 1636 4824; x_wconf 91' lang='lat' dir='ltr'>babere</span> <span class='ocrx_word' id='word_1_443' title='bbox 1651 4763 1788 4839; x_wconf 84' lang='lat' dir='ltr'>pontiti-</span> 
     </span>
     <span class='ocr_line' id='line_1_49' title="bbox 149 4855 1790 4936; baseline 0.004 -20"><span class='ocrx_word' id='word_1_444' title='bbox 149 4855 400 4933; x_wconf 89' lang='lat' dir='ltr'>praescriptione</span> <span class='ocrx_word' id='word_1_445' title='bbox 413 4855 681 4934; x_wconf 81' lang='lat' dir='ltr'>quadragenaria</span> <span class='ocrx_word' id='word_1_446' title='bbox 694 4857 874 4930; x_wconf 90' lang='lat' dir='ltr'>muniatur,</span> <span class='ocrx_word' id='word_1_447' title='bbox 887 4875 944 4920; x_wconf 86' lang='lat' dir='ltr'>su·</span> <span class='ocrx_word' id='word_1_448' title='bbox 998 4875 1064 4933; x_wconf 88' lang='lat' dir='ltr'>ces,</span> <span class='ocrx_word' id='word_1_449' title='bbox 1080 4859 1238 4935; x_wconf 85' lang='lat' dir='ltr'>tanquam</span> <span class='ocrx_word' id='word_1_450' title='bbox 1259 4855 1392 4919; x_wconf 81' lang='lat' dir='ltr'>diuersa</span> <span class='ocrx_word' id='word_1_451' title='bbox 1411 4857 1521 4934; x_wconf 88' lang='lat' dir='ltr'>capita</span> <span class='ocrx_word' id='word_1_452' title='bbox 1543 4873 1646 4919; x_wconf 91' lang='lat' dir='ltr'>unum</span> <span class='ocrx_word' id='word_1_453' title='bbox 1669 4873 1790 4936; x_wconf 88' lang='lat' dir='ltr'>corpus</span> 
     </span>
     <span class='ocr_line' id='line_1_50' title="bbox 149 4947 1791 5033; baseline 0.003 -20"><span class='ocrx_word' id='word_1_454' title='bbox 149 4967 210 5028; x_wconf 92' lang='lat' dir='ltr'>per</span> <span class='ocrx_word' id='word_1_455' title='bbox 225 4952 289 5014; x_wconf 89' lang='lat' dir='ltr'>boc</span> <span class='ocrx_word' id='word_1_456' title='bbox 303 4955 337 5014; x_wconf 91' lang='lat' dir='ltr'>et</span> <span class='ocrx_word' id='word_1_457' title='bbox 350 4951 427 5014; x_wconf 88' lang='lat' dir='ltr'>aliis</span> <span class='ocrx_word' id='word_1_458' title='bbox 448 4953 689 5030; x_wconf 85' lang='lat' dir='ltr'>metropolitico</span> <span class='ocrx_word' id='word_1_459' title='bbox 707 4953 777 5030; x_wconf 83' lang='lat' dir='ltr'>juri</span> <span class='ocrx_word' id='word_1_460' title='bbox 797 4954 943 5031; x_wconf 79' lang='lat' dir='ltr'>praeiatae</span> <span class='ocrx_word' id='word_1_461' title='bbox 998 4955 1146 5027; x_wconf 87' lang='lat' dir='ltr'>baberet,</span> <span class='ocrx_word' id='word_1_462' title='bbox 1162 4953 1409 5015; x_wconf 79' lang='lat' dir='ltr'>venerabilibus</span> <span class='ocrx_word' id='word_1_463' title='bbox 1423 4953 1582 5015; x_wconf 85' lang='lat' dir='ltr'>iratribus</span> <span class='ocrx_word' id='word_1_464' title='bbox 1596 4947 1720 5018; x_wconf 84' lang='lat' dir='ltr'>nostris</span> <span class='ocrx_word' id='word_1_465' title='bbox 1734 4971 1791 5033; x_wconf 90' lang='lat' dir='ltr'>pa·</span> 
     </span>
     <span class='ocr_line' id='line_1_51' title="bbox 149 5048 1791 5130; baseline 0.004 -20"><span class='ocrx_word' id='word_1_466' title='bbox 149 5049 338 5110; x_wconf 89' lang='lat' dir='ltr'>Bremensis</span> <span class='ocrx_word' id='word_1_467' title='bbox 363 5048 513 5112; x_wconf 88' lang='lat' dir='ltr'>ecclesiae</span> <span class='ocrx_word' id='word_1_468' title='bbox 542 5049 704 5126; x_wconf 81' lang='lat' dir='ltr'>derogare</span> <span class='ocrx_word' id='word_1_469' title='bbox 727 5052 942 5128; x_wconf 84' lang='lat' dir='ltr'>praesumunt.</span> <span class='ocrx_word' id='word_1_470' title='bbox 997 5053 1154 5116; x_wconf 81' lang='lat' dir='ltr'>triarchas</span> <span class='ocrx_word' id='word_1_471' title='bbox 1166 5051 1654 5130; x_wconf 85' lang='lat' dir='ltr'>Hierosolymitano,etTyren.</span> <span class='ocrx_word' id='word_1_472' title='bbox 1670 5053 1704 5116; x_wconf 91' lang='lat' dir='ltr'>et</span> <span class='ocrx_word' id='word_1_473' title='bbox 1718 5053 1791 5115; x_wconf 78' lang='lat' dir='ltr'>Gae-</span> 
     </span>
     <span class='ocr_line' id='line_1_52' title="bbox 150 5145 1789 5225; baseline 0.005 -20"><span class='ocrx_word' id='word_1_474' title='bbox 150 5145 233 5220; x_wconf 87' lang='lat' dir='ltr'>Quia</span> <span class='ocrx_word' id='word_1_475' title='bbox 247 5161 327 5208; x_wconf 81' lang='lat' dir='ltr'>vero</span> <span class='ocrx_word' id='word_1_476' title='bbox 348 5145 445 5208; x_wconf 86' lang='lat' dir='ltr'>nobis</span> <span class='ocrx_word' id='word_1_477' title='bbox 464 5161 530 5209; x_wconf 91' lang='lat' dir='ltr'>non</span> <span class='ocrx_word' id='word_1_478' title='bbox 545 5149 676 5210; x_wconf 90' lang='lat' dir='ltr'>constat</span> <span class='ocrx_word' id='word_1_479' title='bbox 689 5147 729 5209; x_wconf 92' lang='lat' dir='ltr'>de</span> <span class='ocrx_word' id='word_1_480' title='bbox 749 5147 942 5224; x_wconf 83' lang='lat' dir='ltr'>praemissis,</span> <span class='ocrx_word' id='word_1_481' title='bbox 999 5150 1141 5213; x_wconf 89' lang='lat' dir='ltr'>sariensi</span> <span class='ocrx_word' id='word_1_482' title='bbox 1163 5148 1423 5225; x_wconf 89' lang='lat' dir='ltr'>archiepiscopis</span> <span class='ocrx_word' id='word_1_483' title='bbox 1441 5147 1564 5210; x_wconf 89' lang='lat' dir='ltr'>nostris</span> <span class='ocrx_word' id='word_1_484' title='bbox 1590 5147 1707 5212; x_wconf 89' lang='lat' dir='ltr'>damus</span> <span class='ocrx_word' id='word_1_485' title='bbox 1728 5151 1789 5214; x_wconf 85' lang='lat' dir='ltr'>lit·</span> 
     </span>
     <span class='ocr_line' id='line_1_53' title="bbox 150 5233 1790 5323; baseline 0.004 -19"><span class='ocrx_word' id='word_1_486' title='bbox 150 5243 342 5305; x_wconf 88' lang='lat' dir='ltr'>discretioni</span> <span class='ocrx_word' id='word_1_487' title='bbox 374 5245 494 5309; x_wconf 82' lang='lat' dir='ltr'>restrae</span> <span class='ocrx_word' id='word_1_488' title='bbox 519 5259 580 5321; x_wconf 90' lang='lat' dir='ltr'>per</span> <span class='ocrx_word' id='word_1_489' title='bbox 603 5244 794 5321; x_wconf 77' lang='lat' dir='ltr'>apostolica</span> <span class='ocrx_word' id='word_1_490' title='bbox 821 5233 943 5323; x_wconf 86' lang='lat' dir='ltr'>scripta</span> <span class='ocrx_word' id='word_1_491' title='bbox 996 5247 1078 5311; x_wconf 85' lang='lat' dir='ltr'>teris</span> <span class='ocrx_word' id='word_1_492' title='bbox 1093 5247 1128 5308; x_wconf 92' lang='lat' dir='ltr'>in</span> <span class='ocrx_word' id='word_1_493' title='bbox 1149 5245 1314 5308; x_wconf 87' lang='lat' dir='ltr'>mandatis</span> <span class='ocrx_word' id='word_1_494' title='bbox 1329 5246 1366 5307; x_wconf 89' lang='lat' dir='ltr'>ut</span> <span class='ocrx_word' id='word_1_495' title='bbox 1385 5259 1442 5306; x_wconf 90' lang='lat' dir='ltr'>eos</span> <span class='ocrx_word' id='word_1_496' title='bbox 1464 5245 1588 5306; x_wconf 88' lang='lat' dir='ltr'>morari</span> <span class='ocrx_word' id='word_1_497' title='bbox 1607 5245 1647 5308; x_wconf 95' lang='lat' dir='ltr'>de</span> <span class='ocrx_word' id='word_1_498' title='bbox 1669 5248 1790 5310; x_wconf 86' lang='lat' dir='ltr'>caetero</span> 
     </span>
     <span class='ocr_line' id='line_1_54' title="bbox 150 5339 1789 5424; baseline 0.002 -23"><span class='ocrx_word' id='word_1_499' title='bbox 150 5339 356 5413; x_wconf 89' lang='lat' dir='ltr'>mandamus,</span> <span class='ocrx_word' id='word_1_500' title='bbox 383 5341 546 5418; x_wconf 84' lang='lat' dir='ltr'>quatenus</span> <span class='ocrx_word' id='word_1_501' title='bbox 565 5340 716 5418; x_wconf 87' lang='lat' dir='ltr'>partibus</span> <span class='ocrx_word' id='word_1_502' title='bbox 741 5342 941 5416; x_wconf 82' lang='lat' dir='ltr'>convocatis,</span> <span class='ocrx_word' id='word_1_503' title='bbox 998 5344 1090 5408; x_wconf 87' lang='lat' dir='ltr'>velut</span> <span class='ocrx_word' id='word_1_504' title='bbox 1106 5343 1265 5424; x_wconf 82' lang='lat' dir='ltr'>praesules</span> <span class='ocrx_word' id='word_1_505' title='bbox 1286 5341 1322 5406; x_wconf 91' lang='lat' dir='ltr'>iu</span> <span class='ocrx_word' id='word_1_506' title='bbox 1341 5341 1438 5404; x_wconf 87' lang='lat' dir='ltr'>dictis</span> <span class='ocrx_word' id='word_1_507' title='bbox 1457 5341 1654 5404; x_wconf 89' lang='lat' dir='ltr'>dioecesibus</span> <span class='ocrx_word' id='word_1_508' title='bbox 1674 5343 1789 5406; x_wconf 89' lang='lat' dir='ltr'>nulla-</span> 
     </span>
     <span class='ocr_line' id='line_1_55' title="bbox 151 5434 1790 5518; baseline 0.002 -20"><span class='ocrx_word' id='word_1_509' title='bbox 151 5451 284 5498; x_wconf 89' lang='lat' dir='ltr'>causam</span> <span class='ocrx_word' id='word_1_510' title='bbox 300 5434 443 5498; x_wconf 88' lang='lat' dir='ltr'>audiatis</span> <span class='ocrx_word' id='word_1_511' title='bbox 458 5438 492 5499; x_wconf 92' lang='lat' dir='ltr'>et</span> <span class='ocrx_word' id='word_1_512' title='bbox 506 5437 592 5514; x_wconf 87' lang='lat' dir='ltr'>quod</span> <span class='ocrx_word' id='word_1_513' title='bbox 610 5438 735 5516; x_wconf 80' lang='lat' dir='ltr'>justum</span> <span class='ocrx_word' id='word_1_514' title='bbox 750 5437 862 5512; x_wconf 85' lang='lat' dir='ltr'>luerit,</span> <span class='ocrx_word' id='word_1_515' title='bbox 877 5456 943 5517; x_wconf 90' lang='lat' dir='ltr'>ap·</span> <span class='ocrx_word' id='word_1_516' title='bbox 997 5442 1093 5503; x_wconf 88' lang='lat' dir='ltr'>tenus</span> <span class='ocrx_word' id='word_1_517' title='bbox 1107 5441 1286 5518; x_wconf 88' lang='lat' dir='ltr'>patiantur,</span> <span class='ocrx_word' id='word_1_518' title='bbox 1300 5437 1539 5511; x_wconf 64' lang='lat' dir='ltr'>sacerdotibus</span> <span class='ocrx_word' id='word_1_519' title='bbox 1551 5440 1585 5500; x_wconf 93' lang='lat' dir='ltr'>et</span> <span class='ocrx_word' id='word_1_520' title='bbox 1595 5439 1790 5501; x_wconf 89' lang='lat' dir='ltr'>diaconibus</span> 
     </span>
     <span class='ocr_line' id='line_1_56' title="bbox 150 5532 1791 5615; baseline 0.002 -21"><span class='ocrx_word' id='word_1_521' title='bbox 150 5532 329 5609; x_wconf 78' lang='lat' dir='ltr'>pollutione</span> <span class='ocrx_word' id='word_1_522' title='bbox 367 5533 549 5612; x_wconf 88' lang='lat' dir='ltr'>postposita</span> <span class='ocrx_word' id='word_1_523' title='bbox 589 5534 753 5608; x_wconf 87' lang='lat' dir='ltr'>statuatis,</span> <span class='ocrx_word' id='word_1_524' title='bbox 784 5534 944 5600; x_wconf 83' lang='lat' dir='ltr'>iacientes</span> <span class='ocrx_word' id='word_1_525' title='bbox 999 5537 1123 5600; x_wconf 81' lang='lat' dir='ltr'>Graecis</span> <span class='ocrx_word' id='word_1_526' title='bbox 1141 5533 1290 5614; x_wconf 84' lang='lat' dir='ltr'>praedicti</span> <span class='ocrx_word' id='word_1_527' title='bbox 1311 5535 1406 5615; x_wconf 77' lang='lat' dir='ltr'>regni</span> <span class='ocrx_word' id='word_1_528' title='bbox 1421 5534 1637 5596; x_wconf 89' lang='lat' dir='ltr'>nibilominus</span> <span class='ocrx_word' id='word_1_529' title='bbox 1653 5534 1791 5598; x_wconf 87' lang='lat' dir='ltr'>tirmiter</span> 
     </span>
    </p>
   </div>
   <div class='ocr_carea' id='block_1_12' title="bbox 0 0 2128 6372">
    <p class='ocr_par' dir='ltr' id='par_1_15' title="bbox 0 0 2128 6372">
     <span class='ocr_line' id='line_1_57' title="bbox 0 0 2128 6372; baseline 0 0"><span class='ocrx_word' id='word_1_530' title='bbox 0 0 2128 6372; x_wconf 95' lang='lat' dir='ltr'> </span> 
     </span>
    </p>
   </div>
  </div>
 </body>
</html>
