4274 6388
345 275 406 340 219
439 219 443 228 ⁸
959 269 1135 334 HONORII
1157 273 1202 336 111
1223 273 1371 338 orbus.

345 433 529 513 recepistis,
548 446 625 496 cum
636 429 807 496 Benedicti
825 428 953 506 regula,
967 429 1136 508 perpetuis
1568 443 1609 531 Π

344 531 549 608 temporibus
572 545 708 592 manere
727 527 937 590 decernimus
960 527 1134 600 illibatam,
1395 567 1398 572 -

346 629 455 692 locum
480 628 626 688 vestrum
651 641 726 686 cum
750 624 902 685 omnibus
924 624 1136 701 pertiuentiis
1190 617 1239 676 Ab
1259 616 1467 679 abbatbsam
1484 619 1518 680 el
1532 623 1697 682 mantelas
1710 621 1846 682 Sanctae
1860 623 1987 684 Murice

345 727 427 795 suis,
439 726 471 787 et
485 725 608 794 omnia,
623 739 696 800 quae
705 722 794 800 juste
807 722 840 782 et
855 721 1015 782 canonice
1028 722 1136 798 possi·
1334 713 1440 775 aetra
1453 717 1595 790 portam
1608 719 1649 778 dc
1664 720 1839 780 comedia.

344 823 441 894 detis,
457 821 552 883 vobis
569 821 603 881 et
616 835 675 896 per
689 835 748 880 vos
764 819 823 887 eis,
841 835 913 896 quae
926 817 1020 880 vobis
1034 833 1136 879 cano·
1444 845 1477 902 19
1496 845 1635 918 septemb.
1658 846 1736 906 4222·

344 919 419 982 nlce
434 915 665 1026 successerint,
680 916 925 978 confirmantes.
948 921 976 978 Α
995 916 1136 992 praesta-
1289 963 1683 1030 [mardu,1³ullar.sraneise.,
1698 970 1718 1027 1,
1734 971 1773 1028 Η,
1789 985 1815 1021 n.
1832 969 1884 1036 Α]

345 1018 435 1081 tione
451 1031 531 1078 vero
551 1014 754 1076 decimarum
771 1013 935 1074 clausurae
955 1013 1088 1085 restrae,
1102 1019 1135 1076 et

344 1111 384 1176 (10
413 1113 585 1175 hortorum
611 1110 782 1182 fructibus,
815 1111 848 1172 et
877 1124 1048 1185 pomorum
1074 1125 1134 1172 vos
1188 1085 1319 1162 Dlploma
1335 1103 1368 1146 ac
1389 1089 1569 1166 privilegium
1591 1093 1718 1166 episcopi
1733 1095 1881 1166 Ostiensis,
1897 1097 1931 1155 l.
1953 1099 1982 1156 S.

344 1225 418 1272 esso
440 1209 649 1270 decemimus
670 1207 866 1270 auctorum
893 1205 1023 1282 μείω
1037 1222 1135 1284 ,prae-
1223 1175 1321 1249 legati,
1336 1180 1508 1236 monasterio
1522 1181 1632 1238 Sancta
1641 1181 1736 1239 llario
1754 1183 1983 1256 SanctequePe·

322 1308 446 1370 ,sentis
462 1306 635 1366 immunes·
657 1308 721 1365 Pro
743 1304 795 1364 his
815 1305 925 1365 autem
938 1305 971 1364 et
990 1303 1077 1376 aliis,
1097 1303 1133 1364 in
1222 1266 1342 1323 tronillae
1353 1267 1488 1325 Senensis
1499 1267 1632 1326 dioecasis
1644 1271 1787 1342 collatum,
1799 1272 1959 1332 coullrural.

342 1403 462 1483 quibus
477 1402 617 1464 ecclesia
633 1403 744 1463 vestra
767 1401 840 1476 lege
860 1400 1048 1461 dioecesana
1064 1399 1134 1460 lor·
1227 1399 1394 1462 Honorius
1425 1401 1617 1480 episcopus,
1657 1419 1774 1467 servus
1810 1423 1983 1470 servorum

342 1517 402 1563 san
412 1503 554 1562 Lucanae
562 1498 711 1560 ecclesiae
719 1496 898 1569 teneretur,
907 1513 1005 1558 unam
1013 1496 1132 1558 libram
1187 1495 1258 1568 Dei,
1271 1495 1402 1559 dilectis
1417 1499 1453 1559 in
1469 1498 1599 1561 Christo
1615 1500 1788 1563 llllabus...
1804 1503 1982 1568 abbatissae

341 1614 427 1661 cerae
441 1597 581 1668 mutum,
594 1595 627 1657 et
649 1610 716 1656 uon
737 1594 838 1666 aliud,
851 1593 887 1656 iu
911 1593 995 1656 leste
1019 1593 1132 1656 Sancti
1187 1604 1227 1650 ac
1241 1591 1441 1654 monialibus
1456 1596 1649 1657 monasterii
1661 1599 1790 1659 Sanctae
1801 1600 1981 1662 Mariaeex·

341 1694 478 1758 Martini
510 1697 644 1755 Lucano
680 1691 835 1768 episcopo
863 1691 961 1752 anuis
991 1690 1132 1767 singulis
1186 1687 1238 1748 tra
1258 1688 1386 1764 portam
1408 1689 1448 1751 de
1470 1692 1632 1753 camullia
1642 1695 1740 1770 juxta
1753 1695 1891 1758 stratam
1906 1700 1977 1759 Ro-

342 1791 556 1870 persolvetls;
582 1805 643 1850 neo
667 1788 770 1850 liceat
800 1787 877 1848 aliis
903 1788 1055 1864 personis
1077 1787 1133 1848 in·
1186 1797 1330 1858 manem,
1355 1786 1551 1850 salutemet
1575 1790 1797 1866 Apostolicam
1822 1791 1980 1856 benedic-

341 1889 435 1966 gredi
461 1887 643 1948 claustrum
665 1889 811 1948 restrum
833 1885 955 1960 prater
977 1884 1067 1956 illas,
1091 1884 1131 1945 de
1186 1879 1320 1942 tionem.

341 1985 460 2064 quibus
470 1983 640 2045 licentiam
649 1980 833 2043 habueritis
842 1980 1032 2058 specialem.
1043 1980 1132 2042 Elec·
1226 1979 1447 2040 sacrosancta
1463 1983 1611 2043 Romana
1631 1985 1780 2046 Ecclesia
1795 1985 1930 2049 devotos
1945 1989 1978 2050 et

339 2083 387 2146 tio
402 2095 531 2159 quoque
551 2077 727 2141 abbatissae
739 2078 859 2139 scstrae
881 2079 1030 2139 Romano
1045 2092 1131 2154 pon·
1186 2071 1329 2134 humiles
1345 2091 1387 2136 ex
1407 2077 1540 2138 assueto
1555 2079 1689 2154 pietalis
1704 2081 1813 2143 olllcio
1828 2098 1976 2160 propen-

339 2178 434 2250 tillci,
456 2176 511 2239 vel
537 2176 646 2252 legato
667 2175 709 2236 ab
732 2177 805 2251 ejus
828 2173 932 2236 latere
953 2173 1129 2246 destinato,
1186 2169 1255 2231 sius
1268 2170 1408 2248 diligere
1423 2175 1605 2247 consuevit,
1618 2176 1660 2248 et,
1675 2179 1979 2254 nepravorumnc-

340 2280 400 2338 aul
425 2275 468 2347 ei,
491 2273 546 2335 cui
571 2271 726 2334 Pontifex
747 2273 916 2334 Romanus
935 2270 1128 2350 injunxerit,
1185 2268 1311 2330 minum
1340 2269 1500 2334 molestiis
1523 2271 1701 2348 agitentur,
1729 2289 1786 2336 eos
1807 2276 1977 2354 tamquam

341 2371 570 2450 praesentetur,
583 2385 603 2430 a
618 2385 683 2447 quo
696 2368 810 2430 electa
823 2367 1086 2431 confirmationis
1097 2368 1132 2430 et
1184 2365 1240 2440 pia
1259 2366 1365 2429 meter
1380 2383 1448 2428 suae
1469 2368 1683 2445 protectionis
1698 2372 1881 2434 munimine
1895 2389 1978 2434 con-

339 2466 580 2531 benedictionls
607 2465 716 2542 gratia
747 2465 967 2542 impendatur.
992 2465 1131 2528 Gornea-
1185 2460 1307 2524 lovere.
1331 2465 1418 2525 Sane
1433 2481 1534 2541 quum
1550 2466 1754 2529 venerabilis
1769 2469 1872 2531 frater
1896 2487 1977 2532 nos·

338 2565 449 2628 tiones
463 2565 601 2641 insuper
618 2564 686 2624 tam
708 2561 839 2639 capitis,
852 2577 951 2639 Qum
965 2559 1131 2624 membro-
1183 2558 1271 2619 lar...
1288 2561 1462 2638 episcopus
1479 2562 1652 2635 Ostiensis,
1674 2563 1750 2624 dum
1770 2566 1806 2626 in
1825 2567 1975 2642 partibus

339 2677 414 2724 rum
429 2676 530 2738 super
544 2658 707 2732 omnibns,
724 2675 798 2736 quae
812 2658 849 2720 iu
862 2659 973 2720 vestra
987 2659 1129 2720 ecclesia
1182 2656 1303 2717 vestris
1320 2657 1494 2734 legationis
1510 2659 1620 2722 olllcic
1634 2659 1839 2738 iungeretur,
1856 2665 1976 2742 ecapi-

338 2759 464 2822 luerint
478 2757 687 2834 corrigenda,
711 2756 775 2818 soli
795 2759 943 2818 Romano
964 2755 1127 2828 Pontifici,
1184 2752 1252 2814 tulo
1277 2755 1417 2816 Senensi
1436 2755 1597 2833 capellam
1622 2759 1752 2821 Sanctae
1785 2761 1974 2824 Petronillae

337 2857 393 2920 rel
415 2856 459 2926 ei,
482 2871 580 2933 quem
601 2853 644 2916 ad
667 2854 730 2916 boc
749 2854 820 2930 ipse
841 2854 1058 2930 deputaverit,
1074 2869 1130 2915 ra-
1183 2863 1258 2912 cum
1275 2850 1444 2928 bospitali,
1460 2854 1494 2916 et
1508 2855 1643 2917 avitali
1662 2855 1703 2917 de
1722 2857 1883 2920 Denicato
1901 2861 1977 2922 cive

338 2969 523 3018 servamus.
558 2951 756 3030 specialiter
782 2952 893 3012 autem
927 2950 1126 3023 inhibemus,
1184 2948 1654 3028 Senensllundumquemdam
1670 2953 1769 3016 situm
1784 2955 1880 3018 extra
1894 2973 1976 3034 por·

339 3065 382 3113 ne
397 3050 582 3122 usurarios,
599 3047 911 3118 excommunicatos,
924 3049 982 3110 aut
994 3047 1129 3110 baereti-
1182 3045 1250 3106 tam
1273 3047 1453 3108 senensem
1467 3047 1507 3110 de
1522 3050 1683 3112 camullia
1699 3066 1773 3113 cum
1788 3054 1975 3130 possessio-

337 3163 406 3219 cos,
422 3147 474 3210 rel
488 3147 528 3207 de
545 3145 664 3206 baeresi
680 3144 867 3216 infamatos,
886 3144 919 3206 et
932 3144 1128 3206 nominatim
1182 3141 1291 3214 nibus,
1315 3143 1349 3204 el
1369 3145 1522 3208 omnibus
1545 3148 1756 3224 pertiuentiis
1775 3150 1845 3212 suis
1865 3151 1900 3210 in
1917 3155 1976 3228 jus

335 3245 517 3306 aLucaua
538 3241 680 3302 ecclesia
702 3241 896 3303 interdictos
918 3242 1127 3318 praesumatis
1182 3238 1215 3300 et
1236 3239 1472 3316 proprietatem
1498 3244 1656 3306 Ecclesiae
1678 3247 1848 3319 Romanae,
1876 3248 1975 3323 prout

335 3341 372 3402 iu
383 3342 463 3412 rita,
476 3339 529 3403 vel
540 3339 576 3399 in
589 3339 705 3410 morte,
721 3337 965 3415 quomodolibet
978 3337 1127 3415 recipere
1182 3335 1461 3399 mandaveramus
1478 3339 1596 3414 eidem,
1613 3343 1726 3405 nostro
1741 3344 1874 3406 nomine
1885 3359 1976 3406 rece·

335 3437 521 3512 addirina3
537 3431 599 3497 nec
616 3436 717 3498 liceat
733 3433 828 3497 vobis
844 3435 1048 3511 sepulturam
1064 3436 1143 3498 ba-.
1180 3431 1309 3508 pisset;
1342 3435 1375 3496 et
1402 3437 1437 3496 in
1471 3438 1671 3500 monasterio
1706 3439 1753 3500 ibi
1785 3442 1974 3503 constructo

332 3534 412 3597 bere
426 3534 493 3595 nisi
510 3549 569 3610 pro
591 3531 697 3605 nobie,
713 3532 746 3593 et
767 3531 844 3593 aliis
866 3533 1030 3608 personis,
1052 3549 1126 3610 quae
1182 3530 1346 3605 quadam,
1367 3532 1403 3593 in
1423 3536 1544 3595 vestrae
1564 3533 1738 3610 religionis
1760 3537 1973 3612 augmentum

333 3631 376 3694 ad
395 3633 541 3693 vestrum
558 3629 682 3692 luerint
696 3629 869 3690 servitium
886 3629 1062 3705 deputatae.
1075 3630 1125 3691 Ad
1180 3625 1214 3688 et
1248 3625 1407 3703 levorem,
1435 3630 1556 3692 vestris
1583 3631 1711 3692 ordinis
1741 3632 1875 3695 duxerit
1897 3634 1972 3695 sta·

333 3728 494 3790 indicium
520 3727 631 3790 autem
663 3725 763 3802 hujus
798 3727 960 3804 perceptae
991 3741 1011 3790 a
1042 3727 1126 3790 Sede
1178 3722 1313 3798 tuenda,
1338 3740 1413 3794 nos,
1433 3727 1553 3788 vestris
1569 3726 1670 3804 justis
1694 3728 1972 3804 postulationibus

333 3824 524 3902 apostolica
538 3823 701 3888 libertatis
714 3837 852 3884 aureum
875 3839 977 3884 uuum
995 3825 1126 3900 porsol-
1179 3825 1376 3895 annuentes,
1402 3821 1489 3900 quod
1511 3821 1552 3884 ab
1576 3822 1692 3884 eodem
1714 3825 1869 3902 episcopo
1896 3826 1971 3890 lac-

333 3921 418 3984 retis
445 3923 594 3983 Romano
618 3917 772 3982 Pontifici
798 3917 980 3980 annuatim.
1006 3920 1124 3982 Datum
1178 3919 1248 3980 tum
1272 3919 1323 3981 est
1342 3921 1473 3994 gratum
1497 3919 1657 3984 babentes
1685 3924 1719 3984 et
1741 3923 1861 3996 ratum,
1883 3923 1971 3988 lacta

334 4017 475 4088 Perusii,
504 4015 591 4092 apud
617 4015 856 4078 monasterium
881 4015 993 4078 Sancti
1020 4017 1122 4090 Petri,
1179 4013 1314 4078 obtentu
1324 4015 1498 4090 religionis
1512 4018 1633 4079 vestrae
1647 4017 1689 4079 ab
1708 4020 1863 4097 episcopo
1878 4019 1970 4097 praess·

334 4116 380 4177 111
394 4111 526 4176 kalend.
546 4112 689 4190 augusti,
706 4126 794 4174 anno
807 4111 938 4174 Domini
950 4114 1121 4187 MGCXIX,
1178 4109 1246 4173 lato
1268 4111 1401 4184 statuta,
1416 4113 1503 4176 sicut
1521 4114 1556 4175 lu
1576 4113 1681 4192 ipsius
1696 4115 1872 4194 privilegio
1885 4133 1970 4179 cou-

333 4210 515 4274 iudicticne
530 4210 683 4286 septima,
695 4208 908 4286 pontificatus
921 4209 1046 4272 domiui
1060 4214 1124 4276 Ho-
1176 4207 1311 4280 linatur,
1320 4209 1714 4289 auctoritatallpostolica
1723 4214 1968 4288 confirmamus,

332 4309 421 4370 narii
435 4310 533 4385 Papae
548 4308 595 4368 111
609 4321 696 4368 auno
712 4306 840 4383 quarto.
857 4323 876 4366 »
1176 4305 1210 4366 et
1236 4306 1411 4382 praesentis
1434 4308 1551 4386 scripti
1578 4310 1755 4388 privilegio
1784 4313 1972 4372 commuui-

371 4405 464 4467 Nulli
483 4418 563 4480 ergo
579 4403 713 4466 omniuo
728 4402 900 4464 bominum
913 4402 1014 4468 liceat
1034 4405 1122 4472 banc
1176 4415 1259 4462 mus·
1276 4403 1438 4464 'sonoram
1451 4405 1562 4466 autem
1577 4404 1725 4481 ejusdem
1740 4404 1907 4480 privilegii
1926 4406 1969 4467 ad

330 4503 486 4581 pagiuam
502 4502 625 4564 nostrae
645 4499 907 4562 confirmationis
922 4501 1119 4578 intringere,
1175 4500 1337 4574 majorem
1358 4500 1515 4573 vestram,
1531 4500 1564 4562 et
1583 4500 1776 4563 monasterii
1795 4503 1969 4565 memorati

330 4599 384 4662 rel
410 4600 442 4661 ei
470 4613 555 4660 ausu
576 4597 754 4660 temerario
780 4598 958 4660 contraire.
984 4599 1019 4660 Si
1046 4599 1121 4677 quis
1176 4595 1341 4658 cautelam
1368 4594 1587 4672 pausantibus
1601 4595 1721 4658 litteris
1736 4595 1893 4658 duximus
1908 4597 1971 4660 ad-

330 4698 441 4758 autem
451 4696 515 4758 boc
524 4695 689 4758 attentare
700 4695 958 4771 praesumpserit,
971 4695 1122 4772 indigua·
1175 4691 1367 4764 notandum,
1385 4693 1441 4770 qui
1456 4692 1534 4755 talis
1547 4692 1598 4753 est
1613 4713 1622 4753 ι

329 4790 1018 4868 tionemomnipotentisllei,acbeetorum
1031 4795 1120 4856 Petri
1215 4792 1343 4866 «liupo
1367 4789 1581 4852 miseratione
1607 4789 1720 4852 divina
1745 4791 1908 4854 Ostiensis
1934 4795 1969 4856 at

330 4896 363 4953 al
376 4890 472 4952 Pauli
484 4889 710 4967 apostolorum
725 4891 798 4965 ejus
814 4904 850 4950 se
868 4890 998 4954 noverit
1011 4891 1122 4953 iucur-
1175 4885 1391 4948 velletrensis
1404 4884 1591 4962 episcopus,
1607 4886 1805 4962 apostoliea
1815 4889 1909 4951 Sedis
1923 4890 1970 4952 le-

330 5003 456 5050 surum.
470 4988 588 5049 Datum
603 4986 771 5058 Laterani,
785 4986 831 5046 lli
851 4985 1013 5050 kalendas
1028 4989 1123 5052 octo-
1175 4981 1282 5056 gatus,
1308 4981 1437 5043 dilectis
1460 4981 1497 5043 in
1524 4981 1657 5044 Christo
1677 4982 1846 5047 filiabus-n
1862 4985 1968 5048 abba·

329 5083 410 5158 bris,
427 5084 637 5161 pontificatus
656 5083 761 5146 nostri
776 5097 864 5146 anno
879 5085 1030 5161 septimo.
1174 5078 1267 5139 tissaa
1282 5077 1476 5140 monasterii
1500 5079 1630 5142 Sanctae
1649 5082 1766 5143 Marisa
1780 5084 1875 5145 extra
1888 5097 1969 5160 por-

1174 5175 1242 5234 tam
1265 5175 1444 5236 senensem
1466 5173 1507 5238 de
1531 5176 1692 5238 camullia
1709 5177 1807 5255 juxta
1828 5180 1966 5242 stratam

1175 5271 1369 5342 Romanam,
1385 5273 1523 5349 ejusque
1539 5273 1711 5336 sororibus
1727 5275 1794 5336 tam
1818 5289 1967 5351 presen-

1173 5364 1272 5439 tibus,
1290 5381 1388 5444 quam
1407 5367 1528 5432 tuturis
1551 5369 1743 5446 religiosam
1765 5371 1868 5434 sitam
1883 5387 1964 5448 pro-

1174 5461 1271 5524 lassis
1296 5463 1558 5542 inperpetuum.
1580 5467 1801 5528 Prudentibus
1818 5468 1964 5544 virgini-

1174 5559 1246 5633 bus,
1274 5577 1347 5640 quae
1382 5561 1443 5624 sub
1473 5563 1588 5626 habitu
1615 5563 1787 5638 religionis
1816 5565 1964 5626 accensis
