<?xml version="1.0" encoding="UTF-8"?>
<!DOCTYPE html PUBLIC "-//W3C//DTD XHTML 1.0 Transitional//EN"
    "http://www.w3.org/TR/xhtml1/DTD/xhtml1-transitional.dtd">
<html xmlns="http://www.w3.org/1999/xhtml" xml:lang="en" lang="en">
 <head>
  <title>
</title>
<meta http-equiv="Content-Type" content="text/html;charset=utf-8" />
  <meta name='ocr-system' content='tesseract 3.04.00' />
  <meta name='ocr-capabilities' content='ocr_page ocr_carea ocr_par ocr_line ocrx_word'/>
</head>
<body>
  <div class='ocr_page' id='page_1' title='image "./mediiaevibiblio00unkngoog_0141.png"; bbox 0 0 4274 6388; ppageno 0'>
   <div class='ocr_carea' id='block_1_1' title="bbox 714 259 1792 356">
    <p class='ocr_par' dir='ltr' id='par_1_1' title="bbox 714 259 1792 356">
     <span class='ocr_line' id='line_1_1' title="bbox 714 259 1792 356; baseline -0.012 -4"><span class='ocrx_word' id='word_1_1' title='bbox 714 259 719 266; x_wconf 78' lang='grc'><strong>’</strong></span> <span class='ocrx_word' id='word_1_2' title='bbox 760 285 988 352; x_wconf 74' lang='lat' dir='ltr'>arrabone.</span> <span class='ocrx_word' id='word_1_3' title='bbox 1006 286 1090 351; x_wconf 63' lang='lat' dir='ltr'>vrnre.</span> <span class='ocrx_word' id='word_1_4' title='bbox 1113 287 1183 348; x_wconf 89' lang='lat' dir='ltr'>vn.</span> <span class='ocrx_word' id='word_1_5' title='bbox 1731 279 1792 356; x_wconf 78' lang='lat' dir='ltr'>aaa</span> 
     </span>
    </p>
   </div>
   <div class='ocr_carea' id='block_1_2' title="bbox 154 299 214 372">
    <p class='ocr_par' dir='ltr' id='par_1_2' title="bbox 154 299 214 372">
     <span class='ocr_line' id='line_1_2' title="bbox 154 299 214 372; baseline 0 -13"><span class='ocrx_word' id='word_1_6' title='bbox 154 299 214 372; x_wconf 75' lang='lat' dir='ltr'>asi</span> 
     </span>
    </p>
   </div>
   <div class='ocr_carea' id='block_1_3' title="bbox 156 441 1789 918">
    <p class='ocr_par' dir='ltr' id='par_1_3' title="bbox 156 441 1789 631">
     <span class='ocr_line' id='line_1_3' title="bbox 156 441 1789 534; baseline -0.013 -12"><span class='ocrx_word' id='word_1_7' title='bbox 156 472 283 530; x_wconf 87' lang='lat' dir='ltr'>norum,</span> <span class='ocrx_word' id='word_1_8' title='bbox 299 456 357 534; x_wconf 77' lang='lat' dir='ltr'>qul</span> <span class='ocrx_word' id='word_1_9' title='bbox 375 454 418 516; x_wconf 88' lang='lat' dir='ltr'>ad</span> <span class='ocrx_word' id='word_1_10' title='bbox 435 451 698 530; x_wconf 78' lang='lat' dir='ltr'>recuperandam</span> <span class='ocrx_word' id='word_1_11' title='bbox 711 449 746 512; x_wconf 88' lang='lat' dir='ltr'>et</span> <span class='ocrx_word' id='word_1_12' title='bbox 763 447 947 512; x_wconf 85' lang='lat' dir='ltr'>deienden-</span> <span class='ocrx_word' id='word_1_13' title='bbox 1001 445 1074 522; x_wconf 84' lang='lat' dir='ltr'>pias</span> <span class='ocrx_word' id='word_1_14' title='bbox 1085 443 1286 523; x_wconf 88' lang='lat' dir='ltr'>juramenta.</span> <span class='ocrx_word' id='word_1_15' title='bbox 1305 444 1423 514; x_wconf 65' lang='lat' dir='ltr'>Mum</span> <span class='ocrx_word' id='word_1_16' title='bbox 1438 441 1605 514; x_wconf 83' lang='lat' dir='ltr'>Laterani,</span> <span class='ocrx_word' id='word_1_17' title='bbox 1621 441 1720 503; x_wconf 87' lang='lat' dir='ltr'>nouis</span> <span class='ocrx_word' id='word_1_18' title='bbox 1732 441 1789 518; x_wconf 77' lang='lat' dir='ltr'>ta·</span> 
     </span>
     <span class='ocr_line' id='line_1_4' title="bbox 156 537 1737 631; baseline -0.011 -15"><span class='ocrx_word' id='word_1_19' title='bbox 156 557 233 618; x_wconf 91' lang='lat' dir='ltr'>dam</span> <span class='ocrx_word' id='word_1_20' title='bbox 257 556 383 616; x_wconf 91' lang='lat' dir='ltr'>terram</span> <span class='ocrx_word' id='word_1_21' title='bbox 404 551 595 631; x_wconf 73' lang='lat' dir='ltr'>predictam</span> <span class='ocrx_word' id='word_1_22' title='bbox 618 547 773 610; x_wconf 85' lang='lat' dir='ltr'>laborare</span> <span class='ocrx_word' id='word_1_23' title='bbox 793 547 871 609; x_wconf 91' lang='lat' dir='ltr'>totis</span> <span class='ocrx_word' id='word_1_24' title='bbox 891 545 947 608; x_wconf 80' lang='lat' dir='ltr'>ri·</span> <span class='ocrx_word' id='word_1_25' title='bbox 1001 542 1123 615; x_wconf 73' lang='lat' dir='ltr'>unani,</span> <span class='ocrx_word' id='word_1_26' title='bbox 1137 540 1349 618; x_wconf 83' lang='lat' dir='ltr'>pontificatus</span> <span class='ocrx_word' id='word_1_27' title='bbox 1362 538 1468 600; x_wconf 92' lang='lat' dir='ltr'>nostri</span> <span class='ocrx_word' id='word_1_28' title='bbox 1480 537 1737 615; x_wconf 67' lang='lat' dir='ltr'>anno&#39;septimo.</span> 
     </span>
    </p>

    <p class='ocr_par' dir='ltr' id='par_1_4' title="bbox 156 641 1722 918">
     <span class='ocr_line' id='line_1_5' title="bbox 156 641 1722 719; baseline -0.015 -5"><span class='ocrx_word' id='word_1_29' title='bbox 156 652 250 715; x_wconf 85' lang='lat' dir='ltr'>ribus</span> <span class='ocrx_word' id='word_1_30' title='bbox 271 666 338 714; x_wconf 92' lang='lat' dir='ltr'>non</span> <span class='ocrx_word' id='word_1_31' title='bbox 362 648 535 719; x_wconf 87' lang='lat' dir='ltr'>desistunt,</span> <span class='ocrx_word' id='word_1_32' title='bbox 560 644 597 706; x_wconf 92' lang='lat' dir='ltr'>in</span> <span class='ocrx_word' id='word_1_33' title='bbox 613 660 736 708; x_wconf 60' lang='lat' dir='ltr'>veorum</span> <span class='ocrx_word' id='word_1_34' title='bbox 750 641 947 706; x_wconf 84' lang='lat' dir='ltr'>-ooniratriis</span> <span class='ocrx_word' id='word_1_35' title='bbox 1720 657 1722 670; x_wconf 92' lang='lat'><em>·</em></span> 
     </span>
     <span class='ocr_line' id='line_1_6' title="bbox 157 738 947 821; baseline -0.015 -10"><span class='ocrx_word' id='word_1_36' title='bbox 157 747 378 818; x_wconf 81' lang='lat' dir='ltr'>assumendis,</span> <span class='ocrx_word' id='word_1_37' title='bbox 391 745 509 821; x_wconf 87' lang='lat' dir='ltr'>legatis</span> <span class='ocrx_word' id='word_1_38' title='bbox 524 747 557 806; x_wconf 88' lang='lat' dir='ltr'>et</span> <span class='ocrx_word' id='word_1_39' title='bbox 566 741 647 804; x_wconf 60' lang='lat' dir='ltr'>valiie</span> <span class='ocrx_word' id='word_1_40' title='bbox 662 739 833 811; x_wconf 84' lang='lat' dir='ltr'>beneflciis</span> <span class='ocrx_word' id='word_1_41' title='bbox 848 738 947 800; x_wconf 83' lang='lat' dir='ltr'>exlli-</span> 
     </span>
     <span class='ocr_line' id='line_1_7' title="bbox 156 835 948 918; baseline -0.016 -10"><span class='ocrx_word' id='word_1_42' title='bbox 156 844 273 908; x_wconf 88' lang='lat' dir='ltr'>bendis</span> <span class='ocrx_word' id='word_1_43' title='bbox 284 842 434 907; x_wconf 84' lang='lat' dir='ltr'>babeatis</span> <span class='ocrx_word' id='word_1_44' title='bbox 446 856 506 918; x_wconf 88' lang='lat' dir='ltr'>pro</span> <span class='ocrx_word' id='word_1_45' title='bbox 516 840 577 902; x_wconf 86' lang='lat' dir='ltr'>Dei</span> <span class='ocrx_word' id='word_1_46' title='bbox 589 840 622 906; x_wconf 87' lang='lat' dir='ltr'>et</span> <span class='ocrx_word' id='word_1_47' title='bbox 633 839 749 900; x_wconf 90' lang='lat' dir='ltr'>nostra</span> <span class='ocrx_word' id='word_1_48' title='bbox 759 835 948 900; x_wconf 73' lang='lat' dir='ltr'>reuerentia</span> 
     </span>
    </p>
   </div>
   <div class='ocr_carea' id='block_1_4' title="bbox 153 856 1461 1021">
    <p class='ocr_par' dir='ltr' id='par_1_5' title="bbox 153 856 1461 1021">
     <span class='ocr_line' id='line_1_8' title="bbox 153 856 1461 1021; baseline -0.032 -17"><span class='ocrx_word' id='word_1_49' title='bbox 153 942 280 1021; x_wconf 88' lang='lat' dir='ltr'>pietate</span> <span class='ocrx_word' id='word_1_50' title='bbox 293 940 393 1002; x_wconf 87' lang='lat' dir='ltr'>solita</span> <span class='ocrx_word' id='word_1_51' title='bbox 407 937 666 1010; x_wconf 87' lang='lat' dir='ltr'>commendatos,</span> <span class='ocrx_word' id='word_1_52' title='bbox 682 933 947 1010; x_wconf 84' lang='lat' dir='ltr'>diligentiusat-</span> <span class='ocrx_word' id='word_1_53' title='bbox 1336 856 1461 944; x_wconf 74' lang='lat' dir='ltr'>XLIV</span> 
     </span>
    </p>
   </div>
   <div class='ocr_carea' id='block_1_5' title="bbox 156 1004 1865 1205">
    <p class='ocr_par' dir='ltr' id='par_1_6' title="bbox 156 1004 1865 1205">
     <span class='ocr_line' id='line_1_9' title="bbox 156 1004 1865 1114; baseline -0.02 -10"><span class='ocrx_word' id='word_1_54' title='bbox 156 1038 339 1110; x_wconf 83' lang='lat' dir='ltr'>tondentes,</span> <span class='ocrx_word' id='word_1_55' title='bbox 350 1036 435 1114; x_wconf 84' lang='lat' dir='ltr'>qnod</span> <span class='ocrx_word' id='word_1_56' title='bbox 446 1033 525 1106; x_wconf 91' lang='lat' dir='ltr'>dioti</span> <span class='ocrx_word' id='word_1_57' title='bbox 535 1009 822 1108; x_wconf 77' lang='lat' dir='ltr'>fratrestanquam</span> <span class='ocrx_word' id='word_1_58' title='bbox 831 1028 948 1095; x_wconf 86' lang='lat' dir='ltr'>fideles</span> <span class='ocrx_word' id='word_1_59' title='bbox 1002 1011 1055 1072; x_wconf 69' lang='lat' dir='ltr'>Ad</span> <span class='ocrx_word' id='word_1_60' title='bbox 1076 1008 1230 1071; x_wconf 60' lang='lat' dir='ltr'>abbatem</span> <span class='ocrx_word' id='word_1_61' title='bbox 1258 1007 1293 1070; x_wconf 64' lang='lat' dir='ltr'>el</span> <span class='ocrx_word' id='word_1_62' title='bbox 1317 1009 1476 1114; x_wconf 56' lang='lat' dir='ltr'>{mrem</span> <span class='ocrx_word' id='word_1_63' title='bbox 1502 1005 1622 1068; x_wconf 61' lang='lat' dir='ltr'>Sabell</span> <span class='ocrx_word' id='word_1_64' title='bbox 1646 1004 1795 1066; x_wconf 77' lang='lat' dir='ltr'>martana</span> <span class='ocrx_word' id='word_1_65' title='bbox 1858 1015 1865 1029; x_wconf 63' lang='lat'>‘</span> 
     </span>
     <span class='ocr_line' id='line_1_10' title="bbox 156 1103 1761 1205; baseline -0.019 -6"><span class='ocrx_word' id='word_1_66' title='bbox 156 1123 344 1201; x_wconf 85' lang='lat' dir='ltr'>animarum</span> <span class='ocrx_word' id='word_1_67' title='bbox 353 1133 540 1196; x_wconf 84' lang='lat' dir='ltr'>vestrarum</span> <span class='ocrx_word' id='word_1_68' title='bbox 551 1129 695 1192; x_wconf 87' lang='lat' dir='ltr'>ministri</span> <span class='ocrx_word' id='word_1_69' title='bbox 706 1145 773 1190; x_wconf 92' lang='lat' dir='ltr'>non</span> <span class='ocrx_word' id='word_1_70' title='bbox 784 1127 946 1205; x_wconf 77' lang='lat' dir='ltr'>quaerunt,</span> <span class='ocrx_word' id='word_1_71' title='bbox 1036 1107 1473 1168; x_wconf 54' lang='lat' dir='ltr'>mmet-*wdeffltwm</span> <span class='ocrx_word' id='word_1_72' title='bbox 1488 1103 1761 1166; x_wconf 58' lang='lat' dir='ltr'>«dimittentem.</span> 
     </span>
    </p>
   </div>
   <div class='ocr_carea' id='block_1_6' title="bbox 112 1225 1770 1496">
    <p class='ocr_par' dir='ltr' id='par_1_7' title="bbox 112 1225 1770 1496">
     <span class='ocr_line' id='line_1_11' title="bbox 137 1225 1528 1312; baseline -0.014 -16"><span class='ocrx_word' id='word_1_73' title='bbox 137 1240 232 1312; x_wconf 75' lang='lat' dir='ltr'>‘quae</span> <span class='ocrx_word' id='word_1_74' title='bbox 251 1247 312 1294; x_wconf 88' lang='lat' dir='ltr'>sua</span> <span class='ocrx_word' id='word_1_75' title='bbox 325 1229 421 1302; x_wconf 87' lang='lat' dir='ltr'>sunt,</span> <span class='ocrx_word' id='word_1_76' title='bbox 447 1228 504 1292; x_wconf 88' lang='lat' dir='ltr'>sed</span> <span class='ocrx_word' id='word_1_77' title='bbox 526 1243 600 1304; x_wconf 79' lang='lat' dir='ltr'>quea</span> <span class='ocrx_word' id='word_1_78' title='bbox 620 1229 703 1289; x_wconf 81' lang='lat' dir='ltr'>iesu</span> <span class='ocrx_word' id='word_1_79' title='bbox 724 1225 858 1296; x_wconf 78' lang='lat' dir='ltr'>Christi,</span> <span class='ocrx_word' id='word_1_80' title='bbox 882 1239 949 1286; x_wconf 92' lang='lat' dir='ltr'>non</span> <span class='ocrx_word' id='word_1_81' title='bbox 1270 1233 1428 1308; x_wconf 77' lang='lat' dir='ltr'>ajanuarii</span> <span class='ocrx_word' id='word_1_82' title='bbox 1449 1234 1528 1291; x_wconf 74' lang='lat' dir='ltr'>liis,</span> 
     </span>
     <span class='ocr_line' id='line_1_12' title="bbox 112 1320 1770 1424; baseline -0.013 -31"><span class='ocrx_word' id='word_1_83' title='bbox 112 1373 114 1376; x_wconf 91' lang='lat'>-</span> <span class='ocrx_word' id='word_1_84' title='bbox 158 1330 222 1392; x_wconf 90' lang='lat' dir='ltr'>sibi</span> <span class='ocrx_word' id='word_1_85' title='bbox 239 1325 470 1392; x_wconf 85' lang='lat' dir='ltr'>tantummodo</span> <span class='ocrx_word' id='word_1_86' title='bbox 493 1321 733 1396; x_wconf 70' lang='lat' dir='ltr'>mesaurizaut,</span> <span class='ocrx_word' id='word_1_87' title='bbox 760 1322 818 1384; x_wconf 91' lang='lat' dir='ltr'>sed</span> <span class='ocrx_word' id='word_1_88' title='bbox 842 1320 951 1391; x_wconf 79' lang='lat' dir='ltr'>lacul—</span> <span class='ocrx_word' id='word_1_89' title='bbox 1019 1354 1770 1424; x_wconf 33' lang='lat' dir='ltr'>sawt„111),thssssmmmm„Thou]</span> 
     </span>
     <span class='ocr_line' id='line_1_13' title="bbox 157 1418 1760 1496; baseline -0.014 -6"><span class='ocrx_word' id='word_1_90' title='bbox 157 1428 243 1490; x_wconf 87' lang='lat' dir='ltr'>tates</span> <span class='ocrx_word' id='word_1_91' title='bbox 268 1427 397 1490; x_wconf 80' lang='lat' dir='ltr'>vestras</span> <span class='ocrx_word' id='word_1_92' title='bbox 428 1422 572 1484; x_wconf 82' lang='lat' dir='ltr'>fideliter</span> <span class='ocrx_word' id='word_1_93' title='bbox 598 1419 722 1482; x_wconf 81' lang='lat' dir='ltr'>Christi</span> <span class='ocrx_word' id='word_1_94' title='bbox 745 1418 949 1496; x_wconf 90' lang='lat' dir='ltr'>pauperibus</span> <span class='ocrx_word' id='word_1_95' title='bbox 1345 1418 1348 1426; x_wconf 61' lang='lat'><em>⁴</em></span> <span class='ocrx_word' id='word_1_96' title='bbox 1758 1429 1760 1439; x_wconf 23' lang='grc' dir='ltr'>ι</span> 
     </span>
    </p>
   </div>
   <div class='ocr_carea' id='block_1_7' title="bbox 158 1479 1804 1597">
    <p class='ocr_par' dir='ltr' id='par_1_8' title="bbox 158 1479 1804 1597">
     <span class='ocr_line' id='line_1_14' title="bbox 158 1479 1804 1597; baseline -0.028 -11"><span class='ocrx_word' id='word_1_97' title='bbox 158 1521 421 1596; x_wconf 80' lang='lat' dir='ltr'>subministrant,</span> <span class='ocrx_word' id='word_1_98' title='bbox 443 1533 583 1597; x_wconf 84' lang='lat' dir='ltr'>quorum</span> <span class='ocrx_word' id='word_1_99' title='bbox 596 1531 715 1578; x_wconf 87' lang='lat' dir='ltr'>manus</span> <span class='ocrx_word' id='word_1_100' title='bbox 729 1516 765 1577; x_wconf 93' lang='lat' dir='ltr'>in</span> <span class='ocrx_word' id='word_1_101' title='bbox 775 1515 950 1586; x_wconf 66' lang='lat' dir='ltr'>thesauris</span> <span class='ocrx_word' id='word_1_102' title='bbox 997 1481 1120 1544; x_wconf 74' lang='lat' dir='ltr'>dinudat</span> <span class='ocrx_word' id='word_1_103' title='bbox 1129 1482 1174 1542; x_wconf 83' lang='lat' dir='ltr'>eis</span> <span class='ocrx_word' id='word_1_104' title='bbox 1183 1489 1224 1549; x_wconf 86' lang='lat' dir='ltr'>ut,</span> <span class='ocrx_word' id='word_1_105' title='bbox 1237 1482 1334 1542; x_wconf 84' lang='lat' dir='ltr'>statim</span> <span class='ocrx_word' id='word_1_106' title='bbox 1344 1481 1474 1542; x_wconf 73' lang='lat' dir='ltr'>aecimis</span> <span class='ocrx_word' id='word_1_107' title='bbox 1481 1479 1667 1540; x_wconf 71' lang='lat' dir='ltr'>ambianensi</span> <span class='ocrx_word' id='word_1_108' title='bbox 1686 1479 1723 1540; x_wconf 88' lang='lat' dir='ltr'>de</span> <span class='ocrx_word' id='word_1_109' title='bbox 1737 1495 1804 1552; x_wconf 86' lang='lat' dir='ltr'>pas·</span> 
     </span>
    </p>
   </div>
   <div class='ocr_carea' id='block_1_8' title="bbox 158 1567 1800 1732">
    <p class='ocr_par' dir='ltr' id='par_1_9' title="bbox 158 1567 1800 1732">
     <span class='ocr_line' id='line_1_15' title="bbox 158 1567 1800 1732; baseline -0.01 -48"><span class='ocrx_word' id='word_1_110' title='bbox 158 1618 347 1684; x_wconf 83' lang='lat' dir='ltr'>celestibus</span> <span class='ocrx_word' id='word_1_111' title='bbox 366 1633 423 1681; x_wconf 88' lang='lat' dir='ltr'>eus</span> <span class='ocrx_word' id='word_1_112' title='bbox 439 1614 594 1686; x_wconf 91' lang='lat' dir='ltr'>condunt,</span> <span class='ocrx_word' id='word_1_113' title='bbox 610 1614 668 1675; x_wconf 89' lang='lat' dir='ltr'>nbi</span> <span class='ocrx_word' id='word_1_114' title='bbox 682 1628 744 1676; x_wconf 90' lang='lat' dir='ltr'>nec</span> <span class='ocrx_word' id='word_1_115' title='bbox 762 1627 865 1688; x_wconf 80' lang='lat' dir='ltr'>erugo</span> <span class='ocrx_word' id='word_1_116' title='bbox 885 1627 949 1673; x_wconf 81' lang='lat' dir='ltr'>ex·</span> <span class='ocrx_word' id='word_1_117' title='bbox 1040 1577 1268 1732; x_wconf 51' lang='lat' dir='ltr'>fflpffiff</span> <span class='ocrx_word' id='word_1_118' title='bbox 1284 1567 1800 1730; x_wconf 44' lang='lat' dir='ltr'>ffiffinfftfflfflggffpffigssgzff</span> 
     </span>
    </p>
   </div>
   <div class='ocr_carea' id='block_1_9' title="bbox 149 1878 1803 2368">
    <p class='ocr_par' dir='ltr' id='par_1_10' title="bbox 149 1878 1803 2368">
     <span class='ocr_line' id='line_1_16' title="bbox 157 1878 1802 1981; baseline -0.016 -9"><span class='ocrx_word' id='word_1_119' title='bbox 157 1911 259 1974; x_wconf 86' lang='lat' dir='ltr'>ritate</span> <span class='ocrx_word' id='word_1_120' title='bbox 278 1907 406 1980; x_wconf 88' lang='lat' dir='ltr'>contisi,</span> <span class='ocrx_word' id='word_1_121' title='bbox 423 1904 586 1979; x_wconf 82' lang='lat' dir='ltr'>omnihus,</span> <span class='ocrx_word' id='word_1_122' title='bbox 601 1903 658 1981; x_wconf 86' lang='lat' dir='ltr'>qui</span> <span class='ocrx_word' id='word_1_123' title='bbox 677 1903 718 1964; x_wconf 90' lang='lat' dir='ltr'>de</span> <span class='ocrx_word' id='word_1_124' title='bbox 739 1900 951 1964; x_wconf 68' lang='lat' dir='ltr'>uenatibus</span> <span class='ocrx_word' id='word_1_125' title='bbox 1040 1881 1224 1953; x_wconf 64' lang='lat' dir='ltr'>«Honorius,</span> <span class='ocrx_word' id='word_1_126' title='bbox 1237 1880 1313 1952; x_wconf 79' lang='lat' dir='ltr'>etc,</span> <span class='ocrx_word' id='word_1_127' title='bbox 1330 1879 1589 1942; x_wconf 45' lang='lat' dir='ltr'>dilituit-filiis„</span> <span class='ocrx_word' id='word_1_128' title='bbox 1601 1878 1750 1942; x_wconf 75' lang='lat' dir='ltr'>abbati-.-</span> <span class='ocrx_word' id='word_1_129' title='bbox 1765 1882 1802 1942; x_wconf 85' lang='lat' dir='ltr'>et</span> 
     </span>
     <span class='ocr_line' id='line_1_17' title="bbox 149 1976 1803 2072; baseline -0.008 -22"><span class='ocrx_word' id='word_1_130' title='bbox 149 2005 225 2068; x_wconf 54' lang='lat' dir='ltr'>¹8th</span> <span class='ocrx_word' id='word_1_131' title='bbox 249 2004 380 2068; x_wconf 62' lang='lat' dir='ltr'>collatis</span> <span class='ocrx_word' id='word_1_132' title='bbox 407 2019 427 2066; x_wconf 67' lang='lat' dir='ltr'><strong>a</strong></span> <span class='ocrx_word' id='word_1_133' title='bbox 455 2004 524 2064; x_wconf 69' lang='lat' dir='ltr'>Deo</span> <span class='ocrx_word' id='word_1_134' title='bbox 543 1999 707 2072; x_wconf 60' lang='lat' dir='ltr'>¹fratribus</span> <span class='ocrx_word' id='word_1_135' title='bbox 737 1997 952 2068; x_wconf 69' lang='lat' dir='ltr'>subvenerint</span> <span class='ocrx_word' id='word_1_136' title='bbox 1004 1977 1111 2054; x_wconf 71' lang='lat' dir='ltr'>PPIOI&#39;I</span> <span class='ocrx_word' id='word_1_137' title='bbox 1132 1977 1248 2040; x_wconf 76' lang='lat' dir='ltr'>Sancti</span> <span class='ocrx_word' id='word_1_138' title='bbox 1271 1976 1408 2039; x_wconf 75' lang='lat' dir='ltr'>Martini</span> <span class='ocrx_word' id='word_1_139' title='bbox 1431 1977 1471 2037; x_wconf 73' lang='lat'>(10</span> <span class='ocrx_word' id='word_1_140' title='bbox 1493 1976 1649 2038; x_wconf 78' lang='lat' dir='ltr'>Gemellis</span> <span class='ocrx_word' id='word_1_141' title='bbox 1667 1977 1803 2038; x_wconf 72' lang='lat' dir='ltr'>Ambia-</span> 
     </span>
     <span class='ocr_line' id='line_1_18' title="bbox 158 2073 1797 2172; baseline -0.007 -25"><span class='ocrx_word' id='word_1_142' title='bbox 158 2101 335 2164; x_wconf 60' lang='lat' dir='ltr'>gntgdjcgg</span> <span class='ocrx_word' id='word_1_143' title='bbox 351 2102 384 2162; x_wconf 65' lang='lat' dir='ltr'>et</span> <span class='ocrx_word' id='word_1_144' title='bbox 397 2099 432 2160; x_wconf 71' lang='lat' dir='ltr'>in</span> <span class='ocrx_word' id='word_1_145' title='bbox 445 2099 514 2170; x_wconf 60' lang='lat' dir='ltr'>mm</span> <span class='ocrx_word' id='word_1_146' title='bbox 529 2097 644 2172; x_wconf 56' lang='lat' dir='ltr'>samm</span> <span class='ocrx_word' id='word_1_147' title='bbox 658 2095 867 2159; x_wconf 53' lang='lat' dir='ltr'>fraternitate</span> <span class='ocrx_word' id='word_1_148' title='bbox 880 2095 951 2159; x_wconf 62' lang='lat' dir='ltr'><strong>sta.</strong></span> <span class='ocrx_word' id='word_1_149' title='bbox 1005 2075 1180 2147; x_wconf 86' lang='lat' dir='ltr'>nen.,et...</span> <span class='ocrx_word' id='word_1_150' title='bbox 1197 2074 1322 2136; x_wconf 90' lang='lat' dir='ltr'>decano</span> <span class='ocrx_word' id='word_1_151' title='bbox 1339 2073 1543 2145; x_wconf 74' lang='lat' dir='ltr'>Atrebatem,</span> <span class='ocrx_word' id='word_1_152' title='bbox 1565 2073 1718 2145; x_wconf 89' lang='lat' dir='ltr'>salutern,</span> <span class='ocrx_word' id='word_1_153' title='bbox 1734 2075 1797 2136; x_wconf 88' lang='lat' dir='ltr'>eto.</span> 
     </span>
     <span class='ocr_line' id='line_1_19' title="bbox 151 2169 1800 2271; baseline -0.015 -9"><span class='ocrx_word' id='word_1_154' title='bbox 151 2198 331 2267; x_wconf 77' lang='lat' dir='ltr'>‚tuerintse</span> <span class='ocrx_word' id='word_1_155' title='bbox 348 2195 492 2271; x_wconf 87' lang='lat' dir='ltr'>collegas</span> <span class='ocrx_word' id='word_1_156' title='bbox 513 2194 627 2271; x_wconf 88' lang='lat' dir='ltr'>eisque</span> <span class='ocrx_word' id='word_1_157' title='bbox 646 2191 808 2262; x_wconf 75' lang='lat' dir='ltr'>beneficia</span> <span class='ocrx_word' id='word_1_158' title='bbox 822 2191 952 2269; x_wconf 90' lang='lat' dir='ltr'>persol-</span> <span class='ocrx_word' id='word_1_159' title='bbox 1045 2169 1581 2244; x_wconf 63' lang='lat' dir='ltr'>Qufflifiossedudumdniflrbonae</span> <span class='ocrx_word' id='word_1_160' title='bbox 1592 2171 1800 2232; x_wconf 69' lang='lat' dir='ltr'>memoriae...</span> 
     </span>
     <span class='ocr_line' id='line_1_20' title="bbox 158 2266 1800 2368; baseline -0.007 -27"><span class='ocrx_word' id='word_1_161' title='bbox 158 2289 783 2368; x_wconf 54' lang='lat' dir='ltr'>vgrtntannuafiQsgpgmampartgm</span> <span class='ocrx_word' id='word_1_162' title='bbox 793 2289 951 2366; x_wconf 60' lang='lat' dir='ltr'>injunctae</span> <span class='ocrx_word' id='word_1_163' title='bbox 1005 2268 1262 2330; x_wconf 65' lang='lat' dir='ltr'>ambianensem</span> <span class='ocrx_word' id='word_1_164' title='bbox 1290 2268 1482 2345; x_wconf 86' lang='lat' dir='ltr'>episcopum</span> <span class='ocrx_word' id='word_1_165' title='bbox 1505 2268 1538 2329; x_wconf 90' lang='lat' dir='ltr'>et</span> <span class='ocrx_word' id='word_1_166' title='bbox 1561 2266 1800 2330; x_wconf 85' lang='lat' dir='ltr'>monasterium</span> 
     </span>
    </p>
   </div>
   <div class='ocr_carea' id='block_1_10' title="bbox 149 2365 1802 2665">
    <p class='ocr_par' dir='ltr' id='par_1_11' title="bbox 149 2365 1802 2665">
     <span class='ocr_line' id='line_1_21' title="bbox 159 2365 1801 2470; baseline -0.009 -30"><span class='ocrx_word' id='word_1_167' title='bbox 159 2392 362 2470; x_wconf 62' lang='lat' dir='ltr'>poemtgnuae</span> <span class='ocrx_word' id='word_1_168' title='bbox 398 2390 603 2464; x_wconf 53' lang='lat' dir='ltr'>remmus,</span> <span class='ocrx_word' id='word_1_169' title='bbox 632 2387 751 2460; x_wconf 54' lang='lat' dir='ltr'><strong>Datum</strong></span> <span class='ocrx_word' id='word_1_170' title='bbox 782 2386 949 2459; x_wconf 57' lang='lat' dir='ltr'><strong>Laterani,</strong></span> <span class='ocrx_word' id='word_1_171' title='bbox 994 2365 1120 2427; x_wconf 77' lang='lat' dir='ltr'>¹Sancti</span> <span class='ocrx_word' id='word_1_172' title='bbox 1137 2365 1269 2428; x_wconf 82' lang='lat' dir='ltr'>-Ricarii</span> <span class='ocrx_word' id='word_1_173' title='bbox 1287 2365 1323 2425; x_wconf 90' lang='lat' dir='ltr'>in</span> <span class='ocrx_word' id='word_1_174' title='bbox 1345 2365 1495 2438; x_wconf 83' lang='lat' dir='ltr'>Pontiro,</span> <span class='ocrx_word' id='word_1_175' title='bbox 1524 2379 1626 2441; x_wconf 90' lang='lat' dir='ltr'>super</span> <span class='ocrx_word' id='word_1_176' title='bbox 1652 2365 1801 2442; x_wconf 81' lang='lat' dir='ltr'>ejusdem</span> 
     </span>
     <span class='ocr_line' id='line_1_22' title="bbox 149 2460 1802 2566; baseline -0.005 -33"><span class='ocrx_word' id='word_1_177' title='bbox 149 2488 257 2550; x_wconf 49' lang='lat' dir='ltr'>,nonis</span> <span class='ocrx_word' id='word_1_178' title='bbox 277 2487 440 2565; x_wconf 59' lang='lat' dir='ltr'><strong>janum-ji,</strong></span> <span class='ocrx_word' id='word_1_179' title='bbox 469 2484 688 2566; x_wconf 20' lang='lat' dir='ltr'>&#39;pongjflgatup</span> <span class='ocrx_word' id='word_1_180' title='bbox 723 2483 829 2548; x_wconf 59' lang='lat' dir='ltr'>nostri</span> <span class='ocrx_word' id='word_1_181' title='bbox 862 2498 951 2546; x_wconf 57' lang='lat' dir='ltr'><strong>anno</strong></span> <span class='ocrx_word' id='word_1_182' title='bbox 1006 2462 1201 2524; x_wconf 88' lang='lat' dir='ltr'>monasterii</span> <span class='ocrx_word' id='word_1_183' title='bbox 1232 2463 1475 2540; x_wconf 83' lang='lat' dir='ltr'>exemptionem</span> <span class='ocrx_word' id='word_1_184' title='bbox 1505 2460 1649 2535; x_wconf 84' lang='lat' dir='ltr'>subdita,</span> <span class='ocrx_word' id='word_1_185' title='bbox 1685 2463 1802 2524; x_wconf 92' lang='lat' dir='ltr'>eodem</span> 
     </span>
     <span class='ocr_line' id='line_1_23' title="bbox 159 2559 1801 2665; baseline -0.008 -31"><span class='ocrx_word' id='word_1_186' title='bbox 159 2586 309 2665; x_wconf 50' lang='lat' dir='ltr'>septimo,</span> <span class='ocrx_word' id='word_1_187' title='bbox 998 2559 1209 2622; x_wconf 85' lang='lat' dir='ltr'>monasterio</span> <span class='ocrx_word' id='word_1_188' title='bbox 1224 2575 1284 2636; x_wconf 88' lang='lat' dir='ltr'>per</span> <span class='ocrx_word' id='word_1_189' title='bbox 1295 2560 1408 2622; x_wconf 78' lang='lat' dir='ltr'>varias</span> <span class='ocrx_word' id='word_1_190' title='bbox 1420 2559 1672 2622; x_wconf 78' lang='lat' dir='ltr'>commissiones</span> <span class='ocrx_word' id='word_1_191' title='bbox 1687 2560 1801 2622; x_wconf 86' lang='lat' dir='ltr'>multis</span> 
     </span>
    </p>
   </div>
   <div class='ocr_carea' id='block_1_11' title="bbox 1005 2655 1802 3010">
    <p class='ocr_par' dir='ltr' id='par_1_12' title="bbox 1005 2655 1802 3010">
     <span class='ocr_line' id='line_1_24' title="bbox 1005 2655 1802 2732; baseline 0 -15"><span class='ocrx_word' id='word_1_192' title='bbox 1005 2655 1144 2732; x_wconf 75' lang='lat' dir='ltr'>fatigato</span> <span class='ocrx_word' id='word_1_193' title='bbox 1156 2655 1325 2720; x_wconf 88' lang='lat' dir='ltr'>laboribus</span> <span class='ocrx_word' id='word_1_194' title='bbox 1337 2659 1372 2718; x_wconf 92' lang='lat' dir='ltr'>et</span> <span class='ocrx_word' id='word_1_195' title='bbox 1380 2656 1688 2732; x_wconf 85' lang='lat' dir='ltr'>expensis,.tandem</span> <span class='ocrx_word' id='word_1_196' title='bbox 1699 2657 1802 2718; x_wconf 87' lang='lat' dir='ltr'>abbas</span> 
     </span>
     <span class='ocr_line' id='line_1_25' title="bbox 1008 2753 1800 2830; baseline -0.004 -14"><span class='ocrx_word' id='word_1_197' title='bbox 1008 2753 1274 2816; x_wconf 77' lang='lat' dir='ltr'>sanctivictoris</span> <span class='ocrx_word' id='word_1_198' title='bbox 1289 2753 1492 2815; x_wconf 90' lang='lat' dir='ltr'>Parisiensis</span> <span class='ocrx_word' id='word_1_199' title='bbox 1501 2754 1534 2815; x_wconf 89' lang='lat' dir='ltr'>et</span> <span class='ocrx_word' id='word_1_200' title='bbox 1545 2753 1735 2830; x_wconf 87' lang='lat' dir='ltr'>conjndices</span> <span class='ocrx_word' id='word_1_201' title='bbox 1747 2753 1800 2814; x_wconf 89' lang='lat' dir='ltr'>sui</span> 
     </span>
     <span class='ocr_line' id='line_1_26' title="bbox 1007 2850 1800 2928; baseline 0 -17"><span class='ocrx_word' id='word_1_202' title='bbox 1007 2850 1197 2927; x_wconf 87' lang='lat' dir='ltr'>hujusmodi</span> <span class='ocrx_word' id='word_1_203' title='bbox 1230 2865 1365 2912; x_wconf 87' lang='lat' dir='ltr'>causam</span> <span class='ocrx_word' id='word_1_204' title='bbox 1398 2850 1583 2912; x_wconf 89' lang='lat' dir='ltr'>secundum</span> <span class='ocrx_word' id='word_1_205' title='bbox 1618 2851 1800 2928; x_wconf 86' lang='lat' dir='ltr'>Apostolici</span> 
     </span>
     <span class='ocr_line' id='line_1_27' title="bbox 1007 2947 1798 3010; baseline 0 -2"><span class='ocrx_word' id='word_1_206' title='bbox 1007 2947 1154 3010; x_wconf 90' lang='lat' dir='ltr'>mandati</span> <span class='ocrx_word' id='word_1_207' title='bbox 1166 2947 1324 3010; x_wconf 84' lang='lat' dir='ltr'>tenorem</span> <span class='ocrx_word' id='word_1_208' title='bbox 1339 2947 1381 3007; x_wconf 90' lang='lat' dir='ltr'>ad</span> <span class='ocrx_word' id='word_1_209' title='bbox 1397 2963 1457 3010; x_wconf 89' lang='lat' dir='ltr'>nos</span> <span class='ocrx_word' id='word_1_210' title='bbox 1475 2949 1676 3010; x_wconf 89' lang='lat' dir='ltr'>remiserunt</span> <span class='ocrx_word' id='word_1_211' title='bbox 1700 2947 1798 3009; x_wconf 85' lang='lat' dir='ltr'>sulti-</span> 
     </span>
    </p>
   </div>
   <div class='ocr_carea' id='block_1_12' title="bbox 492 2886 621 2973">
    <p class='ocr_par' dir='ltr' id='par_1_13' title="bbox 492 2886 621 2973">
     <span class='ocr_line' id='line_1_28' title="bbox 492 2886 621 2973; baseline 0.008 -1"><span class='ocrx_word' id='word_1_212' title='bbox 492 2886 621 2973; x_wconf 85' lang='lat' dir='ltr'>XLIII</span> 
     </span>
    </p>
   </div>
   <div class='ocr_carea' id='block_1_13' title="bbox 159 3036 950 3118">
    <p class='ocr_par' dir='ltr' id='par_1_14' title="bbox 159 3036 950 3118">
     <span class='ocr_line' id='line_1_29' title="bbox 159 3036 950 3118; baseline -0.014 -14"><span class='ocrx_word' id='word_1_213' title='bbox 159 3041 412 3115; x_wconf 73' lang='lat' dir='ltr'>nuncapium</span> <span class='ocrx_word' id='word_1_214' title='bbox 431 3040 626 3118; x_wconf 63' lang='lat' dir='ltr'>cpmcopnm</span> <span class='ocrx_word' id='word_1_215' title='bbox 644 3036 950 3111; x_wconf 73' lang='lat' dir='ltr'>Osteodurpcnscnt.</span> 
     </span>
    </p>
   </div>
   <div class='ocr_carea' id='block_1_14' title="bbox 433 3173 679 3247">
    <p class='ocr_par' dir='ltr' id='par_1_15' title="bbox 433 3173 679 3247">
     <span class='ocr_line' id='line_1_30' title="bbox 433 3173 679 3247; baseline -0.012 -16"><span class='ocrx_word' id='word_1_216' title='bbox 433 3173 584 3247; x_wconf 61' lang='lat' dir='ltr'>namara</span> <span class='ocrx_word' id='word_1_217' title='bbox 599 3173 679 3232; x_wconf 78' lang='lat' dir='ltr'>lasa.</span> 
     </span>
    </p>
   </div>
   <div class='ocr_carea' id='block_1_15' title="bbox 160 3303 951 3451">
    <p class='ocr_par' dir='ltr' id='par_1_16' title="bbox 160 3303 951 3451">
     <span class='ocr_line' id='line_1_31' title="bbox 160 3303 951 3451; baseline -0.005 -93"><span class='ocrx_word' id='word_1_218' title='bbox 160 3303 569 3374; x_wconf 64' lang='lat' dir='ltr'>[lappenbergilamburglsebas</span> <span class='ocrx_word' id='word_1_219' title='bbox 585 3304 800 3451; x_wconf 46' lang='lat' dir='ltr'>qunndenbncb,</span> <span class='ocrx_word' id='word_1_220' title='bbox 819 3305 840 3362; x_wconf 95' lang='lat' dir='ltr'>l,</span> <span class='ocrx_word' id='word_1_221' title='bbox 852 3319 879 3370; x_wconf 87' lang='lat' dir='ltr'>p.</span> <span class='ocrx_word' id='word_1_222' title='bbox 895 3303 951 3363; x_wconf 78' lang='lat' dir='ltr'>bol,</span> 
     </span>
     <span class='ocr_line' id='line_1_32' title="bbox 500 3387 593 3438; baseline -0.022 0"><span class='ocrx_word' id='word_1_223' title='bbox 500 3401 528 3438; x_wconf 91' lang='lat' dir='ltr'>n.</span> <span class='ocrx_word' id='word_1_224' title='bbox 539 3387 593 3437; x_wconf 72' lang='lat' dir='ltr'>ido.</span> 
     </span>
    </p>
   </div>
   <div class='ocr_carea' id='block_1_16' title="bbox 174 3491 934 3568">
    <p class='ocr_par' dir='ltr' id='par_1_17' title="bbox 174 3491 934 3568">
     <span class='ocr_line' id='line_1_33' title="bbox 174 3491 934 3568; baseline -0.009 -14"><span class='ocrx_word' id='word_1_225' title='bbox 174 3495 308 3568; x_wconf 71' lang='lat' dir='ltr'>‘Adolpbo</span> <span class='ocrx_word' id='word_1_226' title='bbox 327 3495 463 3568; x_wconf 86' lang='lat' dir='ltr'>episcopo</span> <span class='ocrx_word' id='word_1_227' title='bbox 473 3491 693 3566; x_wconf 79' lang='lat' dir='ltr'>&#39;osnaburgensi</span> <span class='ocrx_word' id='word_1_228' title='bbox 708 3491 934 3566; x_wconf 84' lang='lat' dir='ltr'>pallium-mittit.</span> 
     </span>
    </p>
   </div>
   <div class='ocr_carea' id='block_1_17' title="bbox 160 3625 951 3801">
    <p class='ocr_par' dir='ltr' id='par_1_18' title="bbox 160 3625 951 3801">
     <span class='ocr_line' id='line_1_34' title="bbox 200 3625 951 3707; baseline -0.011 -13"><span class='ocrx_word' id='word_1_229' title='bbox 200 3630 367 3694; x_wconf 88' lang='lat' dir='ltr'>Honorius</span> <span class='ocrx_word' id='word_1_230' title='bbox 377 3629 690 3707; x_wconf 72' lang='lat' dir='ltr'>episcopusservus</span> <span class='ocrx_word' id='word_1_231' title='bbox 700 3641 872 3692; x_wconf 86' lang='lat' dir='ltr'>servorum</span> <span class='ocrx_word' id='word_1_232' title='bbox 881 3625 951 3694; x_wconf 81' lang='lat' dir='ltr'>liei,</span> 
     </span>
     <span class='ocr_line' id='line_1_35' title="bbox 160 3721 950 3801; baseline -0.009 -12"><span class='ocrx_word' id='word_1_233' title='bbox 160 3724 344 3790; x_wconf 78' lang='lat' dir='ltr'>venerabili</span> <span class='ocrx_word' id='word_1_234' title='bbox 372 3723 470 3786; x_wconf 83' lang='lat' dir='ltr'>fratri</span> <span class='ocrx_word' id='word_1_235' title='bbox 502 3724 657 3801; x_wconf 89' lang='lat' dir='ltr'>episcopo</span> <span class='ocrx_word' id='word_1_236' title='bbox 692 3721 950 3798; x_wconf 84' lang='lat' dir='ltr'>osnaburgensi,</span> 
     </span>
    </p>
   </div>
   <div class='ocr_carea' id='block_1_18' title="bbox 1003 3043 1801 3800">
    <p class='ocr_par' dir='ltr' id='par_1_19' title="bbox 1003 3043 1801 3800">
     <span class='ocr_line' id='line_1_36' title="bbox 1006 3043 1800 3131; baseline 0.003 -25"><span class='ocrx_word' id='word_1_237' title='bbox 1006 3044 1134 3107; x_wconf 87' lang='lat' dir='ltr'>oieuter</span> <span class='ocrx_word' id='word_1_238' title='bbox 1151 3044 1360 3114; x_wconf 86' lang='lat' dir='ltr'>instructam,</span> <span class='ocrx_word' id='word_1_239' title='bbox 1376 3043 1537 3106; x_wconf 83' lang='lat' dir='ltr'>kalendas</span> <span class='ocrx_word' id='word_1_240' title='bbox 1562 3045 1707 3121; x_wconf 84' lang='lat' dir='ltr'>augusti·</span> <span class='ocrx_word' id='word_1_241' title='bbox 1719 3060 1800 3131; x_wconf 55' lang='lat' dir='ltr'>prof</span> 
     </span>
     <span class='ocr_line' id='line_1_37' title="bbox 1003 3141 1800 3218; baseline 0.003 -16"><span class='ocrx_word' id='word_1_242' title='bbox 1003 3141 1098 3203; x_wconf 40' lang='lat' dir='ltr'>*ximo</span> <span class='ocrx_word' id='word_1_243' title='bbox 1135 3141 1321 3218; x_wconf 85' lang='lat' dir='ltr'>praeteritas</span> <span class='ocrx_word' id='word_1_244' title='bbox 1349 3143 1582 3218; x_wconf 57' lang='lat' dir='ltr'>&gt;peremptorie</span> <span class='ocrx_word' id='word_1_245' title='bbox 1620 3142 1800 3204; x_wconf 86' lang='lat' dir='ltr'>terminum</span> 
     </span>
     <span class='ocr_line' id='line_1_38' title="bbox 1007 3237 1801 3316; baseline 0 -16"><span class='ocrx_word' id='word_1_246' title='bbox 1007 3237 1395 3315; x_wconf 76' lang='lat' dir='ltr'>partitusasngnantes,</span> <span class='ocrx_word' id='word_1_247' title='bbox 1408 3238 1678 3316; x_wconf 85' lang='lat' dir='ltr'>procuratoribus</span> <span class='ocrx_word' id='word_1_248' title='bbox 1697 3239 1801 3315; x_wconf 87' lang='lat' dir='ltr'>igitur</span> 
     </span>
     <span class='ocr_line' id='line_1_39' title="bbox 1007 3334 1799 3412; baseline 0.004 -17"><span class='ocrx_word' id='word_1_249' title='bbox 1007 3335 1152 3411; x_wconf 86' lang='lat' dir='ltr'>partium</span> <span class='ocrx_word' id='word_1_250' title='bbox 1183 3334 1218 3396; x_wconf 94' lang='lat' dir='ltr'>in</span> <span class='ocrx_word' id='word_1_251' title='bbox 1254 3336 1369 3396; x_wconf 75' lang='lat' dir='ltr'>uosba</span> <span class='ocrx_word' id='word_1_252' title='bbox 1394 3334 1572 3412; x_wconf 85' lang='lat' dir='ltr'>praeseutia</span> <span class='ocrx_word' id='word_1_253' title='bbox 1601 3335 1799 3398; x_wconf 85' lang='lat' dir='ltr'>sententiam</span> 
     </span>
     <span class='ocr_line' id='line_1_40' title="bbox 1003 3431 1800 3510; baseline 0.001 -17"><span class='ocrx_word' id='word_1_254' title='bbox 1003 3431 1269 3509; x_wconf 82' lang='lat' dir='ltr'>expectantibus,</span> <span class='ocrx_word' id='word_1_255' title='bbox 1286 3431 1441 3509; x_wconf 89' lang='lat' dir='ltr'>episcopo</span> <span class='ocrx_word' id='word_1_256' title='bbox 1460 3431 1533 3510; x_wconf 91' lang='lat' dir='ltr'>ipso</span> <span class='ocrx_word' id='word_1_257' title='bbox 1548 3433 1681 3495; x_wconf 86' lang='lat' dir='ltr'>interim</span> <span class='ocrx_word' id='word_1_258' title='bbox 1700 3433 1800 3494; x_wconf 89' lang='lat' dir='ltr'>rebus</span> 
     </span>
     <span class='ocr_line' id='line_1_41' title="bbox 1007 3529 1800 3607; baseline 0.003 -17"><span class='ocrx_word' id='word_1_259' title='bbox 1007 3529 1162 3590; x_wconf 90' lang='lat' dir='ltr'>humanis</span> <span class='ocrx_word' id='word_1_260' title='bbox 1176 3531 1341 3605; x_wconf 80' lang='lat' dir='ltr'>exempto,</span> <span class='ocrx_word' id='word_1_261' title='bbox 1359 3532 1431 3607; x_wconf 90' lang='lat' dir='ltr'>ejus</span> <span class='ocrx_word' id='word_1_262' title='bbox 1445 3531 1643 3606; x_wconf 86' lang='lat' dir='ltr'>procurator</span> <span class='ocrx_word' id='word_1_263' title='bbox 1656 3530 1697 3591; x_wconf 90' lang='lat' dir='ltr'>ad</span> <span class='ocrx_word' id='word_1_264' title='bbox 1717 3546 1800 3606; x_wconf 88' lang='lat' dir='ltr'>pro-</span> 
     </span>
     <span class='ocr_line' id='line_1_42' title="bbox 1008 3625 1797 3703; baseline 0.001 -16"><span class='ocrx_word' id='word_1_265' title='bbox 1008 3625 1093 3703; x_wconf 85' lang='lat' dir='ltr'>pria,</span> <span class='ocrx_word' id='word_1_266' title='bbox 1110 3641 1177 3687; x_wconf 84' lang='lat' dir='ltr'>non</span> <span class='ocrx_word' id='word_1_267' title='bbox 1196 3627 1399 3703; x_wconf 83' lang='lat' dir='ltr'>exspectata</span> <span class='ocrx_word' id='word_1_268' title='bbox 1425 3627 1601 3700; x_wconf 87' lang='lat' dir='ltr'>sententia,</span> <span class='ocrx_word' id='word_1_269' title='bbox 1626 3629 1797 3690; x_wconf 85' lang='lat' dir='ltr'>remeavit.</span> 
     </span>
     <span class='ocr_line' id='line_1_43' title="bbox 1007 3723 1800 3800; baseline 0.001 -16"><span class='ocrx_word' id='word_1_270' title='bbox 1007 3725 1116 3795; x_wconf 81' lang='lat' dir='ltr'>Quare</span> <span class='ocrx_word' id='word_1_271' title='bbox 1141 3725 1375 3800; x_wconf 85' lang='lat' dir='ltr'>procuratores</span> <span class='ocrx_word' id='word_1_272' title='bbox 1400 3723 1595 3786; x_wconf 85' lang='lat' dir='ltr'>monasterii</span> <span class='ocrx_word' id='word_1_273' title='bbox 1625 3725 1800 3786; x_wconf 86' lang='lat' dir='ltr'>memorati</span> 
     </span>
    </p>
   </div>
   <div class='ocr_carea' id='block_1_19' title="bbox 160 3819 1800 4385">
    <p class='ocr_par' dir='ltr' id='par_1_20' title="bbox 161 3819 1800 3899">
     <span class='ocr_line' id='line_1_44' title="bbox 161 3819 1800 3899; baseline -0.002 -14"><span class='ocrx_word' id='word_1_274' title='bbox 161 3824 301 3887; x_wconf 89' lang='lat' dir='ltr'>salutem</span> <span class='ocrx_word' id='word_1_275' title='bbox 316 3824 348 3885; x_wconf 90' lang='lat' dir='ltr'>et</span> <span class='ocrx_word' id='word_1_276' title='bbox 360 3821 584 3899; x_wconf 83' lang='lat' dir='ltr'>Apostolicam</span> <span class='ocrx_word' id='word_1_277' title='bbox 597 3819 872 3882; x_wconf 88' lang='lat' dir='ltr'>benedictionem.</span> <span class='ocrx_word' id='word_1_278' title='bbox 1007 3821 1104 3884; x_wconf 87' lang='lat' dir='ltr'>nobis</span> <span class='ocrx_word' id='word_1_279' title='bbox 1119 3821 1291 3883; x_wconf 90' lang='lat' dir='ltr'>humiliter</span> <span class='ocrx_word' id='word_1_280' title='bbox 1304 3820 1534 3897; x_wconf 87' lang='lat' dir='ltr'>supplicarunt</span> <span class='ocrx_word' id='word_1_281' title='bbox 1545 3822 1581 3884; x_wconf 91' lang='lat' dir='ltr'>ut</span> <span class='ocrx_word' id='word_1_282' title='bbox 1595 3823 1800 3899; x_wconf 90' lang='lat' dir='ltr'>compatien-</span> 
     </span>
    </p>

    <p class='ocr_par' dir='ltr' id='par_1_21' title="bbox 160 3915 1800 4385">
     <span class='ocr_line' id='line_1_45' title="bbox 204 3915 1798 3996; baseline -0.001 -15"><span class='ocrx_word' id='word_1_283' title='bbox 204 3923 309 3993; x_wconf 88' lang='lat' dir='ltr'>Quum</span> <span class='ocrx_word' id='word_1_284' title='bbox 329 3918 479 3996; x_wconf 90' lang='lat' dir='ltr'>pallium,</span> <span class='ocrx_word' id='word_1_285' title='bbox 495 3917 628 3993; x_wconf 83' lang='lat' dir='ltr'>insigne</span> <span class='ocrx_word' id='word_1_286' title='bbox 643 3915 797 3978; x_wconf 86' lang='lat' dir='ltr'>videlicet</span> <span class='ocrx_word' id='word_1_287' title='bbox 814 3915 952 3993; x_wconf 87' lang='lat' dir='ltr'>pontili-</span> <span class='ocrx_word' id='word_1_288' title='bbox 1007 3917 1220 3996; x_wconf 88' lang='lat' dir='ltr'>tesejusdem</span> <span class='ocrx_word' id='word_1_289' title='bbox 1237 3917 1430 3978; x_wconf 86' lang='lat' dir='ltr'>monasterii</span> <span class='ocrx_word' id='word_1_290' title='bbox 1445 3916 1614 3980; x_wconf 83' lang='lat' dir='ltr'>laboribus</span> <span class='ocrx_word' id='word_1_291' title='bbox 1624 3921 1657 3980; x_wconf 89' lang='lat' dir='ltr'>et</span> <span class='ocrx_word' id='word_1_292' title='bbox 1668 3933 1798 3995; x_wconf 85' lang='lat' dir='ltr'>expen-</span> 
     </span>
     <span class='ocr_line' id='line_1_46' title="bbox 161 4011 1799 4092; baseline -0.001 -12"><span class='ocrx_word' id='word_1_293' title='bbox 161 4018 244 4080; x_wconf 88' lang='lat' dir='ltr'>oalis</span> <span class='ocrx_word' id='word_1_294' title='bbox 272 4016 383 4088; x_wconf 86' lang='lat' dir='ltr'>officii,</span> <span class='ocrx_word' id='word_1_295' title='bbox 413 4031 458 4075; x_wconf 83' lang='lat' dir='ltr'>ex</span> <span class='ocrx_word' id='word_1_296' title='bbox 474 4014 579 4091; x_wconf 75' lang='lat' dir='ltr'>¹parte</span> <span class='ocrx_word' id='word_1_297' title='bbox 610 4012 812 4074; x_wconf 90' lang='lat' dir='ltr'>venerabilis</span> <span class='ocrx_word' id='word_1_298' title='bbox 840 4011 953 4074; x_wconf 78' lang='lat' dir='ltr'>fratris</span> <span class='ocrx_word' id='word_1_299' title='bbox 1008 4015 1066 4087; x_wconf 89' lang='lat' dir='ltr'>sis,</span> <span class='ocrx_word' id='word_1_300' title='bbox 1080 4014 1123 4075; x_wconf 88' lang='lat' dir='ltr'>ad</span> <span class='ocrx_word' id='word_1_301' title='bbox 1137 4014 1252 4091; x_wconf 92' lang='lat' dir='ltr'>-ipsius</span> <span class='ocrx_word' id='word_1_302' title='bbox 1273 4029 1383 4075; x_wconf 87' lang='lat' dir='ltr'>causae</span> <span class='ocrx_word' id='word_1_303' title='bbox 1398 4015 1600 4077; x_wconf 89' lang='lat' dir='ltr'>decisionem</span> <span class='ocrx_word' id='word_1_304' title='bbox 1620 4015 1799 4092; x_wconf 87' lang='lat' dir='ltr'>procedere</span> 
     </span>
     <span class='ocr_line' id='line_1_47' title="bbox 161 4108 1799 4188; baseline -0.001 -11"><span class='ocrx_word' id='word_1_305' title='bbox 161 4114 268 4177; x_wconf 86' lang='lat' dir='ltr'>nostri</span> <span class='ocrx_word' id='word_1_306' title='bbox 291 4111 481 4174; x_wconf 88' lang='lat' dir='ltr'>Bremensis</span> <span class='ocrx_word' id='word_1_307' title='bbox 509 4109 762 4186; x_wconf 89' lang='lat' dir='ltr'>archiepiscopi,</span> <span class='ocrx_word' id='word_1_308' title='bbox 793 4108 911 4171; x_wconf 81' lang='lat' dir='ltr'>suisset</span> <span class='ocrx_word' id='word_1_309' title='bbox 934 4125 953 4170; x_wconf 93' lang='lat' dir='ltr'>a</span> <span class='ocrx_word' id='word_1_310' title='bbox 1007 4111 1232 4188; x_wconf 81' lang='lat' dir='ltr'>dignaremur.</span> <span class='ocrx_word' id='word_1_311' title='bbox 1256 4111 1413 4172; x_wconf 90' lang='lat' dir='ltr'>Nolentes</span> <span class='ocrx_word' id='word_1_312' title='bbox 1441 4127 1521 4188; x_wconf 87' lang='lat' dir='ltr'>ergo</span> <span class='ocrx_word' id='word_1_313' title='bbox 1552 4113 1657 4188; x_wconf 87' lang='lat' dir='ltr'>ipsius</span> <span class='ocrx_word' id='word_1_314' title='bbox 1688 4129 1799 4176; x_wconf 86' lang='lat' dir='ltr'>causae</span> 
     </span>
     <span class='ocr_line' id='line_1_48' title="bbox 160 4205 1799 4288; baseline 0.001 -17"><span class='ocrx_word' id='word_1_315' title='bbox 160 4211 256 4274; x_wconf 90' lang='lat' dir='ltr'>nobis</span> <span class='ocrx_word' id='word_1_316' title='bbox 278 4225 337 4287; x_wconf 87' lang='lat' dir='ltr'>per</span> <span class='ocrx_word' id='word_1_317' title='bbox 350 4208 489 4270; x_wconf 89' lang='lat' dir='ltr'>dilectos</span> <span class='ocrx_word' id='word_1_318' title='bbox 512 4207 599 4270; x_wconf 87' lang='lat' dir='ltr'>tilios</span> <span class='ocrx_word' id='word_1_319' title='bbox 618 4210 656 4271; x_wconf 82' lang='lat' dir='ltr'>A·</span> <span class='ocrx_word' id='word_1_320' title='bbox 679 4205 802 4272; x_wconf 83' lang='lat' dir='ltr'>Montis</span> <span class='ocrx_word' id='word_1_321' title='bbox 823 4206 953 4271; x_wconf 84' lang='lat' dir='ltr'>Sanctae</span> <span class='ocrx_word' id='word_1_322' title='bbox 1008 4207 1209 4270; x_wconf 88' lang='lat' dir='ltr'>decisionem</span> <span class='ocrx_word' id='word_1_323' title='bbox 1233 4207 1359 4269; x_wconf 89' lang='lat' dir='ltr'>diutius</span> <span class='ocrx_word' id='word_1_324' title='bbox 1383 4209 1568 4285; x_wconf 89' lang='lat' dir='ltr'>prorogari,</span> <span class='ocrx_word' id='word_1_325' title='bbox 1585 4211 1799 4288; x_wconf 86' lang='lat' dir='ltr'>praesentium</span> 
     </span>
     <span class='ocr_line' id='line_1_49' title="bbox 160 4302 1800 4385; baseline 0.001 -16"><span class='ocrx_word' id='word_1_326' title='bbox 160 4308 277 4369; x_wconf 85' lang='lat' dir='ltr'>Mariae</span> <span class='ocrx_word' id='word_1_327' title='bbox 293 4307 326 4368; x_wconf 89' lang='lat' dir='ltr'>et</span> <span class='ocrx_word' id='word_1_328' title='bbox 341 4307 381 4366; x_wconf 92' lang='grc' dir='ltr'>Η.</span> <span class='ocrx_word' id='word_1_329' title='bbox 404 4303 517 4366; x_wconf 84' lang='lat' dir='ltr'>Sancti</span> <span class='ocrx_word' id='word_1_330' title='bbox 531 4302 684 4366; x_wconf 84' lang='lat' dir='ltr'>Anscarii</span> <span class='ocrx_word' id='word_1_331' title='bbox 697 4303 904 4380; x_wconf 86' lang='lat' dir='ltr'>praepositos,</span> <span class='ocrx_word' id='word_1_332' title='bbox 921 4304 954 4365; x_wconf 89' lang='lat' dir='ltr'>et</span> <span class='ocrx_word' id='word_1_333' title='bbox 1007 4305 1100 4367; x_wconf 85' lang='lat' dir='ltr'>robis</span> <span class='ocrx_word' id='word_1_334' title='bbox 1118 4304 1317 4366; x_wconf 84' lang='lat' dir='ltr'>auctoritate</span> <span class='ocrx_word' id='word_1_335' title='bbox 1340 4305 1551 4378; x_wconf 87' lang='lat' dir='ltr'>mandamus,</span> <span class='ocrx_word' id='word_1_336' title='bbox 1571 4307 1745 4385; x_wconf 85' lang='lat' dir='ltr'>quatenus,</span> <span class='ocrx_word' id='word_1_337' title='bbox 1770 4309 1800 4370; x_wconf 90' lang='lat' dir='ltr'>si</span> 
     </span>
    </p>
   </div>
   <div class='ocr_carea' id='block_1_20' title="bbox 63 4394 1798 4479">
    <p class='ocr_par' dir='ltr' id='par_1_22' title="bbox 63 4394 1798 4479">
     <span class='ocr_line' id='line_1_50' title="bbox 63 4394 1798 4479; baseline 0.001 -12"><span class='ocrx_word' id='word_1_338' title='bbox 63 4417 72 4422; x_wconf 85' lang='lat'>·</span> <span class='ocrx_word' id='word_1_339' title='bbox 159 4403 338 4479; x_wconf 86' lang='lat' dir='ltr'>magistros</span> <span class='ocrx_word' id='word_1_340' title='bbox 356 4404 412 4463; x_wconf 82' lang='lat' dir='ltr'>Ar.</span> <span class='ocrx_word' id='word_1_341' title='bbox 431 4401 464 4462; x_wconf 90' lang='lat' dir='ltr'>et</span> <span class='ocrx_word' id='word_1_342' title='bbox 484 4400 533 4460; x_wconf 78' lang='lat' dir='ltr'>nl.</span> <span class='ocrx_word' id='word_1_343' title='bbox 550 4398 730 4462; x_wconf 91' lang='lat' dir='ltr'>canonicos</span> <span class='ocrx_word' id='word_1_344' title='bbox 744 4401 951 4472; x_wconf 88' lang='lat' dir='ltr'>Bremenses,</span> <span class='ocrx_word' id='word_1_345' title='bbox 1007 4402 1067 4474; x_wconf 91' lang='lat' dir='ltr'>est,</span> <span class='ocrx_word' id='word_1_346' title='bbox 1083 4402 1137 4464; x_wconf 82' lang='lat' dir='ltr'>rel</span> <span class='ocrx_word' id='word_1_347' title='bbox 1158 4417 1256 4479; x_wconf 88' lang='lat' dir='ltr'>quam</span> <span class='ocrx_word' id='word_1_348' title='bbox 1282 4394 1348 4464; x_wconf 87' lang='lat' dir='ltr'>cito</span> <span class='ocrx_word' id='word_1_349' title='bbox 1369 4401 1470 4466; x_wconf 82' lang='lat' dir='ltr'>suerit</span> <span class='ocrx_word' id='word_1_350' title='bbox 1494 4403 1709 4466; x_wconf 71' lang='lat' dir='ltr'>ambianensi</span> <span class='ocrx_word' id='word_1_351' title='bbox 1735 4421 1798 4468; x_wconf 90' lang='lat' dir='ltr'>ec-</span> 
     </span>
    </p>
   </div>
   <div class='ocr_carea' id='block_1_21' title="bbox 146 4495 1800 5552">
    <p class='ocr_par' dir='ltr' id='par_1_23' title="bbox 146 4495 1800 5552">
     <span class='ocr_line' id='line_1_51' title="bbox 160 4495 1799 4577; baseline 0.002 -15"><span class='ocrx_word' id='word_1_352' title='bbox 160 4516 236 4562; x_wconf 88' lang='lat' dir='ltr'>cum</span> <span class='ocrx_word' id='word_1_353' title='bbox 249 4515 289 4560; x_wconf 90' lang='lat' dir='ltr'>ea</span> <span class='ocrx_word' id='word_1_354' title='bbox 304 4515 369 4576; x_wconf 87' lang='lat' dir='ltr'>qua</span> <span class='ocrx_word' id='word_1_355' title='bbox 384 4497 477 4560; x_wconf 87' lang='lat' dir='ltr'>decet</span> <span class='ocrx_word' id='word_1_356' title='bbox 489 4496 649 4559; x_wconf 88' lang='lat' dir='ltr'>instantia</span> <span class='ocrx_word' id='word_1_357' title='bbox 662 4495 875 4572; x_wconf 88' lang='lat' dir='ltr'>postulatum,</span> <span class='ocrx_word' id='word_1_358' title='bbox 892 4512 953 4558; x_wconf 91' lang='lat' dir='ltr'>uos</span> <span class='ocrx_word' id='word_1_359' title='bbox 1008 4499 1118 4561; x_wconf 86' lang='lat' dir='ltr'>clasiae</span> <span class='ocrx_word' id='word_1_360' title='bbox 1147 4498 1188 4560; x_wconf 90' lang='lat' dir='ltr'>de</span> <span class='ocrx_word' id='word_1_361' title='bbox 1221 4500 1354 4575; x_wconf 89' lang='lat' dir='ltr'>pastore</span> <span class='ocrx_word' id='word_1_362' title='bbox 1387 4501 1567 4577; x_wconf 80' lang='lat' dir='ltr'>provisum,</span> <span class='ocrx_word' id='word_1_363' title='bbox 1602 4502 1799 4566; x_wconf 86' lang='lat' dir='ltr'>auctoritate</span> 
     </span>
     <span class='ocr_line' id='line_1_52' title="bbox 161 4593 1800 4676; baseline 0.001 -18"><span class='ocrx_word' id='word_1_364' title='bbox 161 4599 235 4674; x_wconf 88' lang='lat' dir='ltr'>ejus</span> <span class='ocrx_word' id='word_1_365' title='bbox 268 4594 546 4674; x_wconf 88' lang='lat' dir='ltr'>postulationibus</span> <span class='ocrx_word' id='word_1_366' title='bbox 579 4593 774 4665; x_wconf 90' lang='lat' dir='ltr'>annuentes,</span> <span class='ocrx_word' id='word_1_367' title='bbox 809 4609 869 4669; x_wconf 89' lang='lat' dir='ltr'>per</span> <span class='ocrx_word' id='word_1_368' title='bbox 896 4608 952 4655; x_wconf 89' lang='lat' dir='ltr'>eos</span> <span class='ocrx_word' id='word_1_369' title='bbox 1008 4596 1121 4657; x_wconf 87' lang='lat' dir='ltr'>nostra</span> <span class='ocrx_word' id='word_1_370' title='bbox 1147 4597 1369 4672; x_wconf 90' lang='lat' dir='ltr'>peremptorie</span> <span class='ocrx_word' id='word_1_371' title='bbox 1405 4595 1589 4676; x_wconf 87' lang='lat' dir='ltr'>injungatis</span> <span class='ocrx_word' id='word_1_372' title='bbox 1618 4599 1737 4669; x_wconf 89' lang='lat' dir='ltr'>eidem,</span> <span class='ocrx_word' id='word_1_373' title='bbox 1763 4601 1800 4661; x_wconf 89' lang='lat' dir='ltr'>ut</span> 
     </span>
     <span class='ocr_line' id='line_1_53' title="bbox 161 4689 1800 4777; baseline 0.001 -21"><span class='ocrx_word' id='word_1_374' title='bbox 161 4693 271 4772; x_wconf 88' lang='lat' dir='ltr'>ipsum</span> <span class='ocrx_word' id='word_1_375' title='bbox 286 4693 473 4770; x_wconf 88' lang='lat' dir='ltr'>decerpere</span> <span class='ocrx_word' id='word_1_376' title='bbox 486 4691 574 4752; x_wconf 90' lang='lat' dir='ltr'>beati</span> <span class='ocrx_word' id='word_1_377' title='bbox 586 4689 964 4777; x_wconf 67' lang='lat' dir='ltr'>Petrisumptum,tibi,3</span> <span class='ocrx_word' id='word_1_378' title='bbox 1007 4691 1097 4752; x_wconf 80' lang='lat' dir='ltr'>inlra‘</span> <span class='ocrx_word' id='word_1_379' title='bbox 1109 4691 1191 4754; x_wconf 91' lang='lat' dir='ltr'>duos</span> <span class='ocrx_word' id='word_1_380' title='bbox 1204 4707 1348 4766; x_wconf 91' lang='lat' dir='ltr'>menses,</span> <span class='ocrx_word' id='word_1_381' title='bbox 1365 4695 1539 4771; x_wconf 88' lang='lat' dir='ltr'>postquam</span> <span class='ocrx_word' id='word_1_382' title='bbox 1554 4693 1587 4753; x_wconf 93' lang='lat' dir='ltr'>id</span> <span class='ocrx_word' id='word_1_383' title='bbox 1610 4694 1674 4754; x_wconf 92' lang='lat' dir='ltr'>sibi</span> <span class='ocrx_word' id='word_1_384' title='bbox 1697 4694 1800 4757; x_wconf 81' lang='lat' dir='ltr'>fuerit</span> 
     </span>
     <span class='ocr_line' id='line_1_54' title="bbox 162 4777 1799 4879; baseline 0 -27"><span class='ocrx_word' id='word_1_385' title='bbox 162 4789 204 4852; x_wconf 90' lang='lat' dir='ltr'>de</span> <span class='ocrx_word' id='word_1_386' title='bbox 227 4777 322 4868; x_wconf 89' lang='lat' dir='ltr'>cujus</span> <span class='ocrx_word' id='word_1_387' title='bbox 346 4787 642 4865; x_wconf 87' lang='lat' dir='ltr'>circumspectione</span> <span class='ocrx_word' id='word_1_388' title='bbox 672 4787 805 4864; x_wconf 88' lang='lat' dir='ltr'>planam</span> <span class='ocrx_word' id='word_1_389' title='bbox 827 4786 864 4847; x_wconf 91' lang='lat' dir='ltr'>in</span> <span class='ocrx_word' id='word_1_390' title='bbox 887 4787 964 4879; x_wconf 62' lang='lat' dir='ltr'>Do-;</span> <span class='ocrx_word' id='word_1_391' title='bbox 1006 4789 1193 4866; x_wconf 87' lang='lat' dir='ltr'>injunctum</span> <span class='ocrx_word' id='word_1_392' title='bbox 1203 4803 1227 4850; x_wconf 87' lang='lat' dir='ltr'>a</span> <span class='ocrx_word' id='word_1_393' title='bbox 1241 4789 1336 4851; x_wconf 85' lang='lat' dir='ltr'>robis</span> <span class='ocrx_word' id='word_1_394' title='bbox 1350 4805 1411 4866; x_wconf 89' lang='lat' dir='ltr'>per</span> <span class='ocrx_word' id='word_1_395' title='bbox 1421 4805 1468 4861; x_wconf 91' lang='lat' dir='ltr'>se,</span> <span class='ocrx_word' id='word_1_396' title='bbox 1485 4790 1541 4852; x_wconf 85' lang='lat' dir='ltr'>vel</span> <span class='ocrx_word' id='word_1_397' title='bbox 1566 4805 1799 4869; x_wconf 88' lang='lat' dir='ltr'>perprocura·</span> 
     </span>
     <span class='ocr_line' id='line_1_55' title="bbox 158 4879 1798 4963; baseline 0.001 -16"><span class='ocrx_word' id='word_1_398' title='bbox 158 4886 253 4958; x_wconf 60' lang='lat' dir='ltr'>,mino</span> <span class='ocrx_word' id='word_1_399' title='bbox 268 4883 423 4945; x_wconf 78' lang='lat' dir='ltr'>fiduciam</span> <span class='ocrx_word' id='word_1_400' title='bbox 439 4881 637 4953; x_wconf 87' lang='lat' dir='ltr'>obtinemus,</span> <span class='ocrx_word' id='word_1_401' title='bbox 658 4879 844 4957; x_wconf 84' lang='lat' dir='ltr'>dirigimus,</span> <span class='ocrx_word' id='word_1_402' title='bbox 861 4881 892 4942; x_wconf 89' lang='lat' dir='ltr'>ei</span> <span class='ocrx_word' id='word_1_403' title='bbox 910 4884 964 4941; x_wconf 66' lang='lat' dir='ltr'>ex*</span> <span class='ocrx_word' id='word_1_404' title='bbox 1007 4886 1112 4946; x_wconf 90' lang='lat' dir='ltr'>torem</span> <span class='ocrx_word' id='word_1_405' title='bbox 1147 4885 1302 4947; x_wconf 88' lang='lat' dir='ltr'>idoneum</span> <span class='ocrx_word' id='word_1_406' title='bbox 1337 4888 1529 4963; x_wconf 86' lang='lat' dir='ltr'>compareat</span> <span class='ocrx_word' id='word_1_407' title='bbox 1550 4902 1673 4948; x_wconf 88' lang='lat' dir='ltr'>-coram</span> <span class='ocrx_word' id='word_1_408' title='bbox 1703 4886 1798 4950; x_wconf 92' lang='lat' dir='ltr'>nobis</span> 
     </span>
     <span class='ocr_line' id='line_1_56' title="bbox 146 4934 1798 5064; baseline 0.002 -20"><span class='ocrx_word' id='word_1_409' title='bbox 146 4983 257 5060; x_wconf 87' lang='lat' dir='ltr'>parte</span> <span class='ocrx_word' id='word_1_410' title='bbox 271 5048 274 5054; x_wconf 64' lang='grc'><strong>,</strong></span> <span class='ocrx_word' id='word_1_411' title='bbox 287 4981 400 5043; x_wconf 86' lang='lat' dir='ltr'>nostra</span> <span class='ocrx_word' id='word_1_412' title='bbox 426 4977 570 5040; x_wconf 78' lang='lat' dir='ltr'>fideliter</span> <span class='ocrx_word' id='word_1_413' title='bbox 601 4977 849 5055; x_wconf 83' lang='lat' dir='ltr'>assignandum.</span> <span class='ocrx_word' id='word_1_414' title='bbox 870 4934 964 5059; x_wconf 63' lang='lat' dir='ltr'>Quo-I</span> <span class='ocrx_word' id='word_1_415' title='bbox 1006 4982 1204 5044; x_wconf 90' lang='lat' dir='ltr'>sententiam</span> <span class='ocrx_word' id='word_1_416' title='bbox 1230 4980 1415 5054; x_wconf 76' lang='lat' dir='ltr'>auditurus,</span> <span class='ocrx_word' id='word_1_417' title='bbox 1440 4982 1526 5064; x_wconf 84' lang='lat' dir='ltr'>quod</span> <span class='ocrx_word' id='word_1_418' title='bbox 1554 4983 1632 5046; x_wconf 92' lang='lat' dir='ltr'>inde</span> <span class='ocrx_word' id='word_1_419' title='bbox 1652 4983 1798 5048; x_wconf 78' lang='lat' dir='ltr'>feceritis</span> 
     </span>
     <span class='ocr_line' id='line_1_57' title="bbox 162 5064 1796 5158; baseline 0.002 -18"><span class='ocrx_word' id='word_1_420' title='bbox 162 5076 507 5150; x_wconf 80' lang='lat' dir='ltr'>circa&#39;lraternitatam</span> <span class='ocrx_word' id='word_1_421' title='bbox 520 5076 612 5137; x_wconf 91' lang='lat' dir='ltr'>tuam</span> <span class='ocrx_word' id='word_1_422' title='bbox 625 5091 796 5136; x_wconf 89' lang='lat' dir='ltr'>monemus</span> <span class='ocrx_word' id='word_1_423' title='bbox 816 5064 965 5148; x_wconf 76' lang='lat' dir='ltr'>attente,¹</span> <span class='ocrx_word' id='word_1_424' title='bbox 1007 5079 1102 5142; x_wconf 90' lang='lat' dir='ltr'>nobis</span> <span class='ocrx_word' id='word_1_425' title='bbox 1116 5095 1176 5158; x_wconf 84' lang='lat' dir='ltr'>per</span> <span class='ocrx_word' id='word_1_426' title='bbox 1190 5079 1323 5142; x_wconf 86' lang='lat' dir='ltr'>litteras</span> <span class='ocrx_word' id='word_1_427' title='bbox 1332 5083 1461 5143; x_wconf 77' lang='lat' dir='ltr'>uestram</span> <span class='ocrx_word' id='word_1_428' title='bbox 1474 5079 1616 5156; x_wconf 82' lang='lat' dir='ltr'>fideliter</span> <span class='ocrx_word' id='word_1_429' title='bbox 1634 5082 1796 5146; x_wconf 88' lang='lat' dir='ltr'>intiman-</span> 
     </span>
     <span class='ocr_line' id='line_1_58' title="bbox 160 5126 1794 5264; baseline 0.004 -27"><span class='ocrx_word' id='word_1_430' title='bbox 160 5191 223 5255; x_wconf 91' lang='lat' dir='ltr'>per</span> <span class='ocrx_word' id='word_1_431' title='bbox 230 5175 419 5252; x_wconf 72' lang='lat' dir='ltr'>apostolica</span> <span class='ocrx_word' id='word_1_432' title='bbox 434 5173 558 5250; x_wconf 87' lang='lat' dir='ltr'>scripta</span> <span class='ocrx_word' id='word_1_433' title='bbox 571 5172 776 5244; x_wconf 88' lang='lat' dir='ltr'>mandantes,</span> <span class='ocrx_word' id='word_1_434' title='bbox 790 5126 965 5264; x_wconf 62' lang='lat' dir='ltr'>quatenmf</span> <span class='ocrx_word' id='word_1_435' title='bbox 992 5177 1067 5249; x_wconf 87' lang='lat' dir='ltr'>tes,</span> <span class='ocrx_word' id='word_1_436' title='bbox 1085 5175 1276 5239; x_wconf 89' lang='lat' dir='ltr'>mandatum</span> <span class='ocrx_word' id='word_1_437' title='bbox 1288 5178 1436 5246; x_wconf 86' lang='lat' dir='ltr'>nostrum</span> <span class='ocrx_word' id='word_1_438' title='bbox 1453 5179 1500 5242; x_wconf 87' lang='lat' dir='ltr'>ita</span> <span class='ocrx_word' id='word_1_439' title='bbox 1515 5178 1657 5248; x_wconf 82' lang='lat' dir='ltr'>sollicite</span> <span class='ocrx_word' id='word_1_440' title='bbox 1671 5181 1794 5258; x_wconf 84' lang='lat' dir='ltr'>imple-</span> 
     </span>
     <span class='ocr_line' id='line_1_59' title="bbox 161 5265 1798 5351; baseline 0.005 -19"><span class='ocrx_word' id='word_1_441' title='bbox 161 5271 244 5332; x_wconf 92' lang='lat' dir='ltr'>illud</span> <span class='ocrx_word' id='word_1_442' title='bbox 260 5273 292 5333; x_wconf 90' lang='lat' dir='ltr'>ei</span> <span class='ocrx_word' id='word_1_443' title='bbox 304 5269 454 5347; x_wconf 87' lang='lat' dir='ltr'>assignes</span> <span class='ocrx_word' id='word_1_444' title='bbox 471 5267 532 5331; x_wconf 90' lang='lat' dir='ltr'>sub</span> <span class='ocrx_word' id='word_1_445' title='bbox 552 5268 657 5332; x_wconf 79' lang='lat' dir='ltr'>torma</span> <span class='ocrx_word' id='word_1_446' title='bbox 672 5283 771 5346; x_wconf 80' lang='lat' dir='ltr'>quam</span> <span class='ocrx_word' id='word_1_447' title='bbox 787 5267 847 5330; x_wconf 92' lang='lat' dir='ltr'>sub</span> <span class='ocrx_word' id='word_1_448' title='bbox 862 5265 964 5330; x_wconf 74' lang='lat' dir='ltr'>bulla*</span> <span class='ocrx_word' id='word_1_449' title='bbox 1007 5271 1085 5340; x_wconf 89' lang='lat' dir='ltr'>turi,</span> <span class='ocrx_word' id='word_1_450' title='bbox 1093 5272 1179 5350; x_wconf 83' lang='lat' dir='ltr'>quod</span> <span class='ocrx_word' id='word_1_451' title='bbox 1186 5287 1257 5334; x_wconf 90' lang='lat' dir='ltr'>non</span> <span class='ocrx_word' id='word_1_452' title='bbox 1265 5272 1402 5348; x_wconf 88' lang='lat' dir='ltr'>possitis</span> <span class='ocrx_word' id='word_1_453' title='bbox 1412 5273 1568 5350; x_wconf 87' lang='lat' dir='ltr'>redargui</span> <span class='ocrx_word' id='word_1_454' title='bbox 1580 5275 1686 5351; x_wconf 83' lang='lat' dir='ltr'>inboc</span> <span class='ocrx_word' id='word_1_455' title='bbox 1694 5277 1735 5339; x_wconf 90' lang='lat' dir='ltr'>de</span> <span class='ocrx_word' id='word_1_456' title='bbox 1743 5293 1798 5340; x_wconf 90' lang='lat' dir='ltr'>ne·</span> 
     </span>
     <span class='ocr_line' id='line_1_60' title="bbox 159 5332 1794 5449; baseline 0.003 -18"><span class='ocrx_word' id='word_1_457' title='bbox 159 5370 275 5431; x_wconf 88' lang='lat' dir='ltr'>nostra</span> <span class='ocrx_word' id='word_1_458' title='bbox 306 5367 367 5430; x_wconf 87' lang='lat' dir='ltr'>tibi</span> <span class='ocrx_word' id='word_1_459' title='bbox 397 5367 557 5429; x_wconf 89' lang='lat' dir='ltr'>mittimus</span> <span class='ocrx_word' id='word_1_460' title='bbox 591 5365 820 5438; x_wconf 87' lang='lat' dir='ltr'>interclusam,</span> <span class='ocrx_word' id='word_1_461' title='bbox 855 5365 888 5428; x_wconf 89' lang='lat' dir='ltr'>et</span> <span class='ocrx_word' id='word_1_462' title='bbox 911 5332 964 5437; x_wconf 65' lang='lat' dir='ltr'>ab!</span> <span class='ocrx_word' id='word_1_463' title='bbox 1006 5355 1546 5447; x_wconf 82' lang='lat' dir='ltr'>gligentia,relcontemptuQuod</span> <span class='ocrx_word' id='word_1_464' title='bbox 1555 5372 1584 5432; x_wconf 90' lang='lat' dir='ltr'>si</span> <span class='ocrx_word' id='word_1_465' title='bbox 1594 5389 1660 5434; x_wconf 94' lang='lat' dir='ltr'>non</span> <span class='ocrx_word' id='word_1_466' title='bbox 1669 5390 1794 5449; x_wconf 90' lang='lat' dir='ltr'>omnes,</span> 
     </span>
     <span class='ocr_line' id='line_1_61' title="bbox 159 5459 1796 5552; baseline 0.001 -22"><span class='ocrx_word' id='word_1_467' title='bbox 159 5465 276 5530; x_wconf 87' lang='lat' dir='ltr'>eodem</span> <span class='ocrx_word' id='word_1_468' title='bbox 302 5465 436 5526; x_wconf 91' lang='lat' dir='ltr'>nomine</span> <span class='ocrx_word' id='word_1_469' title='bbox 458 5464 581 5527; x_wconf 91' lang='lat' dir='ltr'>-nostro</span> <span class='ocrx_word' id='word_1_470' title='bbox 614 5463 675 5525; x_wconf 89' lang='lat' dir='ltr'>sub</span> <span class='ocrx_word' id='word_1_471' title='bbox 701 5462 819 5535; x_wconf 81' lang='lat' dir='ltr'>forma,</span> <span class='ocrx_word' id='word_1_472' title='bbox 854 5459 964 5541; x_wconf 78' lang='lat' dir='ltr'>quam¹</span> <span class='ocrx_word' id='word_1_473' title='bbox 1006 5465 1068 5528; x_wconf 91' lang='lat' dir='ltr'>etc.</span> <span class='ocrx_word' id='word_1_474' title='bbox 1085 5468 1202 5528; x_wconf 86' lang='lat' dir='ltr'>Datum</span> <span class='ocrx_word' id='word_1_475' title='bbox 1218 5465 1384 5538; x_wconf 85' lang='lat' dir='ltr'>Laterani,</span> <span class='ocrx_word' id='word_1_476' title='bbox 1401 5469 1670 5547; x_wconf 87' lang='lat' dir='ltr'>nonisjanuaril,</span> <span class='ocrx_word' id='word_1_477' title='bbox 1685 5473 1796 5552; x_wconf 84' lang='lat' dir='ltr'>ponti-</span> 
     </span>
    </p>
   </div>
   <div class='ocr_carea' id='block_1_22' title="bbox 159 5561 1511 5651">
    <p class='ocr_par' dir='ltr' id='par_1_24' title="bbox 159 5561 1511 5651">
     <span class='ocr_line' id='line_1_62' title="bbox 159 5561 1511 5651; baseline 0.001 -25"><span class='ocrx_word' id='word_1_478' title='bbox 159 5563 222 5627; x_wconf 91' lang='lat' dir='ltr'>sub</span> <span class='ocrx_word' id='word_1_479' title='bbox 237 5563 352 5626; x_wconf 88' lang='lat' dir='ltr'>eadem</span> <span class='ocrx_word' id='word_1_480' title='bbox 368 5561 458 5626; x_wconf 88' lang='lat' dir='ltr'>bulla</span> <span class='ocrx_word' id='word_1_481' title='bbox 471 5561 657 5638; x_wconf 81' lang='lat' dir='ltr'>dirigimus,</span> <span class='ocrx_word' id='word_1_482' title='bbox 678 5561 847 5624; x_wconf 81' lang='lat' dir='ltr'>fidelitatis</span> <span class='ocrx_word' id='word_1_483' title='bbox 864 5562 959 5651; x_wconf 49' lang='lat' dir='ltr'>reci·¹</span> <span class='ocrx_word' id='word_1_484' title='bbox 992 5564 1123 5633; x_wconf 84' lang='lat' dir='ltr'>‚fleatus</span> <span class='ocrx_word' id='word_1_485' title='bbox 1137 5562 1242 5634; x_wconf 82' lang='lat' dir='ltr'>nostri</span> <span class='ocrx_word' id='word_1_486' title='bbox 1258 5579 1346 5627; x_wconf 90' lang='lat' dir='ltr'>anno</span> <span class='ocrx_word' id='word_1_487' title='bbox 1361 5565 1511 5644; x_wconf 86' lang='lat' dir='ltr'>septimo.</span> 
     </span>
    </p>
   </div>
   <div class='ocr_carea' id='block_1_23' title="bbox 0 0 2145 6388">
    <p class='ocr_par' dir='ltr' id='par_1_25' title="bbox 0 0 2145 6388">
     <span class='ocr_line' id='line_1_63' title="bbox 0 0 2145 6388; baseline 0 0"><span class='ocrx_word' id='word_1_488' title='bbox 0 0 2145 6388; x_wconf 95' lang='lat' dir='ltr'> </span> 
     </span>
    </p>
   </div>
  </div>
 </body>
</html>
