4222 6374
146 313 207 382 153
763 315 991 390 emarcum.
1015 316 1092 378 um.
1115 315 1171 379 v1.
1730 325 1790 398 154.

144 477 319 558 presbyter
333 477 524 552 cardinalis,
535 477 614 540 tunc
626 473 825 554 apostolica
841 473 937 538 Sedis
972 475 1025 564 Ι01
1053 473 1221 538 ordinatio
1251 475 1429 554 pertinere.
1459 479 1543 552 Quia
1566 493 1647 558 ergo
1670 482 1787 546 eadem

143 573 939 654 10301000100010010000111110008010101000-
992 571 1172 646 abbatissa,
1186 574 1220 636 et
1239 588 1382 648 sorores,
1399 591 1490 652 spem
1505 578 1547 639 ad
1561 579 1787 655 provisionem

144 674 280 736 tolicam
295 674 489 744 destinarat,
505 671 567 735 tibi
582 670 762 749 prohibens
779 684 938 746 expresse
991 669 1095 742 tuam,
1112 671 1198 732 sicut
1212 671 1345 744 dicitur,
1368 675 1556 746 erexerunt,
1576 675 1704 738 firmam
1724 677 1788 740 ba·

145 787 189 834 ne
208 773 301 848 ipsos
316 771 441 848 absque
464 770 584 832 litteris
600 768 801 845 apostolicis
827 766 937 828 conti-
991 765 1107 830 bentes
1121 768 1287 840 fiduciam,
1303 769 1390 846 quod
1403 769 1464 832 sub
1479 771 1786 850 circumspectionis

145 868 302 930 nantibus
323 868 498 930 veritatem
518 867 699 943 reciperes,
723 864 796 924 sine
815 863 937 940 hujus·
991 862 1057 924 tuae
1073 880 1164 936 cura,
1182 865 1411 943 spiritualibus
1423 868 1456 929 et
1468 869 1707 944 temporalibus
1721 873 1787 934 de-

145 966 236 1028 modi
265 966 388 1028 litteris
420 963 587 1041 recepisti.
623 963 784 1024 Caeterum
817 961 849 1023 te
880 975 939 1036 per
992 959 1093 1022 beant
1107 961 1268 1039 prolicere
1282 963 1467 1025 institutis:
1488 951 1736 1040 monesterium,
1753 969 1787 1031 01

145 1080 279 1124 murum
303 1078 363 1140 pro
394 1062 491 1123 domo
520 1059 652 1124 Domini
676 1074 743 1120 non
767 1072 938 1136 opponens
992 1057 1100 1119 locum
1125 1059 1272 1135 ipsarum
1296 1059 1332 1121 in
1352 1060 1520 1137 predictis
1547 1061 1608 1123 tibi
1630 1063 1786 1126 duximus

146 1160 401 1222 ascendentibus
410 1158 649 1226 exadverso,et
657 1156 816 1218 remissus
827 1155 939 1232 injus·
993 1155 1273 1228 committendum,
1310 1156 1548 1219 discretionem·
1583 1160 1674 1222 tuam
1708 1177 1784 1224 mo-

145 1258 221 1320 titia
235 1257 433 1330 exhibenda,
450 1256 587 1319 Venetis
605 1252 840 1316 bannientibus
865 1251 937 1312 cle·
992 1253 1121 1326 nentes,
1151 1253 1184 1315 et
1209 1269 1269 1331 per
1295 1255 1519 1332 Apostolioam
1546 1257 1664 1321 Sedem
1690 1275 1787 1322 man·

145 1356 248 1425 ricos,
261 1355 297 1416 in
317 1355 567 1416 subversionem
576 1350 741 1414 libertatis
755 1349 938 1412 ecclesias·
992 1349 1121 1423 dantes,
1136 1351 1300 1427 quatenus
1311 1352 1347 1412 in
1359 1351 1412 1412 bis
1426 1353 1579 1414 omnibus
1594 1370 1708 1418 curam
1720 1373 1788 1420 mo-

145 1452 222 1514 tioae
236 1468 304 1514 non
315 1452 456 1525 resistis,
476 1451 533 1512 sed
556 1449 748 1511 dissimulas
761 1446 887 1524 potius;
904 1445 941 1507 nt
993 1447 1135 1509 nestorii
1153 1449 1327 1510 memorali
1348 1449 1502 1526 recipias,
1523 1452 1558 1512 01
1574 1453 1786 1528 regulariter,

145 1549 293 1614 videaris
308 1549 477 1611 societatis
489 1547 625 1610 occultae
637 1545 793 1621 scrupulo
804 1559 872 1604 non
883 1557 940 1603 ca·
993 1539 1182 1622 prudenter,
1199 1561 1259 1623 per
1269 1547 1303 1608 10
1317 1561 1357 1608 ac
1371 1545 1492 1610 trames
1506 1547 1634 1610 ordinis
1649 1550 1788 1616 11110111-
1887 1525 1898 1548 ⁸

144 1661 221 1708 rere
243 1667 251 1707 ε
273 1646 350 1707 dum
369 1645 545 1707 manifesto
568 1642 711 1706 facinori
734 1641 860 1702 desinis
875 1638 939 1699 ob·
994 1641 1073 1703 deas
1092 1657 1265 1716 exercere;
1284 1644 1331 1706 ita
1350 1643 1448 1720 quod,
1461 1645 1548 1706 siout
1562 1644 1601 1708 de
1620 1646 1652 1708 te
1669 1662 1790 1726 spera-

143 1744 250 1815 viare,
264 1743 368 1805 multa
379 1743 520 1826 insuper
534 1741 651 1802 contra
664 1737 843 1816 pastoralis
860 1735 939 1797 otil-
993 1740 1123 1812 verunt,
1145 1739 1315 1816 reperiant
1336 1739 1372 1800 in
1391 1740 1523 1814 effectu,
1539 1744 1572 1805 et
1590 1758 1610 1804 a
1631 1745 1698 1805 Deo
1717 1761 1795 1815 mes

145 1840 190 1902 cii
205 1839 351 1902 debitum
370 1840 438 1900 alia
460 1838 621 1909 reterens,
643 1851 717 1913 quae
737 1834 873 1910 longum
886 1849 942 1896 es·
994 1836 1106 1910 ritum,
1124 1852 1163 1897 ac
1178 1852 1198 1898 a
1212 1836 1308 1898 nobis
1323 1838 1460 1913 gratias,
1474 1853 1517 1900 ex
1529 1838 1662 1902 hoctibi
1673 1841 1788 1904 valeas

145 1938 197 2000 set
219 1937 439 2015 praesentibus
468 1937 642 1998 annotare.
664 1935 715 1994 Ne
738 1931 842 2008 igitur
859 1930 940 1991 tacti
994 1948 1200 2010 comparare.
1230 1934 1348 1994 Datum
1374 1934 1493 2007 Alatri,
1525 1937 1601 1998 XIV
1627 1936 1788 2000 kalendas

145 2034 260 2096 dolore
281 2035 391 2110 cordis
410 2033 612 2097 intrinsecus
627 2031 738 2092 dicere
755 2027 938 2105 compella·
990 2029 1090 2108 junii,
1107 2029 1319 2109 pontificatus
1334 2029 1439 2093 nostri
1457 2047 1546 2093 anno
1561 2033 1666 2096 sexto.

144 2131 433 2194 murzdelebimns
444 2130 611 2192 bominem
623 2143 720 2205 quem
734 2125 937 2200 creavimus;

145 2229 388 2292 fraternitatem
408 2229 500 2292 tuam
526 2240 701 2289 monemus
725 2225 758 2286 et
781 2223 941 2286 exhorta-

145 2343 222 2389 mur
235 2327 271 2388 in
282 2326 422 2388 Domino
432 2323 692 2403 perApostolica
705 2321 829 2398 scripta
844 2334 941 2380 man·

146 2425 263 2486 dantes
278 2425 439 2501 quatenus
455 2423 490 2482 in
505 2422 558 2482 bis
577 2422 611 2484 et
627 2421 662 2480 in
682 2419 758 2480 aliis
776 2418 809 2478 te
831 2416 940 2494 ipsum

145 2522 260 2585 taliter
274 2519 423 2596 corrigas
445 2520 479 2581 et
495 2518 660 2590 emendes,
676 2515 833 2577 insistens
846 2512 942 2574 solli-

147 2620 211 2680 cite
226 2617 336 2680 osdcio
351 2617 522 2694 pastorali,
540 2631 623 2693 opus
644 2613 705 2675 tibi
728 2612 940 2673 commissum

146 2717 342 2794 adimplens,
364 2719 400 2778 ut
418 2714 562 2775 securim
589 2711 805 2774 infructuosae
828 2707 941 2771 arbori

147 2829 314 2892 apponere
329 2827 395 2874 non
417 2825 591 2887 cogamur;
607 2809 735 2871 utinam
760 2807 870 2868 autem
893 2805 942 2867 sic

148 2911 335 2990 obJurgatio
350 2911 434 2982 haec,
458 2909 547 2971 circa
573 2906 816 2969 infructuosam
840 2903 941 2964 licul-

147 3025 245 3071 neam
275 3007 406 3079 foderit,
430 3006 507 3068 iimo
531 3003 749 3067 correctionis
778 2998 940 3080 apposito,

147 3106 236 3186 quod
250 3104 394 3167 fructum
406 3101 525 3165 afferat
536 3101 745 3178 requisitum,
763 3099 797 3160 et
816 3097 942 3159 succidi

146 3219 214 3264 non
248 3202 367 3264 debeat
400 3201 436 3261 in
471 3199 631 3261 futurum.
665 3197 785 3258 Datum
820 3195 940 3266 Alatri,

147 3303 207 3363 XV
221 3299 382 3362 kalendas
399 3297 487 3377 junii
505 3295 718 3375 pontificatus
731 3293 838 3356 nostri
852 3307 941 3354 anno

145 3399 254 3460 001110.

451 3632 640 3722 CLXXIX

210 3787 432 3852 1000001010
451 3789 492 3848 rte
510 3788 633 3848 8101100
647 3783 885 3846 Ctsterctcasts

475 3883 619 3944 ordinis.

433 4013 468 4072 la
482 4011 550 4070 maii
569 4011 648 4070 1111.

299 4137 453 4204 [Maurique
465 4135 533 4188 111111.
545 4133 659 4192 Cistena,
673 4131 715 4193 lv,
728 4131 796 4194 loo]

150 4265 253 4326 Abbati
269 4264 306 4321 de
321 4262 438 4332 sichen,
452 4259 646 4319 visitationem
667 4265 695 4316 et
710 4270 809 4314 euram
828 4269 944 4312 monas·

185 4355 249 4412 terii
266 4351 432 4411 monialium
443 4349 479 4407 (10
494 4347 579 4406 Sacra
591 4345 673 4406 Valle
688 4343 884 4404 cisterciensis
897 4357 943 4399 or-

186 4443 260 4500 dinis
275 4441 303 4497 in
318 4437 511 4514 spiritualibus
525 4441 553 4492 et
567 4431 771 4506 temporalibus
783 4431 943 4489 committit.

191 4573 326 4638 Dilectae
341 4575 377 4635 in
392 4571 523 4634 Christo
545 4568 635 4640 liliae,
655 4565 823 4628 abbatissa
843 4564 877 4625 et
891 4579 947 4624 so-

150 4689 245 4737 rores
258 4673 298 4734 de
312 4673 414 4733 Sacra
423 4669 519 4733 Valle
533 4662 763 4728 Cisterciensis
777 4657 943 4740 [ordinis],

151 4772 248 4835 nobis
263 4769 434 4831 humiliter
446 4763 686 4842 supplicarunt,
703 4760 740 4848 ut
752 4774 867 4822 earum
880 4773 946 4819 mo·

151 4869 335 4932 naslerium
350 4861 546 4934 visitationi,
563 4861 597 4921 et
616 4855 845 4927 sollicitudini,
866 4869 947 4915 nec-

152 4981 220 5028 non
237 4965 272 5027 et
289 4966 355 5026 tuae
375 4958 586 5038 dispositioni
606 4957 641 5018 in
657 4952 898 5034 spiritualibus,
914 4950 948 5013 et

151 5060 389 5140 temporalibus
411 5055 616 5121 committere
642 5053 872 5129 dignaremur3
898 5049 946 5110 ita

153 5160 253 5222 etiam
264 5159 300 5219 ut
309 5158 351 5219 ad
365 5157 398 5218 te
408 5152 527 5216 debeat
538 5164 756 5230 personarum
767 5145 943 5218 institutio,

190 5343 232 5418 (l)
248 5346 332 5402 Petro
347 5339 533 5402 decorbolio.

1310 2406 1478 2494 CLXXX

995 2565 1048 2625 Art
1059 2565 1218 2637 Patriam,
1233 2559 1467 2630 senonensem
1483 2569 1788 2644 archepiscopum.
1899 2581 1903 2587 ·

1284 2705 1318 2762 19
1332 2706 1401 2763 maii
1417 2707 1497 2764 1222.

1044 2826 1179 2892 [bouquet
1192 2827 1266 2885 ibid,
1281 2841 1308 2892 p.
1320 2826 1384 2956 f⁷2&
1396 2827 1538 2972 {isagsstlib
1547 2828 1586 2889 Vl,
1598 2829 1672 2896 epist.
1686 2830 1743 2890 ³78,

1332 2912 1387 2956 oria
1446 2944 1451 2954 .

997 3020 1113 3081 blandai
1140 3021 1166 3079 ei
1186 3022 1329 3080 Honorius
1344 3030 1385 3092 ut,
1405 3022 1526 3094 pecunia
1549 3031 1647 3083 mutuo
1661 3033 1788 3102 sumpta,

1080 3125 1191 3168 moram
1205 3110 1350 3168 vicesima
1360 3110 1530 3185 colligenda
1550 3121 1712 3186 praevertat.
1796 3188 1798 3196 Α

1036 3246 1203 3309 Honorius
1231 3247 1457 3323 episcopus...,
1474 3248 1662 3311 venerabili
1692 3249 1789 3314 tratri

999 3344 1184 3406 senonensi
1193 3343 1444 3422 archiepiscopo
1454 3342 1555 3424 (1),A.
1564 3344 1659 3408 Sedis
1667 3345 1788 3425 legato,

998 3443 1149 3514 salutem,
1166 3443 1230 3503 etc.
1634 3443 1637 3450 '

994 3577 998 3582 -
1038 3542 1118 3601 Gurn
1153 3539 1313 3602 vicesima
1346 3537 1533 3616 colligenda
1565 3541 1677 3618 colligi
1717 3544 1801 3606 sine¹

999 3652 1092 3698 mora
1129 3651 1195 3698 non
1228 3636 1354 3712 possit,
1389 3641 1422 3698 01
1448 3652 1542 3699 mora
1571 3637 1670 3700 valde
1699 3642 1792 3716 peri-

1000 3735 1114 3797 culosa
1145 3733 1190 3795 sit
1217 3733 1283 3810 ipsi
1311 3732 1461 3809 negorio,
1490 3735 1705 3809 praesentium
1729 3737 1790 3800 tibi

999 3830 1196 3894 auctoritate
1211 3830 1419 3898 mandamus,
1436 3829 1598 3906 quatenus
1612 3831 1790 3907 pecuniam

1000 3928 1142 3991 dandam
1159 3926 1398 4004 stipendiariis,
1408 3927 1534 3999 mutuo,
1549 3927 1621 3989 sine
1631 3919 1792 3994 dilatione

1000 4025 1155 4103 recipias,
1176 4024 1210 4086 01
1223 4022 1376 4085 fidelibus
1395 4039 1455 4100 pro
1477 4023 1637 4102 jamdicto
1657 4029 1791 4103 negotio
1859 4045 1861 4048 ·

1001 4121 1246 4186 decertantibus
1267 4120 1461 4183 festinatum
1483 4136 1688 4197 succursum,
1704 4125 1792 4188 sicut

1001 4237 1056 4283 res
1076 4220 1191 4297 exigit,
1221 4219 1355 4281 studeas
1385 4219 1568 4291 destinare,
1601 4221 1803 4298 hujusmodi·

1002 4317 1147 4380 debitum
1164 4316 1333 4378 soluturus
1348 4315 1388 4378 de
1403 4315 1561 4378 vicesima
1574 4317 1707 4380 interim
1720 4320 1803 4382 col-·

1000 4416 1144 4492 ligenda.
1160 4415 1230 4475 Nos
1255 4414 1365 4474 autern
1380 4413 1424 4481 te,
1447 4429 1487 4475 ac
1503 4413 1579 4475 illos
1593 4415 1649 4492 qui
1670 4415 1712 4478 ad
1728 4417 1793 4480 boc

1000 4515 1149 4575 mutuum
1158 4510 1321 4583 dederint,
1331 4510 1372 4571 de
1384 4509 1543 4572 vicesima
1553 4511 1624 4589 ipsa
1639 4514 1802 4586 collecta,

999 4611 1052 4672 vel
1065 4609 1173 4672 adbuc
1187 4608 1322 4686 propter
1334 4607 1397 4669 hoc
1412 4607 1610 4685 colligenda,
1619 4611 1804 4674 indemnes·
1865 4623 1872 4631 “

1000 4723 1135 4770 servare
1172 4705 1373 4778 curabimus,
1409 4706 1550 4768 Domino
1578 4707 1791 4771 concedente.

1001 4799 1120 4867 Datum
1141 4803 1260 4877 alatri,
1281 4805 1356 4864 XIV
1371 4803 1439 4864 kal.
1461 4801 1562 4880 junii,
1580 4818 1667 4865 anno
1682 4805 1790 4866 sexto.

1040 4946 1415 5008 [conmemoratione
1442 4943 1644 5005 Bituricensi
1660 4915 1805 5037 archia-L
1873 4937 1875 4942 ’

1000 5044 1136 5122 piscopo
1148 5043 1182 5105 01
1195 5040 1350 5105 Remensi
1365 5039 1627 5118 archiepiscopo,
1641 5043 1680 5103 A.
1696 5045 1729 5104 S.
1743 5044 1795 5105 le-

1000 5141 1098 5218 gatis.
