4262 6382
351 223 418 290 747

299 375 300 382 '
355 387 463 449 manis
478 386 689 464 pontificibus
704 387 812 448 ordini
829 389 938 450 vestro
956 401 1144 460 concessas,

354 501 498 547 necnon
513 483 684 546 libertates
704 485 738 546 et
758 484 986 560 exemptiones
1002 485 1145 546 saecula-

352 583 439 644 rium
455 581 667 643 exactionum
688 597 707 642 a
722 581 856 656 regibus
878 583 911 642 et
925 581 1143 658 principibus

352 681 406 742 vel
426 680 503 740 aliis
527 677 681 739 fidelibus
704 678 949 740 rationabiliter
972 677 1066 739 vobis
1093 679 1147 738 iu-

352 779 472 849 dultas,
486 777 684 837 auctoritate
698 775 792 836 vobis
808 776 997 852 apostolica
1022 775 1147 836 contir-

353 891 481 936 mamus
501 875 533 934 et
550 872 723 949 praesentis
735 873 849 949 scripti
863 872 1040 949 privilegio
1056 887 1148 933 com·

353 973 532 1032 munimus.
550 969 765 1030 Deceruimus
776 985 855 1046 ergo
872 972 907 1030 ut
918 970 1000 1030 nulli
1012 969 1146 1030 omnino

354 1069 526 1130 hominum
570 1067 670 1128 liceat
703 1065 876 1143 praefatum
910 1067 1146 1128 monasterium

353 1167 478 1228 temere
498 1162 707 1241 perturbare,
736 1165 793 1225 aut
821 1167 893 1240 ejus
919 1164 1147 1240 possessiones

355 1263 498 1330 auferre,
521 1262 574 1321 vel
597 1260 724 1322 ablatas
741 1259 888 1322 retinere
907 1262 965 1322 aut
984 1261 1145 1331 minuere,

356 1375 418 1421 seu
436 1357 637 1436 quibuslibet
656 1356 889 1418 vexationibus
909 1358 1072 1434 fatigare:
1090 1356 1147 1418 sed

356 1456 467 1517 omnia
494 1456 623 1530 integra
652 1455 912 1526 conserventur,
939 1469 1054 1516 eorum
1088 1469 1148 1530 pro

354 1566 493 1630 quorum
509 1551 749 1626 gubernatione
760 1550 793 1611 et
807 1551 1048 1612 sustentatione
1063 1565 1147 1610 con·

354 1664 448 1710 cessa
474 1649 574 1720 sunt,
601 1647 716 1708 usibus
740 1647 938 1709 omnimodis
961 1646 1145 1724 profutura,

355 1747 448 1806 salva
465 1745 559 1806 Sedis
574 1745 773 1822 Apostolicae
792 1744 1002 1806 auctoritate.
1030 1744 1064 1804 Si
1084 1758 1148 1820 qua

354 1845 458 1920 igitur
472 1843 507 1903 in
523 1841 670 1903 sutrinum
683 1841 910 1903 ecclesiastica
934 1840 1148 1902 saecularisve

355 1955 497 2018 persona
524 1939 611 2000 hanc
640 1939 762 2000 nostrae
787 1937 1034 1999 constitutionis
1054 1937 1151 2013 pagi-

355 2053 432 2098 nam
448 2036 570 2107 sciens,
586 2037 701 2096 contra
720 2050 793 2095 eam
810 2036 935 2096 temere
947 2034 1063 2094 venire
1076 2035 1151 2095 teu·

355 2133 488 2199 taverit,
510 2132 656 2193 secundo
680 2133 819 2194 tertiove
841 2130 1053 2202 commonita,
1083 2129 1149 2190 nisi

356 2230 485 2292 reatum
520 2243 617 2290 suum
648 2243 795 2304 congrua
820 2227 1049 2289 satisfactione
1075 2241 1151 2288 cor-

357 2327 493 2398 rexerit,
523 2326 696 2402 potestatis
725 2325 928 2402 honorisque
953 2324 1007 2385 sui
1037 2325 1152 2384 careat

357 2424 528 2500 dignitate,
555 2437 712 2499 reamque
735 2437 772 2483 se
794 2423 908 2483 divino
928 2421 1056 2499 judicio
1074 2420 1150 2482 exi-

357 2523 445 2582 stere
459 2520 499 2582 de
514 2520 702 2597 perpetrata
718 2519 894 2596 iniquitate
909 2518 1102 2594 cognoscat,
1117 2518 1149 2577 et

358 2634 378 2679 a
402 2617 628 2679 sacratissimo
645 2630 784 2694 corpore
806 2618 839 2677 et
858 2615 1021 2692 sauguine
1045 2614 1103 2676 Dei
1119 2617 1152 2676 et

357 2713 488 2776 Domini
519 2713 748 2789 Redemptoris
780 2713 886 2773 nostri
920 2714 1002 2774 Jesu
1026 2710 1149 2771 Christi

358 2811 469 2874 aliena
498 2810 577 2882 flat,
614 2811 712 2887 atque
748 2810 783 2870 in
822 2810 972 2871 extremo
998 2807 1152 2869 examine

357 2909 517 2970 districtae
535 2908 654 2968 ultioni
679 2907 859 2984 subjaceat.
883 2905 1017 2968 Cunctis
1041 2905 1151 2966 autem

358 3007 465 3067 eidem
491 3006 565 3066 loco
591 3019 651 3065 sua
673 3007 752 3080 jura
781 3002 992 3066 servantibus
1019 3002 1062 3064 sit
1085 3015 1153 3078 pax

358 3103 490 3166 Domini
505 3101 610 3164 nostri
624 3104 703 3164 Jesu
719 3101 852 3172 Christi,
868 3101 1030 3176 quatenus
1050 3099 1083 3160 et
1098 3098 1152 3158 bic

359 3201 502 3262 fluctum
516 3199 613 3261 bonae
632 3198 773 3259 actionis
796 3197 991 3275 percipiant,
1009 3197 1042 3258 et
1065 3195 1151 3272 apud

359 3298 545 3360 districtum
567 3295 715 3372 judicem
741 3293 879 3371 praemia
907 3293 1041 3354 aeternae
1061 3292 1153 3368 pacis

359 3393 542 3455 inveniant.
560 3396 677 3452 Amen.

400 3491 518 3552 Datum
539 3488 716 3559 Laterani,
747 3503 807 3565 per
834 3503 969 3548 manum
1000 3485 1153 3562 magistri

361 3587 532 3659 (luidonis
550 3601 643 3664 papae
661 3583 794 3656 notarii,
819 3587 893 3645 XIV
908 3583 975 3645 kal.
991 3583 1151 3660 januarii,

361 3685 541 3746 indictione
568 3685 666 3754 XIII,
700 3681 943 3744 incarnationis
974 3679 1153 3742 Dominicae

359 3799 447 3846 anno
467 3783 665 3853 MCCXXIV,
691 3780 900 3857 pontificatus
921 3793 1002 3840 vero
1028 3777 1152 3840 domini

360 3897 454 3960 papae
470 3881 515 3942 lli
532 3895 620 3942 anno
638 3893 736 3940 nono.

731 4171 782 4256 LI

360 4354 411 4414 Ad
422 4349 540 4412 Savrctt
550 4349 699 4422 Remigii
708 4347 742 4408 et
756 4347 991 4408 deMocherits
1003 4344 1151 4415 abbates,

407 4448 587 4510 detrectetis
602 4445 635 4506 et
650 4445 888 4504 Atrebateoste
907 4446 1102 4504 dioecesum.

621 4585 656 4642 20
670 4581 800 4640 decemb.
817 4583 894 4640 lant.

359 4721 453 4784 [fonds
470 4720 582 4775 bloreau,
601 4721 620 4769 t.
634 4715 813 4774 llutxxxlh,
826 4729 852 4780 p.
864 4715 904 4772 88,
921 4713 985 4765 hibi.
995 4712 1151 4776 Nationnle.]

375 4845 491 4906 blandai
503 4853 534 4903 ut
548 4848 709 4902 convocent
726 4839 881 4914 capitulum
894 4838 974 4911 juxta
989 4837 1133 4894 decretum

609 4929 727 4989 Concilll
743 4927 897 5002 generalis.

397 5059 564 5122 Honorius
575 5057 888 5133 episcopusservus
898 5067 1069 5125 servorum
1080 5051 1148 5124 Dei,

355 5157 486 5221 dilectis
496 5152 731 5216 filiis...Sancti
739 5149 881 5226 Remigii
893 5149 1066 5212 Remensis
1079 5151 1148 5210 et...

354 5259 396 5319 de
410 5251 591 5316 Macheriis
606 5249 834 5311 atrebatensis
848 5247 1002 5307 dioecesis
1017 5244 1150 5307 abbati-

353 5356 426 5425 bus,
440 5349 580 5412 salutem
596 5349 628 5408 et
638 5347 861 5424 Apostolicam
872 5343 1147 5405 benedictionem.

394 5447 599 5526 Sapientiam
614 5461 688 5522 quae
709 5459 753 5505 ex
767 5459 825 5505 ore
844 5441 954 5519 prodit
973 5440 1147 5512 Altissimi,

354 5552 448 5627 cujus
458 5543 589 5607 deliciae
603 5541 681 5604 sunt
695 5555 769 5604 esse
784 5555 857 5602 cum
874 5538 952 5600 illlis
963 5537 1146 5608 hominum,

974 229 1151 290 HONORII
1173 231 1218 292 111
1240 231 1388 290 OPERA.
1482 255 1491 262 ·
1651 220 1656 241 ‘
1941 225 2004 290 748'

1200 389 1361 450 intereos
1383 386 1550 457 habitura,
1568 387 1603 447 in
1625 385 1698 462 ipso
1723 386 1787 447 sibi
1802 387 1996 463 paradisum

1199 483 1380 560 voluptatis
1415 483 1577 560 plautavit
1611 483 1804 555 claustrum,
1838 483 1997 546 videlicet

1200 581 1415 655 regularium,
1441 581 1563 657 inquo
1592 581 1702 657 posuit
1727 579 1893 651 homines,
1917 597 1997 657 quos

1200 678 1412 747 formaverat,
1425 681 1496 754 jam
1518 693 1585 738 non
1610 677 1707 754 primi
1728 675 1807 738 Adae
1827 679 1996 754 portantes

1201 774 1392 850 imaginem,
1410 773 1467 834 sed
1484 773 1632 845 secundi,
1650 777 1682 836 et
1698 773 1901 834 benedicens
1914 775 1946 834 ei
1961 776 1998 835 de

1201 887 1277 932 rore
1292 872 1379 943 coeli,
1395 875 1431 933 ut
1443 871 1543 932 tiores
1559 871 1670 932 odoris
1686 873 1720 932 et
1734 871 1860 932 fructus
1875 871 1999 932 hones·

1202 969 1279 1030 tatis
1295 968 1467 1045 proferret,
1483 968 1570 1029 sicut
1582 983 1663 1043 ager
1676 969 1804 1045 plenus,
1818 969 1873 1030 cui
1887 970 1998 1028 Domi·
2073 1043 2074 1050 ἵ

1203 1081 1266 1125 nus
1282 1065 1452 1126 benedixit
1464 1066 1573 1141 ipsum
1587 1067 1683 1127 vario
1705 1081 1827 1142 genere
1841 1065 1997 1126 arborum
2073 1051 2074 1132 l

1202 1163 1235 1224 et
1255 1162 1433 1224 herbarum
1455 1162 1675 1224 redolentium
1692 1163 1868 1234 consitum,
1887 1165 1996 1223 Bene·
2073 1139 2074 1218 f

1202 1259 1301 1332 dicte,
1317 1259 1476 1320 Dominus
1494 1259 1667 1321 benedicto
1682 1259 1820 1321 tradidit
1838 1260 1998 1321 excolen-

1203 1357 1289 1417 dam.
1307 1357 1369 1429 Qui
1389 1359 1461 1433 ejus
1476 1371 1557 1417 cura
1573 1359 1737 1433 suscepta,
1755 1372 1797 1417 ne
1818 1357 1860 1418 ad
1877 1357 1996 1418 devas-

1201 1455 1338 1516 tandum
1354 1454 1447 1514 illum
1462 1455 1596 1530 possent
1613 1453 1743 1530 ingredi
1755 1453 1853 1515 malae
1867 1454 1994 1526 bestia,

1203 1553 1338 1628 aparte
1364 1551 1511 1627 capituli,
1536 1552 1641 1612 veluti
1665 1551 1828 1613 Orientali
1849 1553 1993 1629 justitia,

1203 1650 1236 1710 et
1255 1664 1274 1709 a
1298 1648 1483 1709 meridiana
1504 1647 1673 1709 refectorii
1693 1650 1919 1725 temperantia
1940 1665 1997 1710 nec

1204 1761 1270 1808 non
1287 1745 1328 1807 ab
1344 1745 1541 1806 occidentali
1557 1745 1652 1822 quasi
1671 1744 1837 1807 forinseca
1859 1746 1995 1807 fortitu-

1204 1843 1292 1911 dine,
1317 1841 1420 1903 acab
1444 1842 1609 1919 aquilone,
1637 1858 1741 1920 aquo
1764 1843 1891 1904 malum
1916 1859 1996 1920 pan-

1204 1940 1294 2002 ditur
1309 1955 1410 2015 super
1427 1939 1562 2010 terram,
1580 1939 1767 2015 prudentia,
1785 1941 1884 2017 quasi
1898 1941 1997 2000 muris

1205 2037 1404 2096 firmissimis
1426 2021 1651 2098 communivit.
1669 2037 1717 2098 hd
1732 2038 1909 2098 valvarum
1927 2053 1998 2098 cus-

1204 2133 1328 2196 todiam
1344 2133 1506 2210 deputans
1519 2133 1673 2196 timorem
1684 2134 1788 2196 divini
1800 2135 1958 2202 nominis,
1969 2136 1999 2194 et

1205 2246 1363 2303 amorem,
1380 2231 1478 2292 editis
1502 2231 1536 2291 in
1554 2247 1593 2292 eo
1609 2231 1705 2292 modo
1720 2231 1867 2303 vivendi,
1889 2233 1923 2292 et
1942 2247 1995 2292 re-

1205 2327 1377 2404 gularibus
1401 2328 1573 2390 institutis.
1598 2327 1723 2400 Quibus
1743 2329 1777 2388 in
1800 2328 1919 2389 eodem
1939 2327 1996 2387 fir·

1206 2426 1303 2487 miter
1327 2424 1523 2496 observatis
1548 2425 1653 2502 ipsius
1673 2424 1809 2487 arbores
1833 2425 1997 2500 multipli-
2076 2429 2077 2436 ’

1206 2524 1289 2585 citer
1302 2524 1532 2593 excreverunt,
1557 2523 1771 2585 extendentes
1793 2538 1907 2584 ramos
1924 2539 1997 2583 suos

1206 2619 1376 2697 usquead
1405 2619 1557 2681 ultimum
1585 2621 1696 2688 terrae,
1732 2636 1772 2681 ac
1809 2621 1995 2697 operientes

1206 2718 1306 2778 etiam
1333 2717 1449 2779 cedros
1483 2716 1602 2778 Libani
1636 2717 1845 2793 protulerunt
1873 2717 1997 2778 fructus
2077 2708 2078 2794 ξ

1207 2814 1458 2891 pulcherrimos,
1476 2817 1509 2876 et
1522 2830 1654 2876 suaves.
1671 2817 1816 2886 Quorum
1830 2815 1934 2876 odore
1948 2815 1997 2874 his
2077 2799 2078 2842 ἢ

1207 2911 1325 2988 quibus
1340 2911 1499 2973 Dominus
1513 2912 1553 2973 de
1564 2913 1663 2973 terrae
1679 2912 1881 2988 pinguedine
1896 2913 1997 2972 bene-

1207 3008 1348 3080 dixerat,
1366 3010 1460 3070 extra
1477 3009 1584 3084 ipsum
1601 3008 1790 3085 paradisum
1811 3010 1912 3086 positi
1927 3008 1998 3069 sunt

1207 3105 1334 3177 relecti,
1351 3107 1382 3168 et
1400 3105 1549 3182 deposita
1565 3106 1697 3168 sarcina
1713 3106 1928 3178 camelorum,
1945 3105 1996 3166 di-

1208 3202 1385 3279 missisque
1409 3203 1514 3275 soliis,
1540 3203 1573 3266 et
1601 3203 1726 3265 divitiis
1749 3203 1995 3280 temporalibus,

1207 3314 1281 3360 cum
1295 3299 1396 3360 multa
1410 3299 1596 3362 humilitate
1612 3300 1647 3361 in
1659 3301 1774 3362 eodem
1790 3299 1997 3378 postularunt
2078 3295 2079 3352 ἶ

1207 3396 1348 3465 admitti,
1364 3396 1481 3457 salutis
1497 3396 1630 3458 divitias
1649 3397 1831 3474 recepturi;
1844 3397 1996 3474 quoniam
2078 3449 2079 3454 ,

1208 3493 1383 3569 sapientia,
1398 3495 1432 3554 et
1446 3494 1596 3565 scientia,
1612 3495 1713 3556 timor
1725 3495 1868 3566 Domini,
1885 3495 1997 3572 etipse

1207 3590 1384 3652 thesaurus
1395 3593 1479 3667 ejus.
1492 3591 1631 3652 Vivente
1647 3591 1682 3651 in
1693 3607 1731 3652 eo
1743 3591 1886 3668 denique
1897 3595 1997 3652 Bene-

1209 3687 1307 3758 dicto,
1325 3703 1383 3762 per
1396 3689 1575 3763 regularia,
1591 3704 1664 3764 quae
1677 3688 1827 3750 ediderat
1838 3689 1995 3758 instituta,

1208 3784 1306 3846 vinea
1324 3787 1395 3862 ejus
1422 3799 1498 3846 rore
1524 3785 1600 3846 coeli
1628 3785 1774 3861 perlusa,
1804 3785 1837 3848 et
1859 3786 1995 3861 irrigata

1209 3881 1450 3958 quadripartito
1461 3881 1598 3943 flumine
1612 3883 1859 3958 scripturarum
1876 3883 1995 3953 dormi,

1209 3980 1242 4040 et
1255 3978 1346 4041 dedit
1358 3979 1494 4040 odorem
1509 3995 1616 4051 suum,
1634 3979 1789 4056 cultuque
1800 3981 1942 4056 justitiae
1957 3981 1997 4042 te·

1209 4077 1308 4138 nente
1332 4075 1501 4138 silentium
1526 4077 1671 4152 operarii
1695 4080 1768 4152 ejus
1790 4075 1947 4138 sederunt
1966 4076 1996 4136 in

1209 4173 1454 4251 pulchritudine
1474 4173 1577 4250 pacis,
1600 4173 1685 4235 etin
1704 4173 1797 4250 regia
1820 4174 1995 4251 opulentia.

1207 4273 1250 4333 At
1264 4271 1319 4332 ubi
1335 4271 1434 4348 coepit
1446 4270 1636 4332 divitiarum
1646 4269 1851 4332 torrentibus
1866 4268 1996 4346 irrigari

1208 4370 1241 4430 et
1257 4385 1373 4444 regum
1392 4369 1511 4430 lactari
1526 4369 1693 4439 mamillis,
1715 4369 1886 4431 eructante
1901 4371 1995 4431 terra

1208 4466 1429 4529 crassitudine
1441 4481 1636 4543 supeream,
1649 4467 1892 4544 Benedictoque
1906 4465 1995 4544 quasi

1208 4564 1337 4624 sublato
1353 4563 1393 4624 de
1409 4563 1517 4624 medio
1540 4579 1582 4624 ex
1597 4563 1799 4640 pinguedine
1819 4565 1923 4626 multa
1942 4563 1996 4624 de-

1207 4675 1383 4736 generans,
1399 4659 1524 4735 spinas,
1539 4659 1572 4721 et
1584 4657 1724 4720 tribulos
1739 4660 1949 4736 germinavit,
1966 4659 1996 4718 et

1207 4757 1387 4818 fructiferae
1430 4755 1568 4817 arbores
1602 4757 1812 4818 luxuriantes
1847 4758 1882 4818 in
1909 4756 1992 4825 folla,

1206 4853 1332 4915 tructus
1359 4853 1469 4914 nullos
1503 4854 1655 4926 attulere,
1693 4854 1746 4915 vel
1783 4869 1895 4930 raros;
1924 4867 1995 4913 nam

1207 4951 1306 5012 flores
1335 4966 1448 5012 earum
1474 4951 1718 5022 emarcuerunt,
1745 4951 1778 5013 ot
1806 4951 1994 5013 deciderunt

1205 5050 1382 5125 antequam
1412 5047 1637 5109 formarentur
1664 5047 1699 5108 in
1728 5047 1867 5120 fructus,
1892 5046 1995 5124 etqui

1205 5145 1383 5223 aliquando
1399 5146 1625 5221 provenerunt
1639 5160 1683 5206 ex
1697 5145 1777 5217 illis,
1795 5150 1874 5208 ante
1888 5146 1993 5207 matu-

1204 5243 1337 5304 ritatem
1360 5243 1494 5304 omnino
1513 5243 1586 5312 ,sere
1610 5241 1760 5318 insipidi,
1784 5244 1817 5305 et
1839 5243 1925 5304 acidi
1940 5242 1995 5301 de-

1204 5340 1388 5414 fluxerunt3
1414 5340 1494 5401 vitis
1528 5353 1659 5416 quoque
1686 5341 1805 5402 Soreth
1828 5339 1863 5400 in
1887 5339 1994 5401 eodem

1204 5437 1352 5514 plantata
1372 5437 1408 5496 in
1434 5437 1656 5498 amaritudine
1679 5437 1758 5498 vitis
1781 5437 1900 5499 alienae
1917 5451 1994 5497 con-

1204 5549 1313 5606 versa,
1335 5533 1492 5609 produxit
1515 5549 1579 5595 non
1604 5549 1686 5594 uvas
1713 5549 1917 5610 praecoquas,
1942 5531 1992 5594 sed
