4244 6374
758 312 985 388 EPISTOLAE.
1010 315 1087 376 LIB.
1112 316 1197 377 VIII.

471 480 627 566 CXXIX

212 629 263 690 Aa
284 631 492 691 Laconicam
512 635 730 692 Francorum
752 647 882 710 racem.

407 763 443 820 tt)
461 761 593 820 lebruarii
616 763 694 820 ital.

228 883 364 949 [Bouquet
382 885 485 936 Recueil
502 886 546 936 das
563 887 665 944 1110100,
681 887 750 946 11111,
769 901 795 950 0.
810 887 864 938 rte.

355 967 466 1027 aegest,
477 966 522 1017 lib.
539 968 602 1026 Vlll,
616 981 657 1031 ep.
670 968 737 1032 282]

147 1070 192 1126 Ne
207 1069 273 1141 quid
286 1070 427 1130 Fredericl
438 1075 632 1131 homanorum
645 1074 826 1146 imperatoris
836 1074 866 1130 in
881 1075 945 1130 Ter·

184 1173 245 1215 ram
261 1161 395 1218 Sanctam
410 1160 547 1234 profectio
569 1162 683 1222 obesset
697 1162 786 1235 quieti
803 1161 941 1220 Occiden-

185 1248 230 1316 tis,
246 1263 344 1320 regem
369 1250 544 1308 Ludevlcum
559 1251 667 1308 inducit
682 1252 826 1309 Honorius
845 1259 940 1323 0100-

184 1351 246 1392 cem
261 1337 373 1395 interim
384 1353 449 1396 cum
459 1341 571 1414 Angliae
582 1356 651 1414 rege
664 1341 804 1410 conciliet,
817 1341 862 1398 vel
878 1356 943 1398 cum

182 1425 281 1482 eodem
293 1436 427 1501 proroget
438 1427 578 1498 inducias,
589 1429 664 1502 quod
673 1430 843 1502 promiserat
854 1444 942 1502 prope

182 1516 335 1573 moriturus
344 1532 394 1573 rex
409 1517 568 1590 Philippus.

186 1643 355 1704 Honorius
396 1646 635 1720 episcopus...‚
684 1645 859 1708 carissimo
906 1645 942 1705 in

146 1739 280 1801 Christo
294 1740 364 1800 tillo
379 1743 493 1803 nostro
509 1743 688 1815 Ludovico,
702 1743 775 1819 regi
789 1745 940 1804 Franco-

145 1851 221 1896 rum
234 1837 370 1910 illustri,
388 1839 539 1912 salutem,
557 1841 620 1902 etc.

187 1934 266 1994 Cum
292 1935 475 2010 cogitamus
500 1936 586 2014 apud
611 1939 831 2015 nosmetIpsos
847 1937 941 1998 illum

147 2031 391 2093 indesinentem
431 2049 523 2110 purae
564 2034 751 2097 devotionis
787 2034 941 2096 affectum

146 2143 242 2204 quem
269 2129 402 2206 inclytae
438 2131 607 2192 memoriae
636 2133 865 2209 progenitores
892 2133 942 2193 tui

145 2241 276 2302 semper
298 2227 339 2287 ad
362 2230 464 2288 Deum
494 2228 527 2289 et
550 2231 733 2291 Romanam
758 2231 941 2291 Ecclesiam

143 2322 344 2394 habuerunt,
360 2325 493 2401 plenam
514 2343 605 2403 spem
622 2327 844 2405 fiduciamque
861 2343 942 2388 con-

145 2421 296 2497 cipimus,
320 2423 406 2498 quod
423 2438 442 2482 a
457 2425 490 2484 te
505 2423 639 2485 illorum
660 2440 853 2486 successore
873 2441 940 2485 non

147 2519 255 2578 solum
269 2519 305 2579 10
318 2519 445 2582 honore
460 2521 567 2597 regni,
585 2521 642 2582 sed
658 2522 758 2583 etiam
774 2523 809 2582 in
825 2522 939 2583 since-

144 2615 245 2676 ritate
261 2615 338 2678 lldei
353 2618 385 2680 et
400 2618 543 2680 aliarum
557 2619 676 2680 decore
691 2620 864 2692 virtutum,
882 2620 939 2680 ni-

144 2712 193 2772 hil
207 2713 331 2776 srustra
344 2717 492 2792 petemus
505 2717 590 2793 quod
607 2733 667 2778 nos
682 2721 795 2793 petere
811 2717 939 2786 deceat,

143 2811 177 2872 et
189 2811 222 2871 te
244 2811 371 2888 lacere;
386 2813 568 2890 quinimmo
583 2829 714 2890 semper
728 2814 815 2891 apud
838 2817 938 2876 Sere-

144 2909 282 2970 nitatem
310 2911 401 2971 tuam
440 2913 574 2988 plenum
607 2899 779 2988 petitionis
817 2914 939 2974 nostrae

144 3007 380 3084 consequimur
408 3007 572 3071 effectum.
603 3009 696 3070 Licet
723 3011 833 3070 autem
853 3010 940 3071 hanc

144 3103 184 3164 de
199 3104 231 3164 te
247 3103 401 3165 fiduciam
416 3105 451 3165 in
466 3105 620 3166 omnibus
639 3121 793 3182 geramus
808 3107 939 3168 casibus

144 3200 178 3262 et
190 3201 351 3274 articulis,
369 3203 403 3263 in
419 3203 486 3264 illis
501 3204 612 3264 tamen
628 3220 701 3264 eam
722 3205 866 3266 maxime
881 3221 941 3281 ge-

146 3297 264 3372 rimus,
280 3299 316 3359 10
331 3301 503 3376 quibusda
519 3301 643 3362 divinis
659 3301 827 3380 obsequiis
842 3304 875 3364 et
900 3303 940 3362 de

146 3411 249 3457 causa
271 3397 408 3458 honoris
432 3399 481 3461 tui
507 3399 619 3474 agitur
645 3401 678 3461 et
697 3400 825 3460 0010110.
853 3402 940 3461 Sane

146 3495 204 3556 tua
216 3493 403 3557 sublimitas
417 3512 485 3557 non
500 3497 633 3573 ignorat
643 3498 728 3574 quod
746 3498 939 3558 carissimus

144 3591 179 3652 in
192 3592 323 3655 Christo
339 3594 427 3654 lilius
443 3597 557 3656 noster
571 3595 780 3667 Fredericus,
796 3595 938 3657 illustris

144 3691 370 3752 Romanorum
391 3693 583 3770 imperator,
612 3709 744 3770 semper
764 3695 937 3768 augustus,

143 3789 177 3849 et
191 3803 253 3848 rex
268 3787 401 3861 Siciliae,
415 3791 450 3850 in
466 3790 630 3868 colloquio
642 3791 740 3867 quod,
755 3807 842 3852 anno
858 3807 940 3868 prae·

143 3885 253 3957 terite,
270 3885 442 3947 nobiscum
457 3888 573 3949 habuit
593 3889 627 3948 in
643 3889 834 3964 Campania,
852 3905 940 3964 prae-

144 3983 221 4044 stito
237 3985 455 4058 corporaliter
466 3987 667 4061 jurament0,
680 3985 825 4047 firmavit
840 3986 938 4062 quod,

144 4079 329 4140 akalendis
343 4082 476 4157 augusti
497 4083 650 4160 proximo
675 4098 764 4144 nunc
789 4083 939 4144 venturis

144 4175 185 4237 ad
215 4193 338 4238 annum
364 4194 478 4246 unum,
508 4177 739 4242 transfretabit
766 4179 802 4239 10
827 4183 939 4240 Terrae

145 4275 274 4336 sancta
295 4275 489 4336 subsidium.
516 4277 706 4348 Undenas,
732 4277 938 4338 attendentes

117 4433 120 4443 ,
144 4373 941 4449 essepermaximenecessariumutinterChris-

142 4469 252 4531 tianos
263 4485 388 4542 omues,
407 4486 445 4531 ac
460 4471 605 4532 maxime
621 4471 708 4533 inter
723 4471 940 4532 excellentio-

59 4587 62 4594 ·
143 4583 197 4628 res
209 4567 387 4644 principes,
405 4583 472 4644 pax
485 4567 538 4630 vel
549 4569 667 4644 treuga
681 4567 826 4639 interim,
842 4570 940 4645 prout

143 4664 245 4725 etiam
275 4665 452 4726 statuImus
489 4666 525 4726 in
565 4666 731 4742 colloquio
760 4665 937 4737 antedicta,

144 4763 330 4834 serventur,
355 4764 516 4838 quatenus
532 4764 596 4840 ipsi
617 4765 729 4825 Terrae
753 4763 941 4824 80001011-

142 4857 255 4920 berius
275 4859 388 4922 veniat
400 4876 443 4920 ex
456 4861 545 4921 omni
560 4862 655 4937 parte
671 4861 786 4921 mundi
802 4875 941 4922 succur-

143 4971 212 5028 sus,
233 4956 333 5018 clarae
355 4957 597 5018 recordationis
613 4958 804 5035 Philippum
828 4973 940 5034 regem

143 5055 306 5127 Franciae,
324 5057 451 5132 patrem
472 5056 576 5128 10001,
594 5055 650 5132 qui
666 5072 728 5117 000
752 5056 942 5134 specialiter

143 5151 282 5213 caritate
297 5151 425 5224 dilexit,
441 5152 568 5214 intenta
585 5167 682 5228 prece
697 5154 890 5228 rogavimus
907 5153 942 5214 ut

143 5264 217 5309 cum
244 5249 418 5310 carissImo
448 5250 517 5310 fillo
549 5251 662 5312 nostro
692 5251 837 5310 Hen‘rico
861 5266 941 5326 rege

143 5345 324 5421 Anglorum
339 5345 573 5409 illustriiniret
583 5347 707 5409 loedera
720 5347 823 5408 firmae
836 5347 939 5423 pacis,

142 5443 196 5505 vel
209 5443 325 5506 saltem
340 5446 476 5519 treugas
488 5461 561 5523 quae
574 5446 662 5506 inter
676 5445 767 5522 ipsos
784 5444 940 5506 stabilitae

142 5539 286 5612 fuerant,
314 5545 533 5618 prorogaret:
558 5543 614 5620 qui
641 5543 822 5604 secundum
838 5542 940 5603 inna-

142 5639 209 5700 tam
226 5637 289 5698 sibi
308 5638 546 5714 benignitatem
573 5641 795 5718 pietatemque
816 5640 942 5716 promi-

1738 323 1798 384 542

999 474 1054 543 sit,
1072 474 1159 552 quod
1186 477 1383 552 prorogaret
1405 477 1541 554 treugas
1554 478 1645 556 ipsas
1660 496 1796 558 precum

999 571 1190 634 nostrarum
1198 572 1334 636 obtentu
1344 573 1376 634 et
1386 574 1509 636 intuitu
1518 578 1630 638 Terrae
1646 579 1794 654 Sanctam

1000 669 1057 730 sed
1072 670 1328 746 promissionem
1347 687 1452 742 suam,
1474 673 1580 734 morte
1595 677 1795 751 praeventus,

902 761 921 776 ”
1000 765 1183 843 adimplere
1198 769 1359 844 nequivit.

1039 866 1160 925 Preces
1175 865 1279 941 igitur
1294 881 1377 942 quas
1393 883 1493 942 super
1508 868 1571 928 hoc
1586 868 1694 930 eidem
1709 871 1796 947 patri

998 960 1055 1022 tuo
1068 962 1290 1036 porreximus,
1308 979 1385 1024 ecce
1400 963 1436 1024 in
1461 964 1599 1026 auribus
1622 966 1796 1028 celsitudi-

998 1057 1051 1117 nis
1061 1059 1126 1120 tuae
1138 1075 1213 1121 cum
1228 1076 1348 1136 magna
1362 1061 1483 1122 fiducia
1497 1063 1710 1139 replicamus,
1725 1081 1797 1142 spe·

997 1156 1111 1217 rantes
1123 1157 1156 1217 te
1171 1157 1248 1218 illas
1263 1158 1355 1219 tanto
1377 1149 1547 1221 efficacius
1569 1161 1794 1238 impleturum,

999 1253 1122 1328 quanto
1137 1255 1280 1331 amplius
1295 1257 1388 1316 tuam
1410 1257 1504 1320 decet
1516 1259 1725 1321 clementiam
1740 1261 1796 1337 pla

997 1350 1105 1426 ipsius
1121 1352 1225 1426 patris
1239 1353 1289 1414 tui
1313 1354 1495 1430 adimplere
1519 1358 1695 1431 promissa,
1710 1373 1795 1434 qua-

997 1449 1094 1509 tenus
1110 1465 1226 1510 eorum
1252 1450 1396 1511 salubrIs
1421 1452 1569 1528 impletio
1593 1469 1661 1514 non
1689 1454 1796 1516 solum

997 1546 1074 1616 tuae,
1101 1546 1158 1606 sed
1179 1547 1279 1608 etiam
1295 1548 1444 1625 ejusdem
1468 1550 1573 1626 patris
1593 1551 1644 1611 tui
1672 1553 1794 1613 animae

997 1642 1172 1716 proveniat
1197 1643 1412 1712 adsalutem.
1440 1647 1600 1723 Denique,
1627 1647 1656 1707 si
1679 1649 1796 1710 contra

997 1741 1064 1798 tam
1079 1737 1291 1814 favorabiles,
1315 1742 1382 1802 tam
1397 1741 1471 1819 pias
1485 1745 1619 1820 tamque
1633 1760 1794 1806 necessa-

997 1834 1066 1895 rias
1080 1850 1196 1912 preces
1207 1840 1339 1900 nostras
1357 1841 1450 1901 tuum
1468 1838 1566 1918 [quod
1582 1841 1668 1904 absit
1681 1840 1702 1920 lt
1720 1842 1796 1904 ani-

997 1949 1087 1992 mum
1119 1932 1325 2007 obfirmares‚
1356 1937 1597 2013 parvipendere
1633 1939 1795 2000 videreris

996 2029 1156 2105 inJuriam
1170 2032 1250 2092 Jesu
1261 2033 1394 2104 Christi,
1412 2035 1653 2110 parvipendere
1662 2036 1795 2097 videre-

996 2127 1044 2186 ris
1075 2127 1161 2204 quod
1189 2131 1304 2203 gentes
1333 2129 1369 2190 in
1398 2130 1627 2192 haereditatem
1661 2133 1794 2194 Domini

996 2226 1160 2287 venerunt
1183 2225 1215 2287 et
1237 2227 1428 2302 polluerunt
1443 2230 1690 2290 sanctIssimum
1705 2233 1794 2290 tem-

996 2321 1085 2396 plum
1101 2325 1185 2400 eiua,
1198 2339 1238 2384 ac
1248 2323 1354 2400 ipsius
1363 2327 1442 2386 iesu
1456 2326 1578 2389 Christi
1591 2327 1791 2403 sepulcrum,

995 2419 1082 2495 quod
1097 2421 1259 2498 propheta
1270 2422 1454 2497 gloriosum
1465 2422 1793 2501 loretanlotempore

996 2519 1073 2578 ante
1100 2519 1265 2594 praedixit,
1305 2521 1525 2596 ingloriosum
1562 2523 1788 2584 reddiderunt.

996 2616 1103 2687 Certe,
1120 2616 1147 2676 si
1165 2617 1239 2693 quis
1253 2619 1474 2680 vassallorum
1490 2621 1623 2681 tuorum
1638 2637 1659 2680 a
1673 2621 1706 2682 te
1729 2637 1790 2682 ro-

995 2713 1093 2786 gatus
1122 2729 1235 2789 pacem
1261 2717 1319 2775 aut
1352 2715 1484 2792 treugas
1511 2717 1597 2777 inire
1626 2719 1791 2778 eumalio

995 2809 1156 2870 exaudire
1170 2811 1336 2884 renueret,
1348 2809 1382 2874 et
1391 2813 1480 2874 terra
1491 2815 1548 2874 tua
1558 2815 1748 2876 remaneret
1756 2815 1792 2876 in

995 2908 1159 2983 potestate
1179 2906 1325 2969 hostium
1341 2909 1404 2970 hac
1427 2910 1467 2970 de
1483 2926 1595 2982 causa,
1616 2911 1648 2971 id
1665 2925 1793 2989 nequa-

995 3020 1094 3081 quam
1108 3005 1343 3081 aequanimiter
1358 3007 1743 3087 sustineres‚quinlmm0
1759 3009 1794 3069 ln

995 3102 1165 3163 fidelitatis
1182 3118 1351 3177 argueres,
1365 3105 1397 3166 et
1409 3104 1499 3166 leudi
1511 3106 1597 3183 quod
1611 3121 1630 3166 a
1646 3107 1678 3167 te
1690 3106 1791 3176 tenet,

995 3201 1168 3276 reputares
1186 3199 1371 3275 indignum.
1403 3204 1531 3274 Quanto
1555 3203 1659 3278 igitur
1683 3204 1792 3265 studio

995 3299 1044 3358 est
1057 3295 1117 3359 tibi
1130 3297 1370 3373 providendum
1386 3315 1439 3370 00,
1462 3299 1547 3376 quod
1563 3300 1661 3360 homo
1686 3300 1791 3362 susti·

994 3410 1074 3455 nere
1087 3395 1193 3456 nolles
1209 3394 1251 3456 ab
1266 3395 1412 3470 homine,
1430 3397 1535 3458 facias
1550 3398 1792 3460 000100110οι1-

994 3493 1087 3553 nium
1103 3496 1207 3553 Deum
1222 3495 1327 3566 tuum,
1352 3511 1371 3555 0
1399 3511 1462 3572 quo
1485 3495 1589 3556 habes
1602 3512 1668 3557 non
1685 3496 1792 3557 solum

995 3591 1106 3652 omnia
1120 3591 1207 3653 bona
1220 3592 1288 3664 tua,
1304 3593 1362 3653 sed
1376 3593 1476 3654 etiam
1489 3594 1716 3671 temetipsuml

1035 3691 1202 3764 Rogamus
1222 3689 1325 3764 igitur
1339 3690 1572 3750 excellentiam
1592 3693 1683 3751 tuam
1702 3691 1793 3751 omni

995 3773 1178 3860 attentione
1202 3803 1266 3862 qua
1294 3803 1490 3863 possumuS,
1517 3788 1549 3849 et
1578 3787 1791 3848 obsecramus

996 3900 1054 3960 per
1082 3885 1309 3960 aspersIouem
1344 3885 1517 3960 sanguinis
1542 3888 1623 3947 Jesu
1656 3885 1790 3956 Christi,

995 3981 1051 4058 qui
1071 3997 1131 4058 pro
1161 3984 1193 4041 te
1217 3981 1315 4042 morti
1340 3982 1450 4042 crucis
1472 3982 1610 4043 tradidit
1637 3983 1794 4059 semetip-

995 4095 1079 4150 sum,
1098 4094 1137 4139 ac
1151 4077 1212 4139 tibi
1227 4079 1262 4138 in
1276 4078 1474 4140 remissione
1489 4079 1695 4156 injungimus
1709 4095 1792 4156 pec-

994 4177 1341 4252 catorumquatenus,
1352 4177 1543 4253 specialiter
1553 4177 1658 4254 ipsius
1669 4178 1793 4240 intuitu

993 4276 1073 4336 Jesu
1088 4274 1222 4346 Christi,
1239 4273 1271 4335 et
1290 4275 1401 4335 Terrae
1425 4275 1461 4335 in
1486 4291 1551 4352 qua
1573 4275 1712 4350 generis,
1729 4276 1794 4336 hu-

994 4372 1085 4432 mani
1099 4371 1241 4432 salutem
1256 4371 1420 4432 ineffabili
1440 4373 1563 4450 pietate
1586 4373 1694 4434 voluit
1713 4390 1794 4452 ope-

994 4469 1074 4540 rari,
1092 4484 1166 4529 cum
1190 4468 1329 4544 praelato
1348 4469 1529 4545 Anglorum
1555 4485 1645 4546 rege,
1670 4470 1699 4530 si
1719 4470 1793 4531 fieri

994 4565 1112 4642 potest,
1127 4566 1221 4626 10000
1237 4567 1366 4629 firmam
1382 4583 1510 4644 pacem,
1525 4568 1578 4632 vel
1601 4568 1719 4628 saltem
1736 4585 1794 4628 us-

995 4679 1058 4740 que
1073 4663 1114 4724 ad
1134 4665 1389 4740 quadriennium
1408 4667 1543 4740 treugas
1561 4680 1720 4741 prorogas
1736 4665 1794 4724 in-

994 4759 1046 4823 ter
1059 4762 1091 4823 te
1107 4777 1146 4822 ac
1160 4763 1271 4838 ipsum
1291 4762 1452 4824 hactenus
1467 4763 1672 4834 observatas,
1694 4777 1746 4834 ne,
1765 4759 1793 4820 si

996 4857 1481 4938 0111001000010,1001001000
1499 4861 1629 4921 Sanctae
1648 4874 1791 4920 succur-

996 4973 1079 5028 sum,
1118 4957 1175 5034 qui
1199 4973 1266 5017 non
1295 4958 1413 5033 magiS,
1448 4957 1549 5017 immo
1578 4972 1639 5017 nec
1664 4957 1817 5017 tantum·

996 5055 1171 5116 consuevit
1182 5070 1243 5130 per
1255 5054 1386 5131 aliquos
1403 5054 1487 5116 alios
1503 5070 1603 5130 quam
1618 5069 1679 5131 per
1696 5069 1793 5130 reges

996 5151 1029 5212 et
1041 5167 1180 5227 regnum
1191 5153 1341 5213 Franciae
1353 5153 1553 5228 promoveri,
1565 5154 1680 5213 contra
1694 5152 1796 5229 impe·

996 5248 1068 5308 dire
1085 5248 1187 5328 (quod
1211 5250 1341 5310 avertat
1362 5248 1557 5328 1100110001)
1579 5250 1737 5322 videaris,
1755 5265 1794 5310 ac

996 5347 1222 5423 prosecutioni
1264 5362 1373 5407 causae
1409 5347 1553 5422 propriae
1588 5347 1792 5417 insistendo,

997 5445 1219 5515 contemnere,
1234 5444 1335 5505 immo
1353 5443 1556 5506 confundere
1575 5461 1711 5506 causam
1726 5447 1794 5504 Do-

997 5542 1078 5602 mini
1091 5542 1151 5603 Dei
1163 5543 1213 5603 tui
1230 5543 1264 5603 et
1277 5541 1380 5603 totius
1394 5543 1507 5620 populi
1523 5541 1710 5603 christiani.
1727 5543 1793 5602 Ta-

997 5640 1076 5701 lIter
1100 5655 1179 5714 ergo
1202 5639 1363 5702 exaudias
1395 5655 1510 5717 preces
1537 5641 1679 5712 nostras,
1707 5638 1793 5716 quod
