4258 6394
338 239 397 304 rio
955 231 1131 298 nouonu
1153 234 1197 296 111
1218 236 1365 298 orani.
1921 227 1980 302 ilo

337 399 415 466 bitis
431 401 463 463 et
481 397 654 472 habendis,
668 397 702 460 et
715 409 873 474 personas
888 395 924 456 in
939 395 988 457 eis
1002 394 1129 471 positas
1183 393 1322 456 chorum
1348 397 1539 457 Graecorum
1565 393 1728 458 baronum
1762 395 1977 470 detinuerint,

337 500 371 562 et
397 497 581 576 ponendas,
609 497 641 558 et
676 495 821 556 claustra
853 491 1070 554 ecclesiarum
1097 491 1130 553 et
1183 491 1215 553 et
1229 491 1456 555 laboraverint
1469 493 1589 566 terras,
1605 510 1679 570 quae
1700 492 1741 554 ad
1759 494 1980 556 ecclesiarum

337 597 521 659 servientes
536 597 568 658 et
582 607 695 655 servos
715 591 748 652 et
771 589 911 652 ancillas
925 589 958 652 et
976 588 1128 650 homines
1182 587 1235 649 vel
1254 589 1492 650 monachorum
1514 605 1581 652 non
1606 590 1796 670 pertineant
1813 594 1902 667 jura,
1920 607 1980 653 eo-

337 693 371 757 ct
385 693 543 756 universa
558 687 798 766 suppellectilia
820 689 853 750 et
870 687 957 749 hona
974 686 1080 748 libera
1097 687 1129 746 et
1182 685 1256 747 dem
1272 687 1368 748 modo
1389 687 1556 764 praedictis
1578 688 1801 764 respondeant
1819 689 1977 761 dominis,

337 785 488 853 absoluta
504 803 564 866 per
579 802 614 848 se
630 799 904 861 successoresque
921 799 1011 855 suos,
1026 781 1130 844 homi·
1183 798 1247 858 quo
1259 783 1398 845 fecerint
1411 783 1501 855 laici,
1511 783 1568 862 qui
1582 799 1697 846 eorum
1708 785 1817 846 terras
1829 785 1980 848 detinent

337 901 408 959 nes,
421 885 554 956 milites,
568 882 742 954 vassallos
759 881 884 952 fideles,
899 881 1082 943 servientes
1097 880 1130 941 et
1181 881 1215 942 et
1238 879 1402 942 laborant.
1422 881 1579 957 Alioquin
1606 882 1635 942 si
1665 882 1797 958 praefati
1831 881 1979 946 barones

337 999 451 1046 servos
470 983 505 1043 in
525 981 718 1058 perpetuum
740 993 935 1057 permanere
950 976 991 1038 ab
1015 977 1128 1039 omni·
1182 977 1297 1039 contra
1314 979 1384 1053 jam
1405 976 1491 1039 dicta
1506 978 1658 1040 venerint
1672 979 1726 1040 vel
1742 979 1875 1056 aliquod
1890 996 1980 1057 prae-

334 1080 396 1145 bus
407 1079 554 1156 angariis
565 1079 598 1140 et
611 1077 833 1154 parangariis,
848 1075 951 1148 taliis,
965 1074 1125 1146 servitiis,
1182 1075 1369 1147 missorum,
1385 1077 1458 1152 post
1468 1074 1728 1138 admonitionem
1742 1092 1802 1153 par
1817 1093 1895 1139 suos
1911 1093 1976 1139 ex-

336 1182 370 1242 et
397 1175 611 1240 servitutibus
640 1174 817 1246 universis,
848 1173 986 1249 excepto
1013 1187 1129 1233 acros—
1182 1171 1469 1234 communicentur
1482 1173 1652 1250 praalatos,
1671 1172 1704 1235 et
1724 1173 1851 1235 tamdiu
1866 1174 1900 1236 in
1916 1190 1979 1236 ex-

335 1275 402 1338 tioo
427 1275 566 1346 mutum,
596 1272 682 1350 quod
707 1273 757 1333 eis
783 1269 903 1334 debent
925 1270 1035 1332 cuncti
1057 1269 1128 1331 sive
1182 1269 1479 1332 communicatione
1514 1271 1705 1347 persistant,
1742 1271 1900 1349 quamdiu
1936 1271 1978 1334 de

335 1371 447 1436 Latini
473 1370 543 1433 sive
571 1369 696 1442 Graeci,
727 1369 795 1432 tam
828 1368 864 1429 in
898 1366 1125 1444 dignitatibus,
1181 1366 1311 1427 damnis
1339 1368 1372 1429 et
1395 1367 1528 1444 injuriis
1554 1368 1715 1430 canonice
1747 1368 1975 1432 satisfecerint

341 1486 441 1550 quam
453 1469 489 1530 in
503 1467 687 1528 minoribus
697 1464 817 1528 officiis
827 1465 860 1528 et
870 1464 1043 1527 ordinibus
1054 1480 1129 1526 con·
1180 1464 1350 1540 irrogatis.
1364 1466 1526 1528 [litamen
1542 1466 1723 1543 praemissis
1745 1465 1824 1528 hdes
1844 1467 1978 1544 plenior

337 1565 444 1630 stituti
459 1566 594 1644 propter
606 1565 723 1636 terras,
738 1579 820 1641 quas
841 1563 955 1626 tenent
972 1562 1012 1623 ab
1031 1562 1125 1639 ipsis,
1182 1560 1344 1624 habeatur
1359 1562 1399 1624 de
1411 1564 1592 1636 voluntate,
1608 1564 1641 1625 et
1662 1579 1825 1626 consensu
1843 1568 1875 1626 et
1894 1581 1979 1628 auc-

338 1665 368 1728 si
384 1679 466 1742 quas
480 1664 594 1733 tenent
606 1661 661 1725 vel
674 1661 862 1734 tenuerunt,
879 1659 966 1737 quod
980 1661 1129 1737 tempore
1182 1659 1316 1722 toritate
1336 1659 1544 1722 dominorum
1563 1661 1697 1722 Thomas
1717 1661 1928 1738 patriarcha,
1945 1663 1980 1725 et

337 1761 500 1840 captionis
529 1759 672 1822 civitatis
695 1759 798 1836 regiae
821 1757 1127 1836 Constantinopoli·
1181 1755 1394 1834 imperatoris
1408 1757 1547 1819 Henrici
1565 1759 1921 1836 constantinopolitan.
1945 1761 1979 1822 et

336 1861 425 1923 tanae
447 1857 637 1921 solvebatur
657 1873 677 1918 a
705 1856 841 1928 Graeois,
866 1856 899 1918 el
926 1855 1011 1917 nihil
1037 1854 1127 1916 aliud
1181 1853 1519 1932 archiepiscoporum,
1541 1855 1574 1917 et
1593 1855 1740 1916 omnium
1761 1855 1923 1917 baronum
1939 1857 1975 1917 in

336 1955 466 2024 debent,
481 1957 513 2018 et
531 1954 617 2015 nihil
640 1953 729 2014 aliud
749 1951 879 2029 praefati
904 1951 1045 2014 barones
1069 1967 1129 2029 per
1181 1951 1337 2028 praesenti
1360 1951 1511 2015 chartula
1534 1953 1716 2029 positorum
1744 1967 1891 2030 appensa
1921 1954 1975 2015 si·

335 2071 383 2128 se,
407 2067 616 2115 successores
640 2065 728 2122 suos,
760 2049 935 2118 vassallos,
963 2049 1125 2122 homines,
1180 2048 1261 2124 gilla
1282 2049 1476 2121 consistunt,
1498 2049 1600 2111 salvis
1619 2049 1654 2111 in
1674 2050 1826 2112 omnibus
1844 2049 1973 2112 domini

335 2153 461 2224 fideles,
486 2149 681 2222 servientes,
698 2148 732 2209 et
752 2161 876 2219 servos,
895 2145 960 2208 sibi
983 2147 1018 2207 in
1040 2162 1128 2224 pras-
1181 2149 1280 2223 Papae
1295 2145 1504 2218 auctoritate,
1520 2147 1720 2219 reverentia,
1737 2147 1920 2210 ethonore.

336 2249 434 2312 dictis
453 2246 605 2310 ecclesiis
622 2245 693 2306 sive
712 2244 922 2305 monasteriis
936 2244 1125 2316 vendicare,
1220 2244 1332 2305 «tcta
1350 2243 1427 2306 sunt
1447 2243 1519 2305 haec
1539 2243 1624 2320 apud
1644 2245 1858 2318 Ravenicam,
1882 2262 1971 2309 anno

334 2346 484 2423 nihilque
504 2345 539 2405 in
556 2343 725 2420 posterum
745 2356 919 2419 usurpare,
936 2342 992 2402 sed
1019 2342 1048 2402 si
1070 2341 1126 2419 qui
1181 2339 1312 2400 Domini
1332 2340 1456 2411 MCGX,
1478 2339 1659 2402 indictione
1684 2343 1772 2413 Xlli,
1793 2343 1970 2418 praesenti-

334 2459 379 2510 ex
399 2441 567 2520 predictis
590 2439 722 2502 clericis
748 2441 816 2501 tam
843 2437 1002 2515 praelatis,
1028 2455 1127 2515 qilain
1180 2435 1242 2498 bus
1256 2435 1516 2514 archiepiscopis
1531 2438 1565 2501 et
1578 2439 1742 2515 episcopis
1755 2439 1788 2500 el
1809 2439 1923 2503 electis
1939 2441 1973 2503 et

335 2539 466 2606 caetorIs
479 2537 651 2610 ecclesias,
667 2535 721 2599 vel
739 2535 941 2598 monasteria
957 2535 1127 2598 destruere
1181 2533 1312 2596 clericis
1333 2533 1366 2595 et
1386 2533 1558 2607 militibus
1572 2535 1729 2598 videlicet
1748 2537 1969 2610 Heracliensi,

334 2637 513 2710 voluerint,
527 2634 648 2696 debent
662 2634 821 2712 quantum
840 2632 890 2694 ais
914 2633 1047 2696 licuerit
1067 2649 1126 2695 ra·
1180 2631 1386 2702 Atheniensi,
1404 2631 1601 2705 Larissensi,
1619 2633 1840 2710 Neopatrensi
1855 2635 1971 2697 archi-

333 2749 484 2816 pugnere
498 2733 664 2804 decenter,
681 2733 714 2794 et
727 2730 863 2793 turbare
882 2746 924 2792 ne
941 2731 1126 2808 compleant
1180 2728 1355 2806 episcopis,
1369 2728 1594 2799 avallonensi,
1608 2731 1858 2808 fermopilensi,
1868 2735 1973 2795 Dava-

334 2833 421 2913 quod
451 2830 604 2908 nequiter
635 2828 867 2906 conceperunt.
903 2829 939 2890 Si
965 2829 1020 2905 qui
1046 2845 1126 2891 vero
1180 2825 1289 2897 liensi,
1304 2825 1541 2899 zaratoriensi,
1555 2827 1772 2898 castoriensi,
1783 2828 1971 2892 sidoniensi

333 2929 460 2995 fuerint
474 2929 514 2991 de
529 2926 660 2990 clericis
676 2926 814 2998 Latinis,
834 2925 888 2988 vel
903 2927 1038 2998 Graecis,
1055 2927 1126 2988 sire
1180 2923 1355 3000 episcopis,
1369 2923 1577 2996 Nazariensi,
1591 2925 1733 2987 citrensi
1750 2926 1875 3000 electis,
1893 2928 1969 3001 etc,

333 3027 517 3099 monachis,
532 3023 717 3102 papatibus
733 3022 787 3085 vel
807 3022 981 3098 calogeris,
998 3023 1032 3084 in
1052 3023 1126 3099 dig·
1179 3036 1317 3098 quorum
1340 3035 1503 3082 consensu
1527 3022 1560 3083 et
1578 3021 1749 3084 voluntate
1770 3024 1804 3085 et
1823 3024 1972 3087 auctori-

334 3124 495 3189 nitatibus
514 3122 567 3184 vel
583 3119 766 3181 minoribus
781 3117 964 3190 ordinibus,
981 3119 1034 3180 vel
1050 3119 1126 3180 ofd-
1178 3119 1245 3180 tate
1260 3118 1338 3179 sunt
1353 3119 1524 3196 praemissa
1540 3120 1685 3198 peracta,
1701 3123 1734 3183 et
1749 3121 1969 3197 praesentibus

333 3223 396 3287 ciis
411 3217 661 3294 constitutioni
676 3216 838 3278 dictorum
848 3214 1008 3276 baronum
1016 3217 1123 3278 terras
1178 3217 1312 3277 cantore
1327 3215 1511 3288 Leonardo,
1526 3219 1544 3279 J
1546 3199 1649 3278 acobo
1662 3216 1865 3295 presbitero,
1879 3221 1971 3280 Hen-

333 3314 513 3384 detineant,
537 3313 570 3374 at
592 3311 753 3381 laborent,
780 3310 813 3371 et
836 3310 1036 3373 acrosticum
1056 3313 1124 3374 soi—
1178 3313 1259 3384 rico,
1271 3313 1430 3388 magistro
1441 3312 1624 3385 Bonifacio,
1639 3315 1800 3377 canonico
1817 3315 1969 3378 ecclesiae

331 3431 412 3478 vere
435 3409 604 3474 noluerint
625 3407 766 3470 termino
790 3407 878 3468 inter
907 3423 964 3469 eos
988 3410 1121 3483 statuto,
1179 3409 1970 3488 SanctaeSophiaedeConstantinopoli,etpriore

333 3511 399 3576 nisi
428 3506 587 3571 solverint
615 3503 701 3582 quod
731 3506 896 3577 tenentur,
928 3505 1123 3583 potestatem
1177 3507 1415 3571 cruciferorum
1435 3507 1604 3577 Bononiae,
1626 3506 1861 3569 archidiacono
1876 3507 1967 3568 Tho-

332 3607 478 3672 habeant
502 3601 664 3665 nominati
691 3600 834 3662 barones
864 3601 1050 3679 accipiendi
1083 3605 1123 3666 de
1176 3606 1273 3678 bano,
1295 3605 1419 3667 decano
1437 3602 1639 3676 Davaliensi,
1664 3603 1797 3666 domino
1819 3604 1968 3666 Arduino

331 3705 428 3770 bonis
443 3717 558 3766 eorum
575 3700 714 3771 tantum,
737 3697 822 3776 quod
844 3714 958 3761 eorum
977 3699 1122 3764 debitum
1177 3706 1209 3767 at
1223 3703 1370 3765 Arnuldo
1385 3700 1567 3778 capellanis
1590 3701 1801 3778 imperatoris
1823 3701 1965 3779 praefati,

332 3805 366 3870 et
379 3801 464 3864 nihil
477 3797 619 3875 amplius
634 3795 858 3874 persolvatur3
873 3797 930 3858 sed
945 3797 981 3858 in
995 3800 1122 3861 cunctis
1176 3804 1209 3863 et
1224 3797 1442 3877 proesentibus
1457 3797 1626 3860 Guilfredo
1647 3799 1850 3861 marescalco
1864 3801 1967 3862 totius

332 3899 476 3966 absoluti
495 3897 528 3958 et
547 3894 655 3966 liberi,
671 3895 828 3970 quantum
850 3894 891 3955 ad
914 3910 1075 3972 personas
1090 3896 1123 3959 et
1175 3897 1307 3974 imperii
1322 3895 1504 3967 Romaniae,
1520 3898 1553 3958 et
1570 3895 1756 3957 Roiandino
1771 3897 1811 3958 de
1825 3899 1964 3972 canosa,

332 4015 387 4062 res
407 3999 556 4075 ipsorum
579 3993 613 4054 et
635 3991 862 4063 ecclesiarum,
880 4007 953 4069 quae
977 4008 1121 4068 supera·
1175 3995 1209 4057 et
1231 3993 1398 4070 Raynerio
1416 3993 1456 4054 de
1480 3993 1664 4066 Gumbulla,
1681 3995 1714 4055 et
1734 3995 1911 4057 (luillelmo
1926 3995 1967 4057 da

331 4095 481 4160 bundant
514 4089 671 4161 debitum,
705 4089 863 4166 perpetuo
898 4089 933 4149 in
955 4091 1122 4165 posterum
1177 4093 1267 4165 sarz,
1285 4093 1318 4153 et
1341 4093 1450 4153 Bonuz
1470 4090 1510 4151 de
1526 4091 1833 4168 sanetosepuicro,
1850 4095 1883 4156 et
1898 4097 1965 4155 Ge-

332 4189 555 4274 perseverent.
588 4185 745 4248 Haeredes
773 4200 914 4262 quoque,
940 4185 1011 4249 sive
1035 4185 1122 4248 filios
1175 4189 1316 4251 randino
1327 4187 1367 4250 de
1382 4187 1567 4260 Gummula,
1584 4189 1617 4250 et
1629 4188 1752 4252 Jacobo
1763 4189 1803 4251 de
1814 4195 1962 4262 neeesse,

332 4291 541 4360 clericorum,
557 4285 628 4346 sive
642 4283 808 4360 papatum,
825 4283 858 4344 at
872 4297 993 4344 uxores
1008 4299 1121 4344 eorum
1175 4287 1208 4349 et
1223 4289 1361 4362 Hugone
1377 4285 1417 4347 de
1434 4285 1644 4361 settenguen,
1666 4285 1786 4347 Albuin
1802 4287 1842 4348 de
1857 4287 1962 4348 Plun-

331 4406 399 4454 non
414 4384 557 4464 capiant,
572 4381 627 4444 vel
647 4379 826 4451 detineant,
846 4381 899 4441 vel
917 4379 1042 4442 faciant
1063 4381 1123 4443 de·
1175 4401 1246 4462 ges,
1262 4384 1295 4447 et
1309 4383 1464 4460 Philippo
1480 4382 1520 4444 de
1543 4381 1683 4444 Mombis
1705 4383 1738 4444 et
1761 4383 1837 4444 aliis
1858 4385 1965 4462 pluri-

330 4485 443 4557 tineri,
459 4480 513 4545 vei
528 4477 613 4556 capi,
628 4475 784 4556 quamdiu
800 4475 840 4536 ad
858 4477 993 4538 mobilia
1006 4494 1121 4540 eorum
1174 4483 1248 4544 bus.
1281 4484 1360 4544 Haec
1393 4481 1504 4542 autem
1539 4479 1701 4555 completa
1733 4480 1811 4541 suut
1838 4497 1963 4552 mense,

330 4602 410 4650 suas
438 4577 583 4659 poterint
611 4574 791 4636 extendere
821 4589 950 4646 manus,
978 4575 1048 4637 sive
1081 4575 1121 4638 de
1174 4580 1254 4642 maii
1269 4577 1481 4641 dieseoundo
1496 4577 1684 4638 intrante.»

331 4697 446 4748 eorum
470 4673 647 4739 mobilibus
671 4669 720 4732 eis
744 4669 865 4747 poterit
895 4685 995 4766 super
1019 4672 1120 4736 debiti
1213 4677 1306 4740 Nulli
1322 4692 1401 4753 ergo
1419 4673 1553 4736 omnino
1574 4673 1746 4736 hominum
1764 4676 1864 4739 liceat
1878 4677 1965 4738 hanc

227 4821 230 4826 ,
330 4776 514 4864 quantitate
529 4769 686 4834 satisfieri
702 4767 946 4845 competenter:
964 4766 1023 4829 tilii
1038 4785 1121 4846 quo-
1174 4775 1329 4854 paginam
1344 4771 1466 4834 nostrae
1479 4771 1740 4834 confirmationis
1755 4773 1788 4834 et
1801 4773 1964 4851 jussionis

329 4897 394 4960 quo
417 4875 578 4938 laicorum
605 4871 811 4933 Graecorum,
831 4864 902 4926 siva
923 4863 1120 4929 clericorum
1175 4873 1367 4948 infringere,
1377 4867 1431 4930 vel
1446 4867 1477 4930 ai
1492 4883 1577 4930 ausu
1589 4869 1768 4932 temerario
1784 4871 1962 4932 contraire.

330 4995 390 5041 seu
417 4971 573 5054 papatum
600 4966 636 5026 in
668 4962 830 5024 baronum
859 4962 996 5026 servitio
1024 4966 1118 5042 Juxta
1175 4971 1210 5032 Si
1225 4969 1299 5047 quis
1314 4967 1425 5028 autem
1445 4965 1508 5027 hoc
1527 4967 1691 5029 attentare
1704 4969 1962 5045 praesumpserit,

328 5087 454 5138 morem
470 5067 603 5130 solitum
615 5058 839 5139 perseverent,
855 5059 921 5120 uisi
934 5075 993 5137 per
1007 5062 1120 5124 archi·
1173 5063 1433 5142 indignationem
1449 5063 1683 5139 omnipotentis
1701 5065 1771 5136 Dei,
1791 5064 1824 5126 et
1846 5063 1964 5127 beato-

328 5170 513 5248 episcopos,
541 5161 596 5224 vel
629 5158 812 5235 episcopos
842 5156 896 5218 vei
928 5155 969 5218 de
1004 5173 1118 5220 eorum
1173 5179 1246 5225 rum
1270 5161 1361 5224 Petri
1388 5161 1422 5222 ot
1454 5159 1550 5220 Pauli
1573 5158 1805 5236 Apostolorum
1832 5164 1903 5237 ejus
1927 5177 1963 5222 se

328 5264 463 5331 licentia
479 5259 603 5320 fuerint
614 5254 769 5317 ordinati.
784 5255 863 5315 Post
877 5253 1117 5318 ordinationem
1173 5259 1303 5322 noverit
1313 5257 1534 5319 incursurum.
1545 5257 1663 5316 Datum
1675 5255 1963 5332 Signiae,secundo

328 5379 409 5430 vero
422 5358 536 5421 eodem
549 5352 723 5432 privilegio
734 5351 910 5427 gaudeant,
926 5369 990 5429 quo
1002 5353 1120 5414 fruun-
1173 5371 1278 5420 nonas
1293 5351 1499 5432 septembris,
1523 5351 1734 5428 pontificatus
1753 5354 1858 5415 nostri
1875 5369 1963 5415 anno

327 5467 382 5528 tur
396 5455 509 5522 clerici
525 5453 559 5514 in
579 5449 764 5512 obedientia
787 5451 945 5510 Romanae
961 5449 1117 5513 Ecclesiae
1173 5457 1299 5517 octavo.

328 5554 508 5626 constituti.
527 5547 634 5628 siqui
650 5546 907 5623 veropapatum,
925 5545 975 5608 vel
997 5561 1116 5612 mona-
