<?xml version="1.0" encoding="UTF-8"?>
<!DOCTYPE html PUBLIC "-//W3C//DTD XHTML 1.0 Transitional//EN"
    "http://www.w3.org/TR/xhtml1/DTD/xhtml1-transitional.dtd">
<html xmlns="http://www.w3.org/1999/xhtml" xml:lang="en" lang="en">
 <head>
  <title>
</title>
<meta http-equiv="Content-Type" content="text/html;charset=utf-8" />
  <meta name='ocr-system' content='tesseract 3.04.00' />
  <meta name='ocr-capabilities' content='ocr_page ocr_carea ocr_par ocr_line ocrx_word'/>
</head>
<body>
  <div class='ocr_page' id='page_1' title='image "./mediiaevibiblio00unkngoog_0392.png"; bbox 0 0 4262 6382; ppageno 0'>
   <div class='ocr_carea' id='block_1_1' title="bbox 945 245 1983 310">
    <p class='ocr_par' dir='ltr' id='par_1_1' title="bbox 945 245 1983 310">
     <span class='ocr_line' id='line_1_1' title="bbox 945 245 1983 310; baseline 0.004 -4"><span class='ocrx_word' id='word_1_1' title='bbox 945 245 1123 308; x_wconf 84' lang='lat' dir='ltr'><strong>HONORII</strong></span> <span class='ocrx_word' id='word_1_2' title='bbox 1144 247 1190 308; x_wconf 90' lang='lat'>111</span> <span class='ocrx_word' id='word_1_3' title='bbox 1212 247 1360 309; x_wconf 78' lang='lat' dir='ltr'><strong>OPERA.</strong></span> <span class='ocrx_word' id='word_1_4' title='bbox 1865 266 1870 273; x_wconf 90' lang='lat'>·</span> <span class='ocrx_word' id='word_1_5' title='bbox 1916 249 1983 310; x_wconf 84' lang='lat'>660</span> 
     </span>
    </p>
   </div>
   <div class='ocr_carea' id='block_1_2' title="bbox 292 246 392 338">
    <p class='ocr_par' dir='ltr' id='par_1_2' title="bbox 292 246 392 338">
     <span class='ocr_line' id='line_1_2' title="bbox 292 246 392 338; baseline -0.02 -30"><span class='ocrx_word' id='word_1_6' title='bbox 292 246 392 338; x_wconf 16' lang='lat' dir='ltr'>‘ao</span> 
     </span>
    </p>
   </div>
   <div class='ocr_carea' id='block_1_3' title="bbox 323 405 1980 872">
    <p class='ocr_par' dir='ltr' id='par_1_3' title="bbox 325 405 1980 680">
     <span class='ocr_line' id='line_1_3' title="bbox 326 405 1980 484; baseline 0.002 -18"><span class='ocrx_word' id='word_1_7' title='bbox 326 405 472 466; x_wconf 86' lang='lat' dir='ltr'>sanioris</span> <span class='ocrx_word' id='word_1_8' title='bbox 498 405 681 468; x_wconf 89' lang='lat' dir='ltr'>secundum</span> <span class='ocrx_word' id='word_1_9' title='bbox 709 406 771 467; x_wconf 90' lang='lat' dir='ltr'>Dei</span> <span class='ocrx_word' id='word_1_10' title='bbox 797 405 949 468; x_wconf 89' lang='lat' dir='ltr'>timorem</span> <span class='ocrx_word' id='word_1_11' title='bbox 976 408 1009 468; x_wconf 88' lang='lat' dir='ltr'>et</span> <span class='ocrx_word' id='word_1_12' title='bbox 1031 405 1122 469; x_wconf 91' lang='lat' dir='ltr'>beati</span> <span class='ocrx_word' id='word_1_13' title='bbox 1172 408 1272 484; x_wconf 86' lang='lat' dir='ltr'>junii,</span> <span class='ocrx_word' id='word_1_14' title='bbox 1296 406 1411 469; x_wconf 91' lang='lat' dir='ltr'>indict.</span> <span class='ocrx_word' id='word_1_15' title='bbox 1427 409 1500 479; x_wconf 84' lang='lat' dir='ltr'>XII,</span> <span class='ocrx_word' id='word_1_16' title='bbox 1522 407 1767 468; x_wconf 85' lang='lat' dir='ltr'>incarnationis</span> <span class='ocrx_word' id='word_1_17' title='bbox 1791 407 1980 470; x_wconf 90' lang='lat' dir='ltr'>Dominicaa</span> 
     </span>
     <span class='ocr_line' id='line_1_4' title="bbox 325 502 1980 582; baseline 0.001 -18"><span class='ocrx_word' id='word_1_18' title='bbox 325 502 495 565; x_wconf 85' lang='lat' dir='ltr'>Benedicti</span> <span class='ocrx_word' id='word_1_19' title='bbox 510 503 670 580; x_wconf 90' lang='lat' dir='ltr'>regulam,</span> <span class='ocrx_word' id='word_1_20' title='bbox 688 503 897 582; x_wconf 81' lang='lat' dir='ltr'>providerint</span> <span class='ocrx_word' id='word_1_21' title='bbox 917 503 1119 580; x_wconf 88' lang='lat' dir='ltr'>eligendum.</span> <span class='ocrx_word' id='word_1_22' title='bbox 1176 520 1264 566; x_wconf 92' lang='lat' dir='ltr'>auno</span> <span class='ocrx_word' id='word_1_23' title='bbox 1290 506 1491 576; x_wconf 71' lang='lat' dir='ltr'>uocauit,</span> <span class='ocrx_word' id='word_1_24' title='bbox 1516 503 1727 581; x_wconf 85' lang='lat' dir='ltr'>pontificatus</span> <span class='ocrx_word' id='word_1_25' title='bbox 1747 519 1828 566; x_wconf 84' lang='lat' dir='ltr'>roro</span> <span class='ocrx_word' id='word_1_26' title='bbox 1847 505 1980 567; x_wconf 90' lang='lat' dir='ltr'>domini</span> 
     </span>
     <span class='ocr_line' id='line_1_5' title="bbox 325 600 1731 680; baseline 0.001 -20"><span class='ocrx_word' id='word_1_27' title='bbox 325 601 541 660; x_wconf 85' lang='lat' dir='ltr'>Deseruimus</span> <span class='ocrx_word' id='word_1_28' title='bbox 554 615 645 676; x_wconf 88' lang='lat' dir='ltr'>erg0,</span> <span class='ocrx_word' id='word_1_29' title='bbox 658 601 695 663; x_wconf 91' lang='lat' dir='ltr'>ut</span> <span class='ocrx_word' id='word_1_30' title='bbox 706 600 791 662; x_wconf 90' lang='lat' dir='ltr'>nulli</span> <span class='ocrx_word' id='word_1_31' title='bbox 802 601 936 662; x_wconf 90' lang='lat' dir='ltr'>omnino</span> <span class='ocrx_word' id='word_1_32' title='bbox 950 601 1120 663; x_wconf 91' lang='lat' dir='ltr'>hominum</span> <span class='ocrx_word' id='word_1_33' title='bbox 1176 602 1315 664; x_wconf 88' lang='lat' dir='ltr'>Honorii</span> <span class='ocrx_word' id='word_1_34' title='bbox 1330 618 1426 680; x_wconf 90' lang='lat' dir='ltr'>papae</span> <span class='ocrx_word' id='word_1_35' title='bbox 1440 605 1486 663; x_wconf 90' lang='grc' dir='ltr'>ΙΙΙ</span> <span class='ocrx_word' id='word_1_36' title='bbox 1502 618 1590 664; x_wconf 92' lang='lat' dir='ltr'>anuo</span> <span class='ocrx_word' id='word_1_37' title='bbox 1603 603 1731 664; x_wconf 78' lang='lat' dir='ltr'>octavo.</span> 
     </span>
    </p>

    <p class='ocr_par' dir='ltr' id='par_1_4' title="bbox 323 695 1122 872">
     <span class='ocr_line' id='line_1_6' title="bbox 324 695 1122 775; baseline 0.005 -19"><span class='ocrx_word' id='word_1_38' title='bbox 324 695 376 758; x_wconf 84' lang='lat' dir='ltr'>las</span> <span class='ocrx_word' id='word_1_39' title='bbox 395 696 439 758; x_wconf 91' lang='lat' dir='ltr'>sit</span> <span class='ocrx_word' id='word_1_40' title='bbox 456 698 631 775; x_wconf 85' lang='lat' dir='ltr'>praelatum</span> <span class='ocrx_word' id='word_1_41' title='bbox 645 698 885 760; x_wconf 91' lang='lat' dir='ltr'>monasterium</span> <span class='ocrx_word' id='word_1_42' title='bbox 900 697 1024 759; x_wconf 88' lang='lat' dir='ltr'>temere</span> <span class='ocrx_word' id='word_1_43' title='bbox 1044 715 1122 775; x_wconf 81' lang='lat' dir='ltr'>pen-</span> 
     </span>
     <span class='ocr_line' id='line_1_7' title="bbox 323 793 1120 872; baseline 0.003 -18"><span class='ocrx_word' id='word_1_44' title='bbox 323 793 471 867; x_wconf 89' lang='lat' dir='ltr'>turbare,</span> <span class='ocrx_word' id='word_1_45' title='bbox 489 796 546 856; x_wconf 89' lang='lat' dir='ltr'>aut</span> <span class='ocrx_word' id='word_1_46' title='bbox 566 799 637 872; x_wconf 89' lang='lat' dir='ltr'>ejus</span> <span class='ocrx_word' id='word_1_47' title='bbox 653 795 882 872; x_wconf 88' lang='lat' dir='ltr'>possessiones</span> <span class='ocrx_word' id='word_1_48' title='bbox 901 796 1044 867; x_wconf 82' lang='lat' dir='ltr'>auferre,</span> <span class='ocrx_word' id='word_1_49' title='bbox 1066 797 1120 858; x_wconf 78' lang='lat' dir='ltr'>vel</span> 
     </span>
    </p>
   </div>
   <div class='ocr_carea' id='block_1_4' title="bbox 322 890 1122 1360">
    <p class='ocr_par' dir='ltr' id='par_1_5' title="bbox 322 890 1122 1360">
     <span class='ocr_line' id='line_1_8' title="bbox 324 890 1122 970; baseline 0.006 -18"><span class='ocrx_word' id='word_1_50' title='bbox 324 890 454 954; x_wconf 87' lang='lat' dir='ltr'>ablatas</span> <span class='ocrx_word' id='word_1_51' title='bbox 474 893 629 964; x_wconf 91' lang='lat' dir='ltr'>retinere,</span> <span class='ocrx_word' id='word_1_52' title='bbox 654 893 815 964; x_wconf 90' lang='lat' dir='ltr'>minuere,</span> <span class='ocrx_word' id='word_1_53' title='bbox 840 908 898 956; x_wconf 91' lang='lat' dir='ltr'>seu</span> <span class='ocrx_word' id='word_1_54' title='bbox 920 893 1122 970; x_wconf 82' lang='lat' dir='ltr'>quibuslibet</span> 
     </span>
     <span class='ocr_line' id='line_1_9' title="bbox 323 988 1120 1066; baseline 0.003 -16"><span class='ocrx_word' id='word_1_55' title='bbox 323 988 559 1052; x_wconf 84' lang='lat' dir='ltr'>vexationibus</span> <span class='ocrx_word' id='word_1_56' title='bbox 585 990 739 1066; x_wconf 85' lang='lat' dir='ltr'>fatigare,</span> <span class='ocrx_word' id='word_1_57' title='bbox 766 991 822 1052; x_wconf 90' lang='lat' dir='ltr'>sed</span> <span class='ocrx_word' id='word_1_58' title='bbox 853 991 966 1052; x_wconf 89' lang='lat' dir='ltr'>omnia</span> <span class='ocrx_word' id='word_1_59' title='bbox 989 988 1120 1066; x_wconf 87' lang='lat' dir='ltr'>integra</span> 
     </span>
     <span class='ocr_line' id='line_1_10' title="bbox 324 1088 1121 1165; baseline 0.003 -17"><span class='ocrx_word' id='word_1_60' title='bbox 324 1088 564 1149; x_wconf 78' lang='lat' dir='ltr'>ocnseryeutur</span> <span class='ocrx_word' id='word_1_61' title='bbox 578 1103 704 1160; x_wconf 89' lang='lat' dir='ltr'>eorum,</span> <span class='ocrx_word' id='word_1_62' title='bbox 722 1103 782 1165; x_wconf 90' lang='lat' dir='ltr'>pro</span> <span class='ocrx_word' id='word_1_63' title='bbox 797 1103 937 1165; x_wconf 91' lang='lat' dir='ltr'>quornm</span> <span class='ocrx_word' id='word_1_64' title='bbox 952 1088 1121 1164; x_wconf 89' lang='lat' dir='ltr'>guberua-</span> 
     </span>
     <span class='ocr_line' id='line_1_11' title="bbox 322 1182 1119 1257; baseline 0 -11"><span class='ocrx_word' id='word_1_65' title='bbox 322 1182 414 1246; x_wconf 83' lang='lat' dir='ltr'>tione</span> <span class='ocrx_word' id='word_1_66' title='bbox 425 1199 463 1244; x_wconf 88' lang='lat' dir='ltr'>ao</span> <span class='ocrx_word' id='word_1_67' title='bbox 474 1184 715 1248; x_wconf 81' lang='lat' dir='ltr'>sustentatione</span> <span class='ocrx_word' id='word_1_68' title='bbox 727 1199 885 1248; x_wconf 88' lang='lat' dir='ltr'>concessa</span> <span class='ocrx_word' id='word_1_69' title='bbox 901 1187 987 1257; x_wconf 91' lang='lat' dir='ltr'>sunt,</span> <span class='ocrx_word' id='word_1_70' title='bbox 1003 1185 1119 1246; x_wconf 90' lang='lat' dir='ltr'>usibus</span> 
     </span>
     <span class='ocr_line' id='line_1_12' title="bbox 324 1280 1118 1360; baseline 0.003 -18"><span class='ocrx_word' id='word_1_71' title='bbox 324 1280 523 1342; x_wconf 86' lang='lat' dir='ltr'>omnimodis</span> <span class='ocrx_word' id='word_1_72' title='bbox 542 1282 727 1358; x_wconf 85' lang='lat' dir='ltr'>profutura,</span> <span class='ocrx_word' id='word_1_73' title='bbox 752 1283 845 1344; x_wconf 82' lang='lat' dir='ltr'>salva</span> <span class='ocrx_word' id='word_1_74' title='bbox 861 1283 956 1344; x_wconf 85' lang='lat' dir='ltr'>Sedis</span> <span class='ocrx_word' id='word_1_75' title='bbox 973 1284 1118 1360; x_wconf 75' lang='lat' dir='ltr'>Aposto-</span> 
     </span>
    </p>
   </div>
   <div class='ocr_carea' id='block_1_5' title="bbox 1480 851 1666 941">
    <p class='ocr_par' dir='ltr' id='par_1_6' title="bbox 1480 851 1666 941">
     <span class='ocr_line' id='line_1_13' title="bbox 1480 851 1666 941; baseline -0.005 0"><span class='ocrx_word' id='word_1_76' title='bbox 1480 851 1666 941; x_wconf 83' lang='lat' dir='ltr'>GCXXXI</span> 
     </span>
    </p>
   </div>
   <div class='ocr_carea' id='block_1_6' title="bbox 1174 1006 1974 1080">
    <p class='ocr_par' dir='ltr' id='par_1_7' title="bbox 1174 1006 1974 1080">
     <span class='ocr_line' id='line_1_14' title="bbox 1174 1006 1974 1080; baseline 0.001 -15"><span class='ocrx_word' id='word_1_77' title='bbox 1174 1006 1428 1080; x_wconf 81' lang='lat' dir='ltr'>Adeptscopum</span> <span class='ocrx_word' id='word_1_78' title='bbox 1438 1007 1471 1067; x_wconf 86' lang='lat' dir='ltr'>et</span> <span class='ocrx_word' id='word_1_79' title='bbox 1479 1006 1974 1079; x_wconf 73' lang='lat' dir='ltr'>praepositumdrtmtnanscs.</span> 
     </span>
    </p>
   </div>
   <div class='ocr_carea' id='block_1_7' title="bbox 1280 1136 1863 1326">
    <p class='ocr_par' dir='ltr' id='par_1_8' title="bbox 1280 1136 1863 1326">
     <span class='ocr_line' id='line_1_15' title="bbox 1465 1136 1674 1195; baseline -0.005 0"><span class='ocrx_word' id='word_1_80' title='bbox 1465 1137 1501 1195; x_wconf 75' lang='lat' dir='ltr'>al</span> <span class='ocrx_word' id='word_1_81' title='bbox 1515 1137 1582 1194; x_wconf 87' lang='lat' dir='ltr'>maii</span> <span class='ocrx_word' id='word_1_82' title='bbox 1597 1136 1674 1194; x_wconf 73' lang='lat' dir='ltr'>luit.</span> 
     </span>
     <span class='ocr_line' id='line_1_16' title="bbox 1280 1260 1863 1326; baseline 0 -14"><span class='ocrx_word' id='word_1_83' title='bbox 1280 1261 1420 1326; x_wconf 67' lang='lat' dir='ltr'>[lantoni</span> <span class='ocrx_word' id='word_1_84' title='bbox 1433 1262 1545 1312; x_wconf 77' lang='lat' dir='ltr'>honum.</span> <span class='ocrx_word' id='word_1_85' title='bbox 1558 1260 1712 1320; x_wconf 80' lang='lat' dir='ltr'>Ravennati,</span> <span class='ocrx_word' id='word_1_86' title='bbox 1725 1262 1745 1320; x_wconf 90' lang='lat' dir='ltr'>l,</span> <span class='ocrx_word' id='word_1_87' title='bbox 1758 1276 1784 1326; x_wconf 94' lang='lat' dir='ltr'>p.</span> <span class='ocrx_word' id='word_1_88' title='bbox 1795 1261 1863 1323; x_wconf 78' lang='grc'><strong>350.]</strong></span> 
     </span>
    </p>
   </div>
   <div class='ocr_carea' id='block_1_8' title="bbox 286 1377 1933 1554">
    <p class='ocr_par' dir='ltr' id='par_1_9' title="bbox 286 1377 1933 1554">
     <span class='ocr_line' id='line_1_17' title="bbox 322 1377 1933 1458; baseline 0.004 -21"><span class='ocrx_word' id='word_1_89' title='bbox 322 1377 398 1438; x_wconf 87' lang='lat' dir='ltr'>licae</span> <span class='ocrx_word' id='word_1_90' title='bbox 423 1379 632 1452; x_wconf 89' lang='lat' dir='ltr'>auctoritate,</span> <span class='ocrx_word' id='word_1_91' title='bbox 661 1380 760 1457; x_wconf 89' lang='lat' dir='ltr'>atque</span> <span class='ocrx_word' id='word_1_92' title='bbox 783 1381 930 1457; x_wconf 89' lang='lat' dir='ltr'>ejusdem</span> <span class='ocrx_word' id='word_1_93' title='bbox 957 1382 1119 1442; x_wconf 86' lang='lat' dir='ltr'>canonica</span> <span class='ocrx_word' id='word_1_94' title='bbox 1210 1382 1246 1444; x_wconf 86' lang='lat' dir='ltr'>Ut</span> <span class='ocrx_word' id='word_1_95' title='bbox 1259 1384 1475 1458; x_wconf 87' lang='lat' dir='ltr'>archiepiscopo</span> <span class='ocrx_word' id='word_1_96' title='bbox 1484 1386 1644 1444; x_wconf 80' lang='lat' dir='ltr'>Ravennati</span> <span class='ocrx_word' id='word_1_97' title='bbox 1656 1385 1933 1444; x_wconf 82' lang='lat' dir='ltr'>tribuantlicentiam</span> 
     </span>
     <span class='ocr_line' id='line_1_18' title="bbox 286 1473 1799 1554; baseline 0.002 -20"><span class='ocrx_word' id='word_1_98' title='bbox 286 1520 291 1529; x_wconf 36' lang='lat' dir='ltr'><strong><em>s</em></strong></span> <span class='ocrx_word' id='word_1_99' title='bbox 317 1475 459 1551; x_wconf 86' lang='lat' dir='ltr'>justitia.</span> <span class='ocrx_word' id='word_1_100' title='bbox 477 1477 512 1538; x_wconf 86' lang='lat' dir='ltr'>Si</span> <span class='ocrx_word' id='word_1_101' title='bbox 528 1493 592 1554; x_wconf 91' lang='lat' dir='ltr'>qua</span> <span class='ocrx_word' id='word_1_102' title='bbox 606 1477 712 1553; x_wconf 88' lang='lat' dir='ltr'>igitur</span> <span class='ocrx_word' id='word_1_103' title='bbox 723 1478 760 1539; x_wconf 89' lang='lat' dir='ltr'>in</span> <span class='ocrx_word' id='word_1_104' title='bbox 776 1477 923 1540; x_wconf 83' lang='lat' dir='ltr'>futurum</span> <span class='ocrx_word' id='word_1_105' title='bbox 939 1478 1118 1540; x_wconf 89' lang='lat' dir='ltr'>ecclesias·</span> <span class='ocrx_word' id='word_1_106' title='bbox 1342 1473 1485 1532; x_wconf 77' lang='lat' dir='ltr'>vendendi</span> <span class='ocrx_word' id='word_1_107' title='bbox 1497 1481 1621 1532; x_wconf 82' lang='lat' dir='ltr'>castrum</span> <span class='ocrx_word' id='word_1_108' title='bbox 1632 1474 1799 1547; x_wconf 77' lang='lat' dir='ltr'>savigneii.</span> 
     </span>
    </p>
   </div>
   <div class='ocr_carea' id='block_1_9' title="bbox 320 1571 1968 1677">
    <p class='ocr_par' dir='ltr' id='par_1_10' title="bbox 320 1571 1968 1677">
     <span class='ocr_line' id='line_1_19' title="bbox 320 1571 1968 1677; baseline 0.002 -44"><span class='ocrx_word' id='word_1_109' title='bbox 320 1571 387 1633; x_wconf 88' lang='lat' dir='ltr'>tica</span> <span class='ocrx_word' id='word_1_110' title='bbox 398 1573 614 1636; x_wconf 71' lang='lat' dir='ltr'>saecularisve</span> <span class='ocrx_word' id='word_1_111' title='bbox 625 1591 768 1651; x_wconf 90' lang='lat' dir='ltr'>persona</span> <span class='ocrx_word' id='word_1_112' title='bbox 784 1575 871 1636; x_wconf 90' lang='lat' dir='ltr'>hauc</span> <span class='ocrx_word' id='word_1_113' title='bbox 882 1576 1004 1638; x_wconf 87' lang='lat' dir='ltr'>nostrae</span> <span class='ocrx_word' id='word_1_114' title='bbox 1018 1591 1118 1637; x_wconf 89' lang='lat' dir='ltr'>cons·</span> <span class='ocrx_word' id='word_1_115' title='bbox 1212 1601 1574 1677; x_wconf 58' lang='lat' dir='ltr'>Honoriusepiscopus‚</span> <span class='ocrx_word' id='word_1_116' title='bbox 1588 1615 1703 1662; x_wconf 55' lang='lat' dir='ltr'><strong>servus</strong></span> <span class='ocrx_word' id='word_1_117' title='bbox 1713 1615 1887 1663; x_wconf 55' lang='lat' dir='ltr'><strong>servorum</strong></span> <span class='ocrx_word' id='word_1_118' title='bbox 1895 1602 1968 1675; x_wconf 53' lang='lat' dir='ltr'><strong>Dei,</strong></span> 
     </span>
    </p>
   </div>
   <div class='ocr_carea' id='block_1_10' title="bbox 319 1669 1969 1955">
    <p class='ocr_par' dir='ltr' id='par_1_11' title="bbox 319 1669 1969 1955">
     <span class='ocr_line' id='line_1_20' title="bbox 320 1669 1969 1775; baseline 0.01 -31"><span class='ocrx_word' id='word_1_119' title='bbox 320 1669 485 1730; x_wconf 65' lang='lat' dir='ltr'>tltufifflfis</span> <span class='ocrx_word' id='word_1_120' title='bbox 509 1671 666 1748; x_wconf 62' lang='lat' dir='ltr'>paginam</span> <span class='ocrx_word' id='word_1_121' title='bbox 691 1672 800 1733; x_wconf 64' lang='grc' dir='ltr'>θῦῖθΰῦ</span> <span class='ocrx_word' id='word_1_122' title='bbox 825 1675 941 1735; x_wconf 62' lang='lat' dir='ltr'>⁰0ssll&#39;a</span> <span class='ocrx_word' id='word_1_123' title='bbox 967 1689 1041 1734; x_wconf 65' lang='lat' dir='ltr'>eam</span> <span class='ocrx_word' id='word_1_124' title='bbox 1065 1676 1118 1735; x_wconf 58' lang='grc' dir='ltr'>ἴθ’</span> <span class='ocrx_word' id='word_1_125' title='bbox 1171 1697 1355 1759; x_wconf 83' lang='lat' dir='ltr'>venerabili</span> <span class='ocrx_word' id='word_1_126' title='bbox 1374 1697 1520 1759; x_wconf 81' lang='lat' dir='ltr'>fratri...</span> <span class='ocrx_word' id='word_1_127' title='bbox 1538 1697 1694 1775; x_wconf 89' lang='lat' dir='ltr'>episcopo</span> <span class='ocrx_word' id='word_1_128' title='bbox 1709 1699 1741 1760; x_wconf 90' lang='lat' dir='ltr'>et</span> <span class='ocrx_word' id='word_1_129' title='bbox 1761 1697 1880 1760; x_wconf 88' lang='lat' dir='ltr'>dilecto</span> <span class='ocrx_word' id='word_1_130' title='bbox 1898 1699 1969 1760; x_wconf 89' lang='lat' dir='ltr'>filio</span> 
     </span>
     <span class='ocr_line' id='line_1_21' title="bbox 320 1768 1968 1873; baseline 0.01 -48"><span class='ocrx_word' id='word_1_131' title='bbox 320 1781 412 1828; x_wconf 90' lang='lat' dir='ltr'>mere</span> <span class='ocrx_word' id='word_1_132' title='bbox 438 1768 554 1830; x_wconf 83' lang='lat' dir='ltr'>venire</span> <span class='ocrx_word' id='word_1_133' title='bbox 580 1769 771 1839; x_wconf 85' lang='lat' dir='ltr'>tentaverit,</span> <span class='ocrx_word' id='word_1_134' title='bbox 802 1771 947 1832; x_wconf 89' lang='lat' dir='ltr'>secundo</span> <span class='ocrx_word' id='word_1_135' title='bbox 975 1772 1116 1834; x_wconf 84' lang='lat' dir='ltr'>tertiove</span> <span class='ocrx_word' id='word_1_136' title='bbox 1172 1795 1348 1872; x_wconf 55' lang='lat' dir='ltr'>praeposito</span> <span class='ocrx_word' id='word_1_137' title='bbox 1364 1795 1560 1868; x_wconf 52' lang='lat' dir='ltr'><strong>Ariminen„</strong></span> <span class='ocrx_word' id='word_1_138' title='bbox 1582 1795 1723 1856; x_wconf 66' lang='lat' dir='ltr'>saputem</span> <span class='ocrx_word' id='word_1_139' title='bbox 1744 1797 1777 1858; x_wconf 63' lang='lat' dir='ltr'>ey</span> <span class='ocrx_word' id='word_1_140' title='bbox 1795 1795 1968 1873; x_wconf 67' lang='lat' dir='ltr'>Apostoli.</span> 
     </span>
     <span class='ocr_line' id='line_1_22' title="bbox 319 1865 1726 1955; baseline 0.017 -31"><span class='ocrx_word' id='word_1_141' title='bbox 319 1865 530 1938; x_wconf 87' lang='lat' dir='ltr'>commonita,</span> <span class='ocrx_word' id='word_1_142' title='bbox 554 1865 620 1928; x_wconf 90' lang='lat' dir='ltr'>nisi</span> <span class='ocrx_word' id='word_1_143' title='bbox 635 1869 763 1929; x_wconf 89' lang='lat' dir='ltr'>reatum</span> <span class='ocrx_word' id='word_1_144' title='bbox 779 1883 875 1928; x_wconf 90' lang='lat' dir='ltr'>suum</span> <span class='ocrx_word' id='word_1_145' title='bbox 895 1869 995 1944; x_wconf 89' lang='lat' dir='ltr'>digna</span> <span class='ocrx_word' id='word_1_146' title='bbox 1016 1869 1117 1930; x_wconf 87' lang='lat' dir='ltr'>satis·</span> <span class='ocrx_word' id='word_1_147' title='bbox 1172 1892 1531 1955; x_wconf 63' lang='lat' dir='ltr'>cambenedictionem,</span> <span class='ocrx_word' id='word_1_148' title='bbox 1722 1883 1726 1889; x_wconf 82' lang='lat'>&#39;</span> 
     </span>
    </p>
   </div>
   <div class='ocr_carea' id='block_1_11' title="bbox 318 1959 1968 2167">
    <p class='ocr_par' dir='ltr' id='par_1_12' title="bbox 318 1959 1968 2167">
     <span class='ocr_line' id='line_1_23' title="bbox 318 1959 1967 2068; baseline 0.004 -47"><span class='ocrx_word' id='word_1_149' title='bbox 318 1959 463 2023; x_wconf 84' lang='lat' dir='ltr'>factione</span> <span class='ocrx_word' id='word_1_150' title='bbox 494 1966 690 2035; x_wconf 84' lang='lat' dir='ltr'>correxerit,</span> <span class='ocrx_word' id='word_1_151' title='bbox 716 1965 889 2042; x_wconf 89' lang='lat' dir='ltr'>potestatis</span> <span class='ocrx_word' id='word_1_152' title='bbox 914 1965 1116 2043; x_wconf 84' lang='lat' dir='ltr'>honorisque</span> <span class='ocrx_word' id='word_1_153' title='bbox 1210 1991 1967 2068; x_wconf 41' lang='lat' dir='ltr'>Venerabilispaternoster...archiepiscopus</span> 
     </span>
     <span class='ocr_line' id='line_1_24' title="bbox 320 2059 1968 2167; baseline 0.001 -19"><span class='ocrx_word' id='word_1_154' title='bbox 320 2059 374 2118; x_wconf 58' lang='lat'>⁸¹¹³</span> <span class='ocrx_word' id='word_1_155' title='bbox 390 2061 503 2122; x_wconf 55' lang='lat' dir='ltr'>meat</span> <span class='ocrx_word' id='word_1_156' title='bbox 516 2061 688 2136; x_wconf 87' lang='lat' dir='ltr'>dignitate,</span> <span class='ocrx_word' id='word_1_157' title='bbox 708 2077 867 2139; x_wconf 61' lang='lat' dir='ltr'>”eamque</span> <span class='ocrx_word' id='word_1_158' title='bbox 885 2079 920 2123; x_wconf 69' lang='lat'>⁵³</span> <span class='ocrx_word' id='word_1_159' title='bbox 938 2061 1116 2141; x_wconf 60' lang='lat' dir='ltr'>diVmOJ&#39;U·</span> <span class='ocrx_word' id='word_1_160' title='bbox 1171 2091 1347 2150; x_wconf 83' lang='lat' dir='ltr'>Ravennae</span> <span class='ocrx_word' id='word_1_161' title='bbox 1365 2087 1545 2165; x_wconf 83' lang='lat' dir='ltr'>postulavit</span> <span class='ocrx_word' id='word_1_162' title='bbox 1559 2103 1578 2148; x_wconf 90' lang='lat' dir='ltr'>a</span> <span class='ocrx_word' id='word_1_163' title='bbox 1592 2087 1698 2161; x_wconf 91' lang='lat' dir='ltr'>nohis,</span> <span class='ocrx_word' id='word_1_164' title='bbox 1717 2091 1754 2150; x_wconf 90' lang='lat' dir='ltr'>nt</span> <span class='ocrx_word' id='word_1_165' title='bbox 1768 2105 1868 2167; x_wconf 90' lang='lat' dir='ltr'>quum</span> <span class='ocrx_word' id='word_1_166' title='bbox 1883 2105 1968 2150; x_wconf 85' lang='lat' dir='ltr'>ven-</span> 
     </span>
    </p>
   </div>
   <div class='ocr_carea' id='block_1_12' title="bbox 308 2153 1117 5642">
    <p class='ocr_par' dir='ltr' id='par_1_13' title="bbox 316 2153 1117 3096">
     <span class='ocr_line' id='line_1_25' title="bbox 320 2153 1117 2237; baseline 0.01 -22"><span class='ocrx_word' id='word_1_167' title='bbox 320 2153 407 2217; x_wconf 92' lang='lat' dir='ltr'>dicio</span> <span class='ocrx_word' id='word_1_168' title='bbox 420 2157 576 2230; x_wconf 83' lang='lat' dir='ltr'>existere,</span> <span class='ocrx_word' id='word_1_169' title='bbox 592 2158 632 2218; x_wconf 91' lang='lat' dir='ltr'>de</span> <span class='ocrx_word' id='word_1_170' title='bbox 646 2160 834 2235; x_wconf 88' lang='lat' dir='ltr'>perpetrata</span> <span class='ocrx_word' id='word_1_171' title='bbox 848 2160 1023 2237; x_wconf 81' lang='lat' dir='ltr'>iniquitate</span> <span class='ocrx_word' id='word_1_172' title='bbox 1037 2177 1117 2237; x_wconf 88' lang='lat' dir='ltr'>cog·</span> 
     </span>
     <span class='ocr_line' id='line_1_26' title="bbox 319 2255 1116 2333; baseline 0.009 -21"><span class='ocrx_word' id='word_1_173' title='bbox 319 2255 438 2315; x_wconf 88' lang='lat' dir='ltr'>noscat</span> <span class='ocrx_word' id='word_1_174' title='bbox 459 2255 492 2315; x_wconf 88' lang='lat' dir='ltr'>et</span> <span class='ocrx_word' id='word_1_175' title='bbox 514 2269 534 2315; x_wconf 94' lang='lat' dir='ltr'>a</span> <span class='ocrx_word' id='word_1_176' title='bbox 561 2255 788 2317; x_wconf 87' lang='lat' dir='ltr'>sacratissimo</span> <span class='ocrx_word' id='word_1_177' title='bbox 813 2273 952 2333; x_wconf 89' lang='lat' dir='ltr'>corpore</span> <span class='ocrx_word' id='word_1_178' title='bbox 975 2273 1015 2319; x_wconf 88' lang='lat' dir='ltr'>ac</span> <span class='ocrx_word' id='word_1_179' title='bbox 1037 2273 1116 2319; x_wconf 89' lang='lat' dir='ltr'>sau-</span> 
     </span>
     <span class='ocr_line' id='line_1_27' title="bbox 319 2349 1114 2432; baseline 0.008 -22"><span class='ocrx_word' id='word_1_180' title='bbox 319 2349 421 2426; x_wconf 91' lang='lat' dir='ltr'>guine</span> <span class='ocrx_word' id='word_1_181' title='bbox 446 2351 505 2412; x_wconf 90' lang='lat' dir='ltr'>Dei</span> <span class='ocrx_word' id='word_1_182' title='bbox 540 2353 572 2412; x_wconf 87' lang='lat' dir='ltr'>el</span> <span class='ocrx_word' id='word_1_183' title='bbox 600 2353 733 2413; x_wconf 90' lang='lat' dir='ltr'>Domini</span> <span class='ocrx_word' id='word_1_184' title='bbox 768 2354 999 2432; x_wconf 91' lang='lat' dir='ltr'>Redemptoris</span> <span class='ocrx_word' id='word_1_185' title='bbox 1035 2357 1114 2418; x_wconf 86' lang='lat' dir='ltr'>Jesu</span> 
     </span>
     <span class='ocr_line' id='line_1_28' title="bbox 318 2447 1114 2528; baseline 0.009 -21"><span class='ocrx_word' id='word_1_186' title='bbox 318 2447 439 2510; x_wconf 83' lang='lat' dir='ltr'>Ghristi</span> <span class='ocrx_word' id='word_1_187' title='bbox 452 2448 562 2510; x_wconf 89' lang='lat' dir='ltr'>aliena</span> <span class='ocrx_word' id='word_1_188' title='bbox 572 2449 746 2528; x_wconf 72' lang='lat' dir='ltr'>nutatque</span> <span class='ocrx_word' id='word_1_189' title='bbox 757 2451 792 2512; x_wconf 92' lang='lat' dir='ltr'>in</span> <span class='ocrx_word' id='word_1_190' title='bbox 802 2453 951 2513; x_wconf 84' lang='lat' dir='ltr'>extremo</span> <span class='ocrx_word' id='word_1_191' title='bbox 961 2452 1114 2515; x_wconf 83' lang='lat' dir='ltr'>examine</span> 
     </span>
     <span class='ocr_line' id='line_1_29' title="bbox 318 2543 1113 2624; baseline 0.011 -20"><span class='ocrx_word' id='word_1_192' title='bbox 318 2543 479 2608; x_wconf 76' lang='lat' dir='ltr'>districtae</span> <span class='ocrx_word' id='word_1_193' title='bbox 501 2547 673 2624; x_wconf 88' lang='lat' dir='ltr'>subjaceat</span> <span class='ocrx_word' id='word_1_194' title='bbox 696 2548 827 2610; x_wconf 86' lang='lat' dir='ltr'>ultioni.</span> <span class='ocrx_word' id='word_1_195' title='bbox 854 2550 987 2611; x_wconf 86' lang='lat' dir='ltr'>Cunctis</span> <span class='ocrx_word' id='word_1_196' title='bbox 1003 2555 1113 2613; x_wconf 91' lang='lat' dir='ltr'>autem</span> 
     </span>
     <span class='ocr_line' id='line_1_30' title="bbox 317 2641 1113 2726; baseline 0.011 -25"><span class='ocrx_word' id='word_1_197' title='bbox 317 2641 424 2702; x_wconf 88' lang='lat' dir='ltr'>eidem</span> <span class='ocrx_word' id='word_1_198' title='bbox 448 2642 521 2705; x_wconf 92' lang='lat' dir='ltr'>loco</span> <span class='ocrx_word' id='word_1_199' title='bbox 551 2661 612 2706; x_wconf 89' lang='lat' dir='ltr'>sua</span> <span class='ocrx_word' id='word_1_200' title='bbox 634 2649 712 2723; x_wconf 91' lang='lat' dir='ltr'>jura</span> <span class='ocrx_word' id='word_1_201' title='bbox 737 2646 947 2708; x_wconf 85' lang='lat' dir='ltr'>servantibus</span> <span class='ocrx_word' id='word_1_202' title='bbox 975 2648 1019 2709; x_wconf 90' lang='lat' dir='ltr'>sit</span> <span class='ocrx_word' id='word_1_203' title='bbox 1048 2663 1113 2726; x_wconf 83' lang='lat' dir='ltr'>pax</span> 
     </span>
     <span class='ocr_line' id='line_1_31' title="bbox 318 2740 1112 2821; baseline 0.01 -21"><span class='ocrx_word' id='word_1_204' title='bbox 318 2740 451 2802; x_wconf 92' lang='lat' dir='ltr'>Domini</span> <span class='ocrx_word' id='word_1_205' title='bbox 465 2741 570 2804; x_wconf 88' lang='lat' dir='ltr'>nostri</span> <span class='ocrx_word' id='word_1_206' title='bbox 584 2745 664 2805; x_wconf 86' lang='lat' dir='ltr'>Jesu</span> <span class='ocrx_word' id='word_1_207' title='bbox 680 2743 813 2816; x_wconf 88' lang='lat' dir='ltr'>Christi,</span> <span class='ocrx_word' id='word_1_208' title='bbox 831 2744 994 2821; x_wconf 88' lang='lat' dir='ltr'>quatenus</span> <span class='ocrx_word' id='word_1_209' title='bbox 1012 2747 1045 2807; x_wconf 90' lang='lat' dir='ltr'>et</span> <span class='ocrx_word' id='word_1_210' title='bbox 1057 2747 1112 2808; x_wconf 94' lang='lat' dir='ltr'>hic</span> 
     </span>
     <span class='ocr_line' id='line_1_32' title="bbox 316 2834 1111 2920; baseline 0.011 -24"><span class='ocrx_word' id='word_1_211' title='bbox 316 2834 460 2898; x_wconf 85' lang='lat' dir='ltr'>fructum</span> <span class='ocrx_word' id='word_1_212' title='bbox 479 2837 574 2901; x_wconf 86' lang='lat' dir='ltr'>bouae</span> <span class='ocrx_word' id='word_1_213' title='bbox 597 2841 738 2902; x_wconf 89' lang='lat' dir='ltr'>actionis</span> <span class='ocrx_word' id='word_1_214' title='bbox 753 2842 950 2918; x_wconf 86' lang='lat' dir='ltr'>percipiant,</span> <span class='ocrx_word' id='word_1_215' title='bbox 972 2843 1005 2905; x_wconf 92' lang='lat' dir='ltr'>et</span> <span class='ocrx_word' id='word_1_216' title='bbox 1023 2844 1111 2920; x_wconf 89' lang='lat' dir='ltr'>apud</span> 
     </span>
     <span class='ocr_line' id='line_1_33' title="bbox 317 2933 1113 3018; baseline 0.01 -24"><span class='ocrx_word' id='word_1_217' title='bbox 317 2933 502 2998; x_wconf 88' lang='lat' dir='ltr'>districtum</span> <span class='ocrx_word' id='word_1_218' title='bbox 524 2938 671 3014; x_wconf 75' lang='lat' dir='ltr'>judicem</span> <span class='ocrx_word' id='word_1_219' title='bbox 695 2937 832 3016; x_wconf 83' lang='lat' dir='ltr'>praemia</span> <span class='ocrx_word' id='word_1_220' title='bbox 857 2941 992 3002; x_wconf 80' lang='lat' dir='ltr'>mternae</span> <span class='ocrx_word' id='word_1_221' title='bbox 1018 2941 1113 3018; x_wconf 89' lang='lat' dir='ltr'>pacis</span> 
     </span>
     <span class='ocr_line' id='line_1_34' title="bbox 316 3029 631 3096; baseline 0.016 -6"><span class='ocrx_word' id='word_1_222' title='bbox 316 3029 500 3095; x_wconf 82' lang='lat' dir='ltr'>inveniant.</span> <span class='ocrx_word' id='word_1_223' title='bbox 516 3037 631 3096; x_wconf 82' lang='lat' dir='ltr'>Amen.</span> 
     </span>
    </p>

    <p class='ocr_par' dir='ltr' id='par_1_14' title="bbox 318 3129 1112 3303">
     <span class='ocr_line' id='line_1_35' title="bbox 355 3129 1112 3211; baseline 0.008 -22"><span class='ocrx_word' id='word_1_224' title='bbox 355 3129 423 3204; x_wconf 86' lang='lat' dir='ltr'>Ego</span> <span class='ocrx_word' id='word_1_225' title='bbox 445 3130 624 3204; x_wconf 89' lang='lat' dir='ltr'>Honorius,</span> <span class='ocrx_word' id='word_1_226' title='bbox 649 3132 822 3194; x_wconf 86' lang='lat' dir='ltr'>catholicae</span> <span class='ocrx_word' id='word_1_227' title='bbox 842 3133 1000 3195; x_wconf 83' lang='lat' dir='ltr'>Ecclesiae</span> <span class='ocrx_word' id='word_1_228' title='bbox 1022 3135 1112 3211; x_wconf 87' lang='lat' dir='ltr'>epis-</span> 
     </span>
     <span class='ocr_line' id='line_1_36' title="bbox 318 3240 431 3303; baseline 0 -17"><span class='ocrx_word' id='word_1_229' title='bbox 318 3240 431 3303; x_wconf 89' lang='lat' dir='ltr'>copus.</span> 
     </span>
    </p>

    <p class='ocr_par' dir='ltr' id='par_1_15' title="bbox 354 3325 1025 3404">
     <span class='ocr_line' id='line_1_37' title="bbox 354 3325 1025 3404; baseline 0.004 -19"><span class='ocrx_word' id='word_1_230' title='bbox 354 3325 423 3398; x_wconf 84' lang='lat' dir='ltr'>Ego</span> <span class='ocrx_word' id='word_1_231' title='bbox 439 3325 606 3400; x_wconf 82' lang='lat' dir='ltr'>Pelagius,</span> <span class='ocrx_word' id='word_1_232' title='bbox 622 3325 823 3388; x_wconf 71' lang='lat' dir='ltr'>albanensis</span> <span class='ocrx_word' id='word_1_233' title='bbox 838 3327 1025 3404; x_wconf 89' lang='lat' dir='ltr'>episcopus.</span> 
     </span>
    </p>

    <p class='ocr_par' dir='ltr' id='par_1_16' title="bbox 354 3421 1029 3503">
     <span class='ocr_line' id='line_1_38' title="bbox 354 3421 1029 3503; baseline 0.007 -22"><span class='ocrx_word' id='word_1_234' title='bbox 354 3421 422 3496; x_wconf 86' lang='lat' dir='ltr'>Ego</span> <span class='ocrx_word' id='word_1_235' title='bbox 436 3421 607 3492; x_wconf 75' lang='lat' dir='ltr'>Nicolaus</span> <span class='ocrx_word' id='word_1_236' title='bbox 621 3424 829 3484; x_wconf 81' lang='lat' dir='ltr'>Tusculanus</span> <span class='ocrx_word' id='word_1_237' title='bbox 842 3425 1029 3503; x_wconf 90' lang='lat' dir='ltr'>episcopus.</span> 
     </span>
    </p>

    <p class='ocr_par' dir='ltr' id='par_1_17' title="bbox 315 3520 1112 3694">
     <span class='ocr_line' id='line_1_39' title="bbox 355 3520 1112 3594; baseline 0.009 -15"><span class='ocrx_word' id='word_1_238' title='bbox 355 3521 423 3594; x_wconf 84' lang='lat' dir='ltr'>Ego</span> <span class='ocrx_word' id='word_1_239' title='bbox 443 3521 524 3592; x_wconf 79' lang='lat' dir='ltr'>Leo,</span> <span class='ocrx_word' id='word_1_240' title='bbox 551 3520 640 3581; x_wconf 88' lang='lat' dir='ltr'>tituli</span> <span class='ocrx_word' id='word_1_241' title='bbox 665 3523 697 3583; x_wconf 81' lang='lat' dir='ltr'>S.</span> <span class='ocrx_word' id='word_1_242' title='bbox 725 3523 840 3584; x_wconf 86' lang='lat' dir='ltr'>Crucis</span> <span class='ocrx_word' id='word_1_243' title='bbox 864 3522 900 3583; x_wconf 90' lang='lat' dir='ltr'>in</span> <span class='ocrx_word' id='word_1_244' title='bbox 924 3523 1112 3586; x_wconf 87' lang='lat' dir='ltr'>Jerusalem</span> 
     </span>
     <span class='ocr_line' id='line_1_40' title="bbox 315 3615 696 3694; baseline 0.008 -18"><span class='ocrx_word' id='word_1_245' title='bbox 315 3615 489 3694; x_wconf 87' lang='lat' dir='ltr'>presbyter</span> <span class='ocrx_word' id='word_1_246' title='bbox 504 3615 696 3679; x_wconf 88' lang='lat' dir='ltr'>cardinalis.</span> 
     </span>
    </p>

    <p class='ocr_par' dir='ltr' id='par_1_18' title="bbox 313 3715 1111 3890">
     <span class='ocr_line' id='line_1_41' title="bbox 354 3715 1111 3796; baseline 0.005 -20"><span class='ocrx_word' id='word_1_247' title='bbox 354 3717 422 3790; x_wconf 85' lang='lat' dir='ltr'>Ego</span> <span class='ocrx_word' id='word_1_248' title='bbox 447 3715 563 3784; x_wconf 80' lang='lat' dir='ltr'>Guala,</span> <span class='ocrx_word' id='word_1_249' title='bbox 589 3719 622 3777; x_wconf 89' lang='lat' dir='ltr'>S.</span> <span class='ocrx_word' id='word_1_250' title='bbox 646 3715 783 3779; x_wconf 86' lang='lat' dir='ltr'>Martini</span> <span class='ocrx_word' id='word_1_251' title='bbox 802 3717 975 3796; x_wconf 85' lang='lat' dir='ltr'>presbyter</span> <span class='ocrx_word' id='word_1_252' title='bbox 998 3720 1111 3782; x_wconf 91' lang='lat' dir='ltr'>cardi-</span> 
     </span>
     <span class='ocr_line' id='line_1_42' title="bbox 313 3811 851 3890; baseline 0.002 -17"><span class='ocrx_word' id='word_1_253' title='bbox 313 3811 400 3873; x_wconf 89' lang='lat' dir='ltr'>nalis</span> <span class='ocrx_word' id='word_1_254' title='bbox 415 3812 505 3875; x_wconf 90' lang='lat' dir='ltr'>tituli</span> <span class='ocrx_word' id='word_1_255' title='bbox 521 3813 655 3890; x_wconf 87' lang='lat' dir='ltr'>Equitii.</span> <span class='ocrx_word' id='word_1_256' title='bbox 849 3867 851 3874; x_wconf 80' lang='grc'>,</span> 
     </span>
    </p>

    <p class='ocr_par' dir='ltr' id='par_1_19' title="bbox 311 3909 1110 4085">
     <span class='ocr_line' id='line_1_43' title="bbox 353 3909 1110 3990; baseline 0.005 -18"><span class='ocrx_word' id='word_1_257' title='bbox 353 3913 421 3986; x_wconf 82' lang='lat' dir='ltr'>Ego</span> <span class='ocrx_word' id='word_1_258' title='bbox 437 3911 637 3988; x_wconf 87' lang='lat' dir='ltr'>Stephanus,</span> <span class='ocrx_word' id='word_1_259' title='bbox 652 3909 801 3973; x_wconf 89' lang='lat' dir='ltr'>basilicae</span> <span class='ocrx_word' id='word_1_260' title='bbox 814 3912 993 3974; x_wconf 87' lang='lat' dir='ltr'>Duodecim</span> <span class='ocrx_word' id='word_1_261' title='bbox 1008 3916 1110 3990; x_wconf 76' lang='lat' dir='ltr'>apos</span> 
     </span>
     <span class='ocr_line' id='line_1_44' title="bbox 311 4007 847 4085; baseline -0.002 -16"><span class='ocrx_word' id='word_1_262' title='bbox 311 4007 456 4069; x_wconf 82' lang='lat' dir='ltr'>telorum</span> <span class='ocrx_word' id='word_1_263' title='bbox 469 4008 642 4085; x_wconf 87' lang='lat' dir='ltr'>presbyter</span> <span class='ocrx_word' id='word_1_264' title='bbox 654 4009 847 4070; x_wconf 89' lang='lat' dir='ltr'>cardinalis.</span> 
     </span>
    </p>

    <p class='ocr_par' dir='ltr' id='par_1_20' title="bbox 314 4105 1108 4280">
     <span class='ocr_line' id='line_1_45' title="bbox 354 4105 1108 4181; baseline 0.007 -15"><span class='ocrx_word' id='word_1_265' title='bbox 354 4107 422 4181; x_wconf 84' lang='lat' dir='ltr'>Ego</span> <span class='ocrx_word' id='word_1_266' title='bbox 445 4105 636 4181; x_wconf 79' lang='lat' dir='ltr'>Gregorius,</span> <span class='ocrx_word' id='word_1_267' title='bbox 664 4105 752 4167; x_wconf 89' lang='lat' dir='ltr'>tituli</span> <span class='ocrx_word' id='word_1_268' title='bbox 775 4107 904 4170; x_wconf 85' lang='lat' dir='ltr'>Sanctae</span> <span class='ocrx_word' id='word_1_269' title='bbox 922 4109 1108 4171; x_wconf 79' lang='lat' dir='ltr'>Anastasiae</span> 
     </span>
     <span class='ocr_line' id='line_1_46' title="bbox 314 4202 695 4280; baseline 0 -18"><span class='ocrx_word' id='word_1_270' title='bbox 314 4202 487 4280; x_wconf 83' lang='lat' dir='ltr'>presbyter</span> <span class='ocrx_word' id='word_1_271' title='bbox 501 4203 695 4264; x_wconf 89' lang='lat' dir='ltr'>cardinalis.</span> 
     </span>
    </p>

    <p class='ocr_par' dir='ltr' id='par_1_21' title="bbox 311 4300 1109 4473">
     <span class='ocr_line' id='line_1_47' title="bbox 351 4300 1109 4380; baseline 0.007 -20"><span class='ocrx_word' id='word_1_272' title='bbox 351 4301 418 4374; x_wconf 74' lang='lat' dir='ltr'>Ego</span> <span class='ocrx_word' id='word_1_273' title='bbox 433 4300 587 4372; x_wconf 83' lang='lat' dir='ltr'>Thomas,</span> <span class='ocrx_word' id='word_1_274' title='bbox 608 4300 696 4362; x_wconf 90' lang='lat' dir='ltr'>tituli</span> <span class='ocrx_word' id='word_1_275' title='bbox 718 4301 847 4363; x_wconf 84' lang='lat' dir='ltr'>Sauctae</span> <span class='ocrx_word' id='word_1_276' title='bbox 866 4301 998 4364; x_wconf 85' lang='lat' dir='ltr'>Sabinae</span> <span class='ocrx_word' id='word_1_277' title='bbox 1014 4317 1109 4380; x_wconf 87' lang='lat' dir='ltr'>pres-</span> 
     </span>
     <span class='ocr_line' id='line_1_48' title="bbox 311 4393 616 4473; baseline 0 -17"><span class='ocrx_word' id='word_1_278' title='bbox 311 4393 409 4473; x_wconf 86' lang='lat' dir='ltr'>byter</span> <span class='ocrx_word' id='word_1_279' title='bbox 424 4397 616 4457; x_wconf 89' lang='lat' dir='ltr'>cardinalis.</span> 
     </span>
    </p>

    <p class='ocr_par' dir='ltr' id='par_1_22' title="bbox 308 4494 1109 4654">
     <span class='ocr_line' id='line_1_49' title="bbox 351 4494 1109 4574; baseline 0.008 -19"><span class='ocrx_word' id='word_1_280' title='bbox 351 4496 420 4570; x_wconf 78' lang='lat' dir='ltr'>ligo</span> <span class='ocrx_word' id='word_1_281' title='bbox 457 4494 669 4567; x_wconf 75' lang='lat' dir='ltr'>Octavmnus,</span> <span class='ocrx_word' id='word_1_282' title='bbox 706 4497 902 4558; x_wconf 78' lang='lat' dir='ltr'>Sanctorum</span> <span class='ocrx_word' id='word_1_283' title='bbox 938 4495 1047 4574; x_wconf 85' lang='lat' dir='ltr'>Sergii</span> <span class='ocrx_word' id='word_1_284' title='bbox 1076 4501 1109 4561; x_wconf 93' lang='lat' dir='ltr'>et</span> 
     </span>
     <span class='ocr_line' id='line_1_50' title="bbox 308 4591 791 4654; baseline 0.002 -1"><span class='ocrx_word' id='word_1_285' title='bbox 308 4591 412 4653; x_wconf 89' lang='lat' dir='ltr'>Bachi</span> <span class='ocrx_word' id='word_1_286' title='bbox 425 4591 584 4654; x_wconf 91' lang='lat' dir='ltr'>diaconus</span> <span class='ocrx_word' id='word_1_287' title='bbox 600 4593 791 4654; x_wconf 87' lang='lat' dir='ltr'>cardinalis.</span> 
     </span>
    </p>

    <p class='ocr_par' dir='ltr' id='par_1_23' title="bbox 310 4689 1107 4849">
     <span class='ocr_line' id='line_1_51' title="bbox 350 4689 1107 4766; baseline 0.005 -16"><span class='ocrx_word' id='word_1_288' title='bbox 350 4691 418 4765; x_wconf 83' lang='lat' dir='ltr'>Ego</span> <span class='ocrx_word' id='word_1_289' title='bbox 432 4691 622 4766; x_wconf 79' lang='lat' dir='ltr'>aragonius,</span> <span class='ocrx_word' id='word_1_290' title='bbox 641 4692 754 4754; x_wconf 86' lang='lat' dir='ltr'>Sancti</span> <span class='ocrx_word' id='word_1_291' title='bbox 767 4691 933 4753; x_wconf 86' lang='lat' dir='ltr'>Theodori</span> <span class='ocrx_word' id='word_1_292' title='bbox 947 4689 1107 4754; x_wconf 90' lang='lat' dir='ltr'>diaconus</span> 
     </span>
     <span class='ocr_line' id='line_1_52' title="bbox 310 4787 505 4849; baseline -0.01 0"><span class='ocrx_word' id='word_1_293' title='bbox 310 4787 505 4849; x_wconf 91' lang='lat' dir='ltr'>cardinalis.</span> 
     </span>
    </p>

    <p class='ocr_par' dir='ltr' id='par_1_24' title="bbox 308 4883 1106 5070">
     <span class='ocr_line' id='line_1_53' title="bbox 350 4883 1106 4962; baseline 0.001 -15"><span class='ocrx_word' id='word_1_294' title='bbox 350 4887 418 4962; x_wconf 84' lang='lat' dir='ltr'>Ego</span> <span class='ocrx_word' id='word_1_295' title='bbox 446 4887 627 4957; x_wconf 89' lang='lat' dir='ltr'>Romanus,</span> <span class='ocrx_word' id='word_1_296' title='bbox 655 4887 769 4948; x_wconf 86' lang='lat' dir='ltr'>Sancti</span> <span class='ocrx_word' id='word_1_297' title='bbox 794 4883 912 4962; x_wconf 87' lang='lat' dir='ltr'>Angeli</span> <span class='ocrx_word' id='word_1_298' title='bbox 945 4886 1106 4948; x_wconf 88' lang='lat' dir='ltr'>diaconus</span> 
     </span>
     <span class='ocr_line' id='line_1_54' title="bbox 308 4983 817 5070; baseline -0.002 -24"><span class='ocrx_word' id='word_1_299' title='bbox 308 4983 502 5046; x_wconf 87' lang='lat' dir='ltr'>cardinalis.</span> <span class='ocrx_word' id='word_1_300' title='bbox 814 5065 817 5070; x_wconf 20' lang='grc'>1</span> 
     </span>
    </p>

    <p class='ocr_par' dir='ltr' id='par_1_25' title="bbox 308 5079 1106 5242">
     <span class='ocr_line' id='line_1_55' title="bbox 349 5079 1106 5160; baseline -0.001 -16"><span class='ocrx_word' id='word_1_301' title='bbox 349 5085 417 5160; x_wconf 80' lang='lat' dir='ltr'>Ego</span> <span class='ocrx_word' id='word_1_302' title='bbox 433 5081 635 5158; x_wconf 88' lang='lat' dir='ltr'>Stephanus,</span> <span class='ocrx_word' id='word_1_303' title='bbox 654 5081 768 5143; x_wconf 86' lang='lat' dir='ltr'>Sancti</span> <span class='ocrx_word' id='word_1_304' title='bbox 787 5079 925 5142; x_wconf 79' lang='lat' dir='ltr'>Adriani</span> <span class='ocrx_word' id='word_1_305' title='bbox 946 5080 1106 5144; x_wconf 87' lang='lat' dir='ltr'>diaconus</span> 
     </span>
     <span class='ocr_line' id='line_1_56' title="bbox 308 5180 503 5242; baseline -0.015 0"><span class='ocrx_word' id='word_1_306' title='bbox 308 5180 503 5242; x_wconf 87' lang='lat' dir='ltr'>cardinalis.</span> 
     </span>
    </p>

    <p class='ocr_par' dir='ltr' id='par_1_26' title="bbox 308 5273 1105 5436">
     <span class='ocr_line' id='line_1_57' title="bbox 348 5273 1105 5354; baseline -0.003 -14"><span class='ocrx_word' id='word_1_307' title='bbox 348 5279 417 5354; x_wconf 81' lang='lat' dir='ltr'>Ego</span> <span class='ocrx_word' id='word_1_308' title='bbox 451 5279 580 5348; x_wconf 90' lang='lat' dir='ltr'>Petrus,</span> <span class='ocrx_word' id='word_1_309' title='bbox 611 5276 724 5336; x_wconf 83' lang='lat' dir='ltr'>Sancti</span> <span class='ocrx_word' id='word_1_310' title='bbox 751 5273 886 5351; x_wconf 83' lang='lat' dir='ltr'>Georgii</span> <span class='ocrx_word' id='word_1_311' title='bbox 921 5275 962 5336; x_wconf 89' lang='lat' dir='ltr'>ad</span> <span class='ocrx_word' id='word_1_312' title='bbox 988 5277 1105 5338; x_wconf 88' lang='lat' dir='ltr'>Velum</span> 
     </span>
     <span class='ocr_line' id='line_1_58' title="bbox 308 5371 838 5436; baseline -0.013 0"><span class='ocrx_word' id='word_1_313' title='bbox 308 5379 454 5436; x_wconf 87' lang='lat' dir='ltr'>Aureum</span> <span class='ocrx_word' id='word_1_314' title='bbox 470 5373 630 5434; x_wconf 89' lang='lat' dir='ltr'>diaconus</span> <span class='ocrx_word' id='word_1_315' title='bbox 646 5371 838 5432; x_wconf 89' lang='lat' dir='ltr'>cardinalis.</span> 
     </span>
    </p>

    <p class='ocr_par' dir='ltr' id='par_1_27' title="bbox 308 5469 1106 5642">
     <span class='ocr_line' id='line_1_59' title="bbox 349 5469 1105 5545; baseline -0.003 -11"><span class='ocrx_word' id='word_1_316' title='bbox 349 5472 468 5535; x_wconf 89' lang='lat' dir='ltr'>Datum</span> <span class='ocrx_word' id='word_1_317' title='bbox 495 5469 665 5541; x_wconf 87' lang='lat' dir='ltr'>Laterani,</span> <span class='ocrx_word' id='word_1_318' title='bbox 692 5481 752 5544; x_wconf 90' lang='lat' dir='ltr'>per</span> <span class='ocrx_word' id='word_1_319' title='bbox 787 5483 921 5528; x_wconf 91' lang='lat' dir='ltr'>manum</span> <span class='ocrx_word' id='word_1_320' title='bbox 954 5470 1105 5545; x_wconf 87' lang='lat' dir='ltr'>magistri</span> 
     </span>
     <span class='ocr_line' id='line_1_60' title="bbox 308 5563 1106 5642; baseline -0.004 -11"><span class='ocrx_word' id='word_1_321' title='bbox 308 5569 480 5641; x_wconf 79' lang='lat' dir='ltr'>(luidonis,</span> <span class='ocrx_word' id='word_1_322' title='bbox 499 5567 624 5629; x_wconf 90' lang='lat' dir='ltr'>domini</span> <span class='ocrx_word' id='word_1_323' title='bbox 641 5581 734 5642; x_wconf 87' lang='lat' dir='ltr'>papae</span> <span class='ocrx_word' id='word_1_324' title='bbox 750 5563 883 5640; x_wconf 89' lang='lat' dir='ltr'>notarii,</span> <span class='ocrx_word' id='word_1_325' title='bbox 901 5569 929 5627; x_wconf 87' lang='lat' dir='ltr'><strong>X</strong></span> <span class='ocrx_word' id='word_1_326' title='bbox 945 5567 1106 5629; x_wconf 88' lang='lat' dir='ltr'>kalendas</span> 
     </span>
    </p>
   </div>
   <div class='ocr_carea' id='block_1_13' title="bbox 1164 2183 1966 3809">
    <p class='ocr_par' dir='ltr' id='par_1_28' title="bbox 1164 2183 1966 3809">
     <span class='ocr_line' id='line_1_61' title="bbox 1170 2183 1965 2264; baseline 0.001 -19"><span class='ocrx_word' id='word_1_327' title='bbox 1170 2185 1277 2246; x_wconf 87' lang='lat' dir='ltr'>dendo</span> <span class='ocrx_word' id='word_1_328' title='bbox 1290 2188 1434 2248; x_wconf 88' lang='lat' dir='ltr'>castrum</span> <span class='ocrx_word' id='word_1_329' title='bbox 1450 2183 1631 2262; x_wconf 85' lang='lat' dir='ltr'>savignani</span> <span class='ocrx_word' id='word_1_330' title='bbox 1647 2187 1679 2248; x_wconf 90' lang='lat' dir='ltr'>et</span> <span class='ocrx_word' id='word_1_331' title='bbox 1705 2185 1746 2247; x_wconf 91' lang='lat' dir='ltr'>de</span> <span class='ocrx_word' id='word_1_332' title='bbox 1759 2186 1866 2262; x_wconf 86' lang='lat' dir='ltr'>pretio</span> <span class='ocrx_word' id='word_1_333' title='bbox 1892 2189 1965 2264; x_wconf 74' lang='lat' dir='ltr'>ejus</span> 
     </span>
     <span class='ocr_line' id='line_1_62' title="bbox 1171 2273 1966 2360; baseline 0.004 -18"><span class='ocrx_word' id='word_1_334' title='bbox 1171 2283 1255 2344; x_wconf 91' lang='lat' dir='ltr'>alias</span> <span class='ocrx_word' id='word_1_335' title='bbox 1267 2285 1493 2360; x_wconf 89' lang='lat' dir='ltr'>possessiones</span> <span class='ocrx_word' id='word_1_336' title='bbox 1507 2283 1645 2344; x_wconf 89' lang='lat' dir='ltr'>emendo</span> <span class='ocrx_word' id='word_1_337' title='bbox 1670 2273 1893 2345; x_wconf 88' lang='lat' dir='ltr'>conditionem</span> <span class='ocrx_word' id='word_1_338' title='bbox 1909 2301 1966 2345; x_wconf 90' lang='lat' dir='ltr'>ec-</span> 
     </span>
     <span class='ocr_line' id='line_1_63' title="bbox 1170 2379 1966 2459; baseline 0.003 -19"><span class='ocrx_word' id='word_1_339' title='bbox 1170 2379 1966 2459; x_wconf 86' lang='lat' dir='ltr'>clesiaesuaepossitlaceremeliorem,idlacien-</span> 
     </span>
     <span class='ocr_line' id='line_1_64' title="bbox 1169 2477 1961 2555; baseline 0.004 -18"><span class='ocrx_word' id='word_1_340' title='bbox 1169 2479 1202 2538; x_wconf 93' lang='lat' dir='ltr'>di</span> <span class='ocrx_word' id='word_1_341' title='bbox 1231 2478 1399 2540; x_wconf 91' lang='lat' dir='ltr'>licentiam</span> <span class='ocrx_word' id='word_1_342' title='bbox 1431 2479 1494 2540; x_wconf 91' lang='lat' dir='ltr'>sibi</span> <span class='ocrx_word' id='word_1_343' title='bbox 1522 2479 1704 2540; x_wconf 89' lang='lat' dir='ltr'>concedere</span> <span class='ocrx_word' id='word_1_344' title='bbox 1737 2477 1961 2555; x_wconf 88' lang='lat' dir='ltr'>dignaremur.</span> 
     </span>
     <span class='ocr_line' id='line_1_65' title="bbox 1168 2573 1963 2652; baseline 0.001 -17"><span class='ocrx_word' id='word_1_345' title='bbox 1168 2573 1311 2652; x_wconf 93' lang='lat' dir='ltr'>Ideoque</span> <span class='ocrx_word' id='word_1_346' title='bbox 1331 2575 1523 2636; x_wconf 90' lang='lat' dir='ltr'>discretioni</span> <span class='ocrx_word' id='word_1_347' title='bbox 1547 2578 1667 2636; x_wconf 85' lang='lat' dir='ltr'>vestrae</span> <span class='ocrx_word' id='word_1_348' title='bbox 1693 2591 1752 2652; x_wconf 93' lang='lat' dir='ltr'>per</span> <span class='ocrx_word' id='word_1_349' title='bbox 1775 2575 1963 2652; x_wconf 85' lang='lat' dir='ltr'>Apostolica</span> 
     </span>
     <span class='ocr_line' id='line_1_66' title="bbox 1168 2671 1963 2750; baseline 0.004 -19"><span class='ocrx_word' id='word_1_350' title='bbox 1168 2671 1291 2748; x_wconf 90' lang='lat' dir='ltr'>scripta</span> <span class='ocrx_word' id='word_1_351' title='bbox 1302 2672 1508 2744; x_wconf 86' lang='lat' dir='ltr'>mandamus,</span> <span class='ocrx_word' id='word_1_352' title='bbox 1526 2674 1690 2750; x_wconf 90' lang='lat' dir='ltr'>quatenus</span> <span class='ocrx_word' id='word_1_353' title='bbox 1704 2673 1812 2733; x_wconf 90' lang='lat' dir='ltr'>castro</span> <span class='ocrx_word' id='word_1_354' title='bbox 1827 2673 1911 2750; x_wconf 91' lang='lat' dir='ltr'>ipsc,</span> <span class='ocrx_word' id='word_1_355' title='bbox 1930 2674 1963 2735; x_wconf 87' lang='lat' dir='ltr'>et</span> 
     </span>
     <span class='ocr_line' id='line_1_67' title="bbox 1167 2767 1961 2847; baseline 0 -17"><span class='ocrx_word' id='word_1_356' title='bbox 1167 2769 1376 2846; x_wconf 85' lang='lat' dir='ltr'>pertinentiis</span> <span class='ocrx_word' id='word_1_357' title='bbox 1405 2773 1487 2846; x_wconf 87' lang='lat' dir='ltr'>ejus,</span> <span class='ocrx_word' id='word_1_358' title='bbox 1510 2785 1549 2830; x_wconf 91' lang='lat' dir='ltr'>ac</span> <span class='ocrx_word' id='word_1_359' title='bbox 1571 2767 1849 2847; x_wconf 89' lang='lat' dir='ltr'>possessionibus,</span> <span class='ocrx_word' id='word_1_360' title='bbox 1878 2785 1961 2847; x_wconf 90' lang='lat' dir='ltr'>quas</span> 
     </span>
     <span class='ocr_line' id='line_1_68' title="bbox 1167 2865 1962 2946; baseline 0.003 -20"><span class='ocrx_word' id='word_1_361' title='bbox 1167 2865 1207 2926; x_wconf 88' lang='lat' dir='ltr'>de</span> <span class='ocrx_word' id='word_1_362' title='bbox 1229 2867 1334 2943; x_wconf 90' lang='lat' dir='ltr'>pretio</span> <span class='ocrx_word' id='word_1_363' title='bbox 1350 2871 1421 2946; x_wconf 90' lang='lat' dir='ltr'>ejus</span> <span class='ocrx_word' id='word_1_364' title='bbox 1437 2867 1581 2944; x_wconf 90' lang='lat' dir='ltr'>disponit</span> <span class='ocrx_word' id='word_1_365' title='bbox 1608 2867 1715 2928; x_wconf 87' lang='lat' dir='ltr'>eidem</span> <span class='ocrx_word' id='word_1_366' title='bbox 1733 2867 1962 2943; x_wconf 87' lang='lat' dir='ltr'>archiepisco·</span> 
     </span>
     <span class='ocr_line' id='line_1_69' title="bbox 1167 2963 1961 3042; baseline 0.004 -19"><span class='ocrx_word' id='word_1_367' title='bbox 1167 2980 1228 3039; x_wconf 91' lang='lat' dir='ltr'>pus</span> <span class='ocrx_word' id='word_1_368' title='bbox 1245 2979 1366 3036; x_wconf 86' lang='lat' dir='ltr'>emere,</span> <span class='ocrx_word' id='word_1_369' title='bbox 1383 2965 1561 3042; x_wconf 88' lang='lat' dir='ltr'>diligenter</span> <span class='ocrx_word' id='word_1_370' title='bbox 1572 2964 1742 3042; x_wconf 90' lang='lat' dir='ltr'>inspectis,</span> <span class='ocrx_word' id='word_1_371' title='bbox 1758 2965 1786 3025; x_wconf 89' lang='lat' dir='ltr'>si</span> <span class='ocrx_word' id='word_1_372' title='bbox 1810 2963 1874 3026; x_wconf 92' lang='lat' dir='ltr'>hoo</span> <span class='ocrx_word' id='word_1_373' title='bbox 1893 2965 1961 3042; x_wconf 91' lang='lat' dir='ltr'>ipsi</span> 
     </span>
     <span class='ocr_line' id='line_1_70' title="bbox 1166 3060 1961 3139; baseline 0.003 -17"><span class='ocrx_word' id='word_1_374' title='bbox 1166 3060 1317 3124; x_wconf 87' lang='lat' dir='ltr'>ecclesiae</span> <span class='ocrx_word' id='word_1_375' title='bbox 1333 3063 1483 3124; x_wconf 87' lang='lat' dir='ltr'>videritis</span> <span class='ocrx_word' id='word_1_376' title='bbox 1499 3063 1667 3139; x_wconf 86' lang='lat' dir='ltr'>expedire,</span> <span class='ocrx_word' id='word_1_377' title='bbox 1689 3061 1722 3122; x_wconf 91' lang='lat' dir='ltr'>id</span> <span class='ocrx_word' id='word_1_378' title='bbox 1745 3062 1866 3138; x_wconf 90' lang='lat' dir='ltr'>agendi</span> <span class='ocrx_word' id='word_1_379' title='bbox 1886 3079 1961 3124; x_wconf 91' lang='lat' dir='ltr'>cum</span> 
     </span>
     <span class='ocr_line' id='line_1_71' title="bbox 1166 3159 1961 3236; baseline 0.003 -17"><span class='ocrx_word' id='word_1_380' title='bbox 1166 3159 1303 3236; x_wconf 89' lang='lat' dir='ltr'>capituli</span> <span class='ocrx_word' id='word_1_381' title='bbox 1319 3161 1371 3222; x_wconf 89' lang='lat' dir='ltr'>sui</span> <span class='ocrx_word' id='word_1_382' title='bbox 1386 3159 1526 3222; x_wconf 91' lang='lat' dir='ltr'>consilio</span> <span class='ocrx_word' id='word_1_383' title='bbox 1538 3162 1570 3223; x_wconf 90' lang='lat' dir='ltr'>et</span> <span class='ocrx_word' id='word_1_384' title='bbox 1582 3176 1757 3232; x_wconf 88' lang='lat' dir='ltr'>consensu,</span> <span class='ocrx_word' id='word_1_385' title='bbox 1771 3161 1879 3222; x_wconf 88' lang='lat' dir='ltr'>eidem</span> <span class='ocrx_word' id='word_1_386' title='bbox 1902 3175 1961 3222; x_wconf 93' lang='lat' dir='ltr'>ar-</span> 
     </span>
     <span class='ocr_line' id='line_1_72' title="bbox 1166 3257 1961 3335; baseline 0 -17"><span class='ocrx_word' id='word_1_387' title='bbox 1166 3257 1377 3335; x_wconf 91' lang='lat' dir='ltr'>chiepiscopo</span> <span class='ocrx_word' id='word_1_388' title='bbox 1410 3258 1608 3320; x_wconf 89' lang='lat' dir='ltr'>auctoritate</span> <span class='ocrx_word' id='word_1_389' title='bbox 1643 3259 1756 3320; x_wconf 91' lang='lat' dir='ltr'>nostra</span> <span class='ocrx_word' id='word_1_390' title='bbox 1790 3257 1961 3320; x_wconf 87' lang='lat' dir='ltr'>licentiam</span> 
     </span>
     <span class='ocr_line' id='line_1_73' title="bbox 1165 3353 1960 3433; baseline 0 -17"><span class='ocrx_word' id='word_1_391' title='bbox 1165 3355 1331 3428; x_wconf 88' lang='lat' dir='ltr'>tribuatis,</span> <span class='ocrx_word' id='word_1_392' title='bbox 1355 3357 1489 3433; x_wconf 86' lang='lat' dir='ltr'>proviso</span> <span class='ocrx_word' id='word_1_393' title='bbox 1516 3355 1669 3422; x_wconf 85' lang='lat' dir='ltr'>sollicite,</span> <span class='ocrx_word' id='word_1_394' title='bbox 1701 3353 1786 3433; x_wconf 90' lang='lat' dir='ltr'>quod</span> <span class='ocrx_word' id='word_1_395' title='bbox 1812 3356 1960 3432; x_wconf 77' lang='lat' dir='ltr'>eJusdem</span> 
     </span>
     <span class='ocr_line' id='line_1_74' title="bbox 1165 3453 1960 3530; baseline -0.001 -17"><span class='ocrx_word' id='word_1_396' title='bbox 1165 3453 1267 3514; x_wconf 88' lang='lat' dir='ltr'>castri</span> <span class='ocrx_word' id='word_1_397' title='bbox 1280 3454 1423 3530; x_wconf 91' lang='lat' dir='ltr'>pretium</span> <span class='ocrx_word' id='word_1_398' title='bbox 1448 3453 1483 3514; x_wconf 90' lang='lat' dir='ltr'>in</span> <span class='ocrx_word' id='word_1_399' title='bbox 1499 3453 1698 3530; x_wconf 89' lang='lat' dir='ltr'>emptionem</span> <span class='ocrx_word' id='word_1_400' title='bbox 1715 3453 1960 3530; x_wconf 90' lang='lat' dir='ltr'>possessionum</span> 
     </span>
     <span class='ocr_line' id='line_1_75' title="bbox 1165 3549 1960 3628; baseline -0.003 -16"><span class='ocrx_word' id='word_1_401' title='bbox 1165 3550 1237 3612; x_wconf 89' lang='lat' dir='ltr'>sine</span> <span class='ocrx_word' id='word_1_402' title='bbox 1253 3551 1470 3612; x_wconf 88' lang='lat' dir='ltr'>diminutione</span> <span class='ocrx_word' id='word_1_403' title='bbox 1479 3549 1625 3628; x_wconf 87' lang='lat' dir='ltr'>qualibet</span> <span class='ocrx_word' id='word_1_404' title='bbox 1649 3551 1870 3612; x_wconf 81' lang='lat' dir='ltr'>convertatur.</span> <span class='ocrx_word' id='word_1_405' title='bbox 1898 3551 1960 3611; x_wconf 91' lang='lat' dir='ltr'>Da·</span> 
     </span>
     <span class='ocr_line' id='line_1_76' title="bbox 1165 3647 1961 3726; baseline -0.003 -17"><span class='ocrx_word' id='word_1_406' title='bbox 1165 3648 1232 3709; x_wconf 92' lang='lat' dir='ltr'>tum</span> <span class='ocrx_word' id='word_1_407' title='bbox 1257 3649 1425 3722; x_wconf 86' lang='lat' dir='ltr'>Laterani,</span> <span class='ocrx_word' id='word_1_408' title='bbox 1455 3651 1500 3709; x_wconf 84' lang='lat' dir='ltr'>IX</span> <span class='ocrx_word' id='word_1_409' title='bbox 1521 3647 1682 3709; x_wconf 82' lang='lat' dir='ltr'>kalendas</span> <span class='ocrx_word' id='word_1_410' title='bbox 1698 3647 1801 3726; x_wconf 84' lang='lat' dir='ltr'>junii,</span> <span class='ocrx_word' id='word_1_411' title='bbox 1825 3647 1961 3726; x_wconf 87' lang='lat' dir='ltr'>pontill-</span> 
     </span>
     <span class='ocr_line' id='line_1_77' title="bbox 1164 3747 1633 3809; baseline -0.004 -2"><span class='ocrx_word' id='word_1_412' title='bbox 1164 3747 1258 3809; x_wconf 86' lang='lat' dir='ltr'>catus</span> <span class='ocrx_word' id='word_1_413' title='bbox 1278 3747 1384 3808; x_wconf 88' lang='lat' dir='ltr'>nostri</span> <span class='ocrx_word' id='word_1_414' title='bbox 1405 3748 1633 3808; x_wconf 84' lang='lat' dir='ltr'>annooctavo.</span> 
     </span>
    </p>
   </div>
   <div class='ocr_carea' id='block_1_14' title="bbox 1458 3980 1665 4067">
    <p class='ocr_par' dir='ltr' id='par_1_29' title="bbox 1458 3980 1665 4067">
     <span class='ocr_line' id='line_1_78' title="bbox 1458 3980 1665 4067; baseline 0 -1"><span class='ocrx_word' id='word_1_415' title='bbox 1458 3980 1665 4067; x_wconf 80' lang='lat' dir='ltr'>GCXXXII</span> 
     </span>
    </p>
   </div>
   <div class='ocr_carea' id='block_1_15' title="bbox 1183 4130 1934 4204">
    <p class='ocr_par' dir='ltr' id='par_1_30' title="bbox 1183 4130 1934 4204">
     <span class='ocr_line' id='line_1_79' title="bbox 1183 4130 1934 4204; baseline -0.001 -13"><span class='ocrx_word' id='word_1_416' title='bbox 1183 4133 1237 4191; x_wconf 79' lang='lat' dir='ltr'>Ad</span> <span class='ocrx_word' id='word_1_417' title='bbox 1250 4130 1405 4192; x_wconf 81' lang='lat' dir='ltr'>abbatem</span> <span class='ocrx_word' id='word_1_418' title='bbox 1419 4131 1454 4191; x_wconf 80' lang='lat' dir='ltr'>S.</span> <span class='ocrx_word' id='word_1_419' title='bbox 1470 4133 1624 4192; x_wconf 78' lang='lat' dir='ltr'>Dichortt</span> <span class='ocrx_word' id='word_1_420' title='bbox 1639 4132 1778 4204; x_wconf 69' lang='lat' dir='ltr'>ejsuque</span> <span class='ocrx_word' id='word_1_421' title='bbox 1791 4131 1934 4203; x_wconf 76' lang='lat' dir='ltr'>fratros.</span> 
     </span>
    </p>
   </div>
   <div class='ocr_carea' id='block_1_16' title="bbox 1164 4259 1955 4442">
    <p class='ocr_par' dir='ltr' id='par_1_31' title="bbox 1164 4259 1955 4442">
     <span class='ocr_line' id='line_1_80' title="bbox 1456 4259 1666 4319; baseline -0.014 0"><span class='ocrx_word' id='word_1_422' title='bbox 1456 4261 1491 4319; x_wconf 78' lang='lat' dir='ltr'>id</span> <span class='ocrx_word' id='word_1_423' title='bbox 1506 4261 1573 4318; x_wconf 83' lang='lat' dir='ltr'>maii</span> <span class='ocrx_word' id='word_1_424' title='bbox 1588 4259 1666 4318; x_wconf 74' lang='lat' dir='ltr'>liti.</span> 
     </span>
     <span class='ocr_line' id='line_1_81' title="bbox 1164 4375 1955 4442; baseline 0 -16"><span class='ocrx_word' id='word_1_425' title='bbox 1164 4378 1285 4442; x_wconf 79' lang='lat' dir='ltr'>[Regest.,</span> <span class='ocrx_word' id='word_1_426' title='bbox 1297 4376 1341 4428; x_wconf 89' lang='lat' dir='ltr'>lib.</span> <span class='ocrx_word' id='word_1_427' title='bbox 1357 4377 1422 4434; x_wconf 77' lang='lat' dir='ltr'>llll,</span> <span class='ocrx_word' id='word_1_428' title='bbox 1438 4375 1511 4440; x_wconf 89' lang='lat' dir='ltr'>epist.</span> <span class='ocrx_word' id='word_1_429' title='bbox 1527 4375 1581 4426; x_wconf 73' lang='lat' dir='ltr'>tt8.</span> <span class='ocrx_word' id='word_1_430' title='bbox 1598 4378 1655 4428; x_wconf 87' lang='lat' dir='ltr'>llss.</span> <span class='ocrx_word' id='word_1_431' title='bbox 1671 4377 1708 4427; x_wconf 85' lang='lat' dir='ltr'>La</span> <span class='ocrx_word' id='word_1_432' title='bbox 1723 4377 1800 4428; x_wconf 83' lang='lat' dir='ltr'>Porta</span> <span class='ocrx_word' id='word_1_433' title='bbox 1816 4376 1851 4426; x_wconf 86' lang='lat' dir='ltr'>du</span> <span class='ocrx_word' id='word_1_434' title='bbox 1861 4376 1955 4440; x_wconf 83' lang='lat' dir='ltr'>Theil]</span> 
     </span>
    </p>
   </div>
   <div class='ocr_carea' id='block_1_17' title="bbox 1162 4491 1959 4740">
    <p class='ocr_par' dir='ltr' id='par_1_32' title="bbox 1162 4491 1959 4740">
     <span class='ocr_line' id='line_1_82' title="bbox 1162 4491 1959 4552; baseline -0.005 0"><span class='ocrx_word' id='word_1_435' title='bbox 1162 4493 1367 4552; x_wconf 85' lang='lat' dir='ltr'>llouasterium</span> <span class='ocrx_word' id='word_1_436' title='bbox 1387 4493 1415 4550; x_wconf 88' lang='lat' dir='ltr'>S.</span> <span class='ocrx_word' id='word_1_437' title='bbox 1442 4491 1567 4550; x_wconf 80' lang='lat' dir='ltr'>Richarii</span> <span class='ocrx_word' id='word_1_438' title='bbox 1587 4491 1639 4550; x_wconf 86' lang='lat' dir='ltr'>sub</span> <span class='ocrx_word' id='word_1_439' title='bbox 1667 4505 1718 4550; x_wconf 87' lang='lat' dir='ltr'>sua</span> <span class='ocrx_word' id='word_1_440' title='bbox 1734 4500 1764 4549; x_wconf 87' lang='lat' dir='ltr'>et</span> <span class='ocrx_word' id='word_1_441' title='bbox 1777 4491 1852 4550; x_wconf 85' lang='lat' dir='ltr'>besti</span> <span class='ocrx_word' id='word_1_442' title='bbox 1880 4493 1959 4550; x_wconf 84' lang='lat' dir='ltr'>Petri</span> 
     </span>
     <span class='ocr_line' id='line_1_83' title="bbox 1180 4579 1955 4655; baseline -0.008 -11"><span class='ocrx_word' id='word_1_443' title='bbox 1180 4582 1373 4654; x_wconf 74' lang='lat' dir='ltr'>‚protentione</span> <span class='ocrx_word' id='word_1_444' title='bbox 1395 4581 1516 4653; x_wconf 85' lang='lat' dir='ltr'>suscipit</span> <span class='ocrx_word' id='word_1_445' title='bbox 1534 4595 1569 4638; x_wconf 86' lang='lat' dir='ltr'>ac</span> <span class='ocrx_word' id='word_1_446' title='bbox 1591 4579 1678 4650; x_wconf 91' lang='lat' dir='ltr'>bona,</span> <span class='ocrx_word' id='word_1_447' title='bbox 1701 4595 1822 4654; x_wconf 84' lang='lat' dir='ltr'>quorum</span> <span class='ocrx_word' id='word_1_448' title='bbox 1835 4582 1955 4655; x_wconf 87' lang='lat' dir='ltr'>plurima</span> 
     </span>
     <span class='ocr_line' id='line_1_84' title="bbox 1197 4669 1511 4740; baseline 0 -13"><span class='ocrx_word' id='word_1_449' title='bbox 1197 4677 1337 4740; x_wconf 63' lang='lat' dir='ltr'>recenset</span> <span class='ocrx_word' id='word_1_450' title='bbox 1350 4669 1511 4728; x_wconf 81' lang='lat' dir='ltr'>coufirmat.</span> 
     </span>
    </p>
   </div>
   <div class='ocr_carea' id='block_1_18' title="bbox 1161 4785 1957 5642">
    <p class='ocr_par' dir='ltr' id='par_1_33' title="bbox 1161 4785 1957 5238">
     <span class='ocr_line' id='line_1_85' title="bbox 1202 4785 1956 4863; baseline 0 -15"><span class='ocrx_word' id='word_1_451' title='bbox 1202 4787 1382 4859; x_wconf 89' lang='lat' dir='ltr'>Honorius,</span> <span class='ocrx_word' id='word_1_452' title='bbox 1396 4787 1472 4859; x_wconf 79' lang='lat' dir='ltr'>eto,</span> <span class='ocrx_word' id='word_1_453' title='bbox 1490 4786 1619 4848; x_wconf 91' lang='lat' dir='ltr'>dilectis</span> <span class='ocrx_word' id='word_1_454' title='bbox 1635 4785 1715 4848; x_wconf 88' lang='lat' dir='ltr'>illiis</span> <span class='ocrx_word' id='word_1_455' title='bbox 1733 4786 1865 4863; x_wconf 87' lang='lat' dir='ltr'>Hugoni</span> <span class='ocrx_word' id='word_1_456' title='bbox 1893 4786 1956 4849; x_wconf 94' lang='lat' dir='ltr'>ab·</span> 
     </span>
     <span class='ocr_line' id='line_1_86' title="bbox 1161 4883 1955 4960; baseline 0 -16"><span class='ocrx_word' id='word_1_457' title='bbox 1161 4883 1230 4946; x_wconf 90' lang='lat' dir='ltr'>bati</span> <span class='ocrx_word' id='word_1_458' title='bbox 1244 4885 1358 4946; x_wconf 86' lang='lat' dir='ltr'>Sancti</span> <span class='ocrx_word' id='word_1_459' title='bbox 1371 4883 1522 4945; x_wconf 88' lang='lat' dir='ltr'>Richarii</span> <span class='ocrx_word' id='word_1_460' title='bbox 1545 4887 1682 4960; x_wconf 88' lang='lat' dir='ltr'>ejusque</span> <span class='ocrx_word' id='word_1_461' title='bbox 1704 4883 1863 4946; x_wconf 76' lang='lat' dir='ltr'>iratribus</span> <span class='ocrx_word' id='word_1_462' title='bbox 1888 4887 1955 4946; x_wconf 90' lang='lat' dir='ltr'>tam</span> 
     </span>
     <span class='ocr_line' id='line_1_87' title="bbox 1161 4981 1956 5058; baseline 0.003 -16"><span class='ocrx_word' id='word_1_463' title='bbox 1161 4982 1395 5058; x_wconf 81' lang='lat' dir='ltr'>praesentihus,</span> <span class='ocrx_word' id='word_1_464' title='bbox 1409 4997 1509 5058; x_wconf 90' lang='lat' dir='ltr'>quam</span> <span class='ocrx_word' id='word_1_465' title='bbox 1523 4981 1644 5043; x_wconf 86' lang='lat' dir='ltr'>suturis</span> <span class='ocrx_word' id='word_1_466' title='bbox 1657 4981 1956 5056; x_wconf 86' lang='lat' dir='ltr'>regularemvitam</span> 
     </span>
     <span class='ocr_line' id='line_1_88' title="bbox 1161 5078 1957 5156; baseline 0.003 -16"><span class='ocrx_word' id='word_1_467' title='bbox 1161 5079 1320 5156; x_wconf 81' lang='lat' dir='ltr'>professis</span> <span class='ocrx_word' id='word_1_468' title='bbox 1331 5080 1366 5141; x_wconf 92' lang='lat' dir='ltr'>iu</span> <span class='ocrx_word' id='word_1_469' title='bbox 1380 5080 1588 5156; x_wconf 89' lang='lat' dir='ltr'>perpetuum,</span> <span class='ocrx_word' id='word_1_470' title='bbox 1606 5079 1748 5141; x_wconf 88' lang='lat' dir='ltr'>salutem</span> <span class='ocrx_word' id='word_1_471' title='bbox 1767 5078 1957 5156; x_wconf 78' lang='lat' dir='ltr'>etaposto-</span> 
     </span>
     <span class='ocr_line' id='line_1_89' title="bbox 1161 5171 1781 5238; baseline 0.002 -2"><span class='ocrx_word' id='word_1_472' title='bbox 1161 5176 1260 5238; x_wconf 91' lang='lat' dir='ltr'>licam</span> <span class='ocrx_word' id='word_1_473' title='bbox 1275 5176 1550 5238; x_wconf 87' lang='lat' dir='ltr'>benedictionem.</span> <span class='ocrx_word' id='word_1_474' title='bbox 1777 5171 1781 5180; x_wconf 89' lang='lat'>&#39;</span> 
     </span>
    </p>

    <p class='ocr_par' dir='ltr' id='par_1_34' title="bbox 1161 5272 1957 5642">
     <span class='ocr_line' id='line_1_90' title="bbox 1202 5272 1956 5347; baseline 0 -13"><span class='ocrx_word' id='word_1_475' title='bbox 1202 5275 1278 5336; x_wconf 92' lang='lat' dir='ltr'>Ideo</span> <span class='ocrx_word' id='word_1_476' title='bbox 1293 5291 1419 5347; x_wconf 89' lang='lat' dir='ltr'>sumus,</span> <span class='ocrx_word' id='word_1_477' title='bbox 1435 5272 1693 5345; x_wconf 72' lang='lat' dir='ltr'>licetimmeriu</span> <span class='ocrx_word' id='word_1_478' title='bbox 1704 5273 1744 5334; x_wconf 92' lang='lat' dir='ltr'>ad</span> <span class='ocrx_word' id='word_1_479' title='bbox 1755 5273 1956 5334; x_wconf 86' lang='lat' dir='ltr'>universalis</span> 
     </span>
     <span class='ocr_line' id='line_1_91' title="bbox 1161 5371 1957 5448; baseline 0 -16"><span class='ocrx_word' id='word_1_480' title='bbox 1161 5373 1318 5440; x_wconf 85' lang='lat' dir='ltr'>Ecclesiae</span> <span class='ocrx_word' id='word_1_481' title='bbox 1333 5373 1482 5448; x_wconf 83' lang='lat' dir='ltr'>regimen</span> <span class='ocrx_word' id='word_1_482' title='bbox 1497 5371 1705 5447; x_wconf 84' lang='lat' dir='ltr'>providentia</span> <span class='ocrx_word' id='word_1_483' title='bbox 1718 5385 1870 5448; x_wconf 87' lang='lat' dir='ltr'>supernae</span> <span class='ocrx_word' id='word_1_484' title='bbox 1887 5371 1957 5432; x_wconf 92' lang='lat' dir='ltr'>dis-</span> 
     </span>
     <span class='ocr_line' id='line_1_92' title="bbox 1161 5468 1956 5548; baseline -0.003 -16"><span class='ocrx_word' id='word_1_485' title='bbox 1161 5470 1335 5548; x_wconf 87' lang='lat' dir='ltr'>positionis</span> <span class='ocrx_word' id='word_1_486' title='bbox 1362 5469 1534 5546; x_wconf 87' lang='lat' dir='ltr'>assumpti,</span> <span class='ocrx_word' id='word_1_487' title='bbox 1563 5470 1600 5530; x_wconf 88' lang='lat' dir='ltr'>ut</span> <span class='ocrx_word' id='word_1_488' title='bbox 1628 5483 1689 5545; x_wconf 91' lang='lat' dir='ltr'>pro</span> <span class='ocrx_word' id='word_1_489' title='bbox 1723 5468 1956 5530; x_wconf 84' lang='lat' dir='ltr'>universarum</span> 
     </span>
     <span class='ocr_line' id='line_1_93' title="bbox 1161 5565 1956 5642; baseline -0.004 -14"><span class='ocrx_word' id='word_1_490' title='bbox 1161 5568 1377 5630; x_wconf 88' lang='lat' dir='ltr'>ecclesiarum</span> <span class='ocrx_word' id='word_1_491' title='bbox 1394 5569 1482 5630; x_wconf 87' lang='lat' dir='ltr'>statu</span> <span class='ocrx_word' id='word_1_492' title='bbox 1494 5567 1589 5642; x_wconf 84' lang='lat' dir='ltr'>vigili</span> <span class='ocrx_word' id='word_1_493' title='bbox 1604 5565 1782 5628; x_wconf 88' lang='lat' dir='ltr'>debeamus</span> <span class='ocrx_word' id='word_1_494' title='bbox 1802 5579 1882 5627; x_wconf 88' lang='lat' dir='ltr'>cura</span> <span class='ocrx_word' id='word_1_495' title='bbox 1898 5581 1956 5626; x_wconf 87' lang='lat' dir='ltr'>sa.-</span> 
     </span>
    </p>
   </div>
   <div class='ocr_carea' id='block_1_19' title="bbox 0 0 2136 6379">
    <p class='ocr_par' dir='ltr' id='par_1_35' title="bbox 0 0 2136 6379">
     <span class='ocr_line' id='line_1_94' title="bbox 0 0 2136 6379; baseline 0 0"><span class='ocrx_word' id='word_1_496' title='bbox 0 0 2136 6379; x_wconf 95' lang='lat' dir='ltr'> </span> 
     </span>
    </p>
   </div>
  </div>
 </body>
</html>
