4274 6388
353 305 413 376 see
966 307 1142 372 uouoau
1164 261 1209 370 ru
1230 305 1378 370 crena.
1406 313 1409 318 ¹
1935 305 1993 372 sac

352 463 429 526 liter
457 462 681 540 procedemus,
709 465 833 526 terram
856 466 960 538 tuam,
985 467 1083 542 prout
1105 465 1142 528 in
1197 463 1257 528 bus
1269 465 1449 542 respirare,
1463 463 1580 526 iamnli
1600 463 1748 540 episcopi
1769 461 1944 526 memorati
1959 463 1996 528 et

352 560 429 622 aliis
450 559 570 622 litteris
591 559 651 622 tibi
674 559 795 622 luimus
813 562 1016 634 comminati,
1038 577 1143 639 expo-
1197 563 1432 626 canonicorum
1468 560 1663 622 Albensium
1692 575 1761 622 suaa
1787 560 1994 636 paupertatis

352 658 461 719 nendo
481 657 615 733 regibus
630 659 663 719 et
680 657 887 736 principibus
902 660 1139 736 occupandam,
1197 659 1364 721 residuum
1375 659 1410 720 in
1420 658 1598 736 superfluis
1608 657 1906 720 comessationibus
1916 672 1995 718 con·

350 755 397 816 ita
415 754 501 832 quod
520 754 616 816 cedat
634 755 669 815 in
687 757 742 832 Jus
758 757 953 832 perpetuum
975 771 1143 832 occupan-
1197 757 1416 832 sumpserunt.
1428 756 1522 818 Unde
1535 754 1630 816 nobis
1642 755 1814 816 humiliter
1823 753 1995 831 supplica-

349 852 444 923 dum,
461 852 494 913 et
512 851 626 912 fideles
641 853 715 912 tuos
732 865 753 912 a
770 851 939 914 nneutatis
953 852 1063 915 debito
1083 852 1143 914 ab·
1196 853 1284 924 runt,
1309 853 1346 914 ut
1372 868 1425 923 ne,
1454 851 1539 929 quod
1565 851 1669 924 absit,
1696 867 1758 928 per
1778 851 1994 914 amissionem

350 949 519 1019 solvendo,
535 949 569 1010 et
582 964 697 1010 omues
710 949 765 1024 qui
780 949 842 1011 tibi
857 949 1070 1021 adhaeserint,
1088 965 1144 1010 ex·
1197 949 1448 1024 privilegiorum
1469 963 1603 1010 suorum
1623 948 1860 1010 monasterium
1884 947 1994 1023 ipsum

349 1045 797 1108 communicationisviuculo
808 1046 1011 1108 innodando.
1024 1047 1142 1108 Datum
1197 1045 1328 1122 penitus
1355 1045 1554 1117 destruatur,
1580 1045 1720 1121 paterna
1747 1043 1812 1106 eibi
1836 1044 1996 1120 dignare-

348 1143 466 1214 Alatri,
491 1145 566 1204 XVI
589 1142 657 1204 kal.
680 1143 771 1221 julii,
794 1143 1006 1220 pontificatus
1033 1143 1142 1206 nostri
1197 1158 1272 1204 marr
1296 1142 1520 1204 sollicitudine
1548 1141 1735 1219 providere,
1762 1141 1923 1228 facientes
1940 1140 1993 1204 eis

349 1253 437 1302 anuo
457 1241 563 1302 sexto.
980 1287 983 1294 .
1197 1255 1266 1302 suae
1293 1239 1457 1302 libertatis
1483 1239 1693 1316 privilegium
1717 1239 1882 1309 innovari,
1900 1239 1933 1300 et
1951 1237 1994 1300 de

1197 1337 1362 1414 praedietis
1381 1336 1689 1414 iujuriiejustitiam
1709 1335 1875 1398 exhiheri.
1897 1339 1991 1408 Quo-

1197 1435 1286 1496 circa
1324 1432 1516 1496 discretioni
1557 1433 1678 1496 vestrae
1714 1447 1775 1510 per
1802 1433 1994 1509 apostolica

680 1531 810 1618 GGXX
1198 1531 1321 1608 scripta
1357 1530 1507 1594 districte
1537 1530 1759 1608 praecipiendo
1785 1529 1992 1602 mandamus,

1197 1631 1371 1705 quatenus,
1391 1627 1516 1690 vocatis
1542 1627 1599 1704 qni
1624 1626 1749 1688 luerint
1773 1627 1945 1699 evocandi,
1960 1627 1996 1690 et

1197 1725 1356 1802 inquisita
1370 1740 1471 1801 super
1498 1724 1678 1800 praemissis
1694 1723 1847 1785 omnibus
1861 1723 2012 1808 plenius,

1197 1823 1359 1895 ueritate,
1394 1837 1467 1899 quaa
1495 1821 1710 1894 inveneritis,
1740 1820 1829 1882 inira
1849 1821 1994 1898 quatuor

639 1951 672 2009 Ἡ
686 1950 760 2024 junii
774 1951 853 2009 llll.
1198 1934 1328 1980 meuses
1343 1920 1417 1996 post
1425 1919 1669 1996 susceptionem
1685 1918 1909 1995 praesentium,
1922 1933 1995 1980 vea-

1197 2015 1258 2076 tris
1273 2015 1368 2076 nohis
1383 2007 1512 2077 ‘litteris
1535 2015 1677 2077 lideliter
1690 2015 1860 2088 intimetis,
1882 2014 1996 2091 prad-

1197 2113 1311 2187 gentes
1323 2111 1472 2188 partibus
1482 2113 1658 2174 terminum
1666 2112 1915 2188 competentem,
1928 2127 1994 2188 quo

347 2195 463 2258 ltandat
477 2204 507 2254 ut
525 2196 673 2255 ueritatem
686 2196 721 2256 de
736 2197 849 2256 damnis
867 2197 1040 2254 monasterio
1052 2195 1144 2252 beata
1198 2223 1234 2269 ΒΘ
1243 2209 1357 2270 nostro
1369 2209 1558 2286 conspectui
1571 2223 1631 2286 per
1646 2225 1682 2270 50
1693 2209 1748 2271 201
1763 2223 1823 2285 pop
1837 2223 1995 2286 prmum.

382 2285 481 2344 Mfflffl
499 2284 535 2343 ‘¹⁰
552 2285 617 2386 (ΠΨ
634 2285 721 2344 1⁸³¹ss
741 2285 895 2358 ¹¹¹Q¹¹¹f⁸⁰²³
909 2282 1141 2358 Pilum-⁹³⁸³&
1198 2305 1288 2381 tores
1302 2304 1441 2367 idoneos
1461 2306 1710 2382 repraesentant,
1725 2305 1811 2382 quod
1826 2321 1926 2382 super
1939 2305 1993 2366 lais

382 2380 486 2474 ⁸5⁰¹&
507 2379 660 2474 ‘mum
683 2379 896 2473 ⁰⁰,m90‘0m0m
911 2387 967 2446 (1¹¹⁰
977 2387 1009 2430 ’θ
1018 2373 1141 2444 ΛΜΨ·
1199 2402 1413 2464 statuerimus
1447 2403 1624 2480 recepturi.
1650 2401 1742 2475 Quod
1771 2403 1801 2464 si
1824 2417 1891 2464 non
1916 2416 1994 2463 om-

381 2461 445 2518 ¹¹⁰oe
460 2461 541 2518 sem
559 2469 724 2534 ⁰⁰⁰⁸⁹⁰⁰m¹
737 2465 950 2536 'ep'fflemem'
1199 2515 1269 2571 nes,
1284 2501 1359 2572 etc„
1369 2514 1435 2560 non
1445 2497 1596 2560 obstante
1606 2499 1841 2562 constitutione
1851 2498 1994 2562 concilii

388 2585 556 2648 Honorius
569 2586 1063 2663 episcopus,sersussorrorum
1071 2583 1142 2658 Dei,
1198 2595 1457 2672 generalisque
1480 2597 1626 2667 cavetur,
1656 2611 1699 2658 ne
1723 2595 1797 2673 quis
1811 2595 1899 2657 ultra
1910 2595 1995 2656 duas

347 2682 533 2748 Venerabili
554 2682 688 2744 fratri...
711 2683 870 2760 episcopo
880 2682 1036 2746 vaciensi
1050 2681 1084 2743 θὶ
1098 2681 1146 2744 di·
1199 2691 1315 2754 diaeias
1342 2695 1438 2755 extra
1451 2707 1546 2754 suam
1570 2692 1741 2754 dioecesim
1780 2708 1840 2768 per
1865 2691 1995 2754 litteras

350 2779 447 2842 lectis
489 2779 568 2840 liliis
591 2778 702 2841 abbati
733 2779 897 2856 Egriensi,
926 2777 1146 2840 cenadiensis
1198 2788 1405 2864 Apostolicas
1423 2787 1635 2865 adjudicium
1646 2787 1859 2864 trahipossit,
1875 2789 1997 2850 patum

347 2876 513 2949 dioecesis,
531 2877 636 2950 ete,
657 2876 837 2953 preposito
860 2875 1028 2948 vaciensi,
1048 2874 1143 2936 salu-
1200 2885 1367 2956 ueterani,
1396 2886 1442 2946 xl
1466 2883 1627 2946 kalendas
1657 2883 1747 2962 julii,
1780 2883 1997 2961 pontificatus

347 2975 413 3036 tem
422 2973 455 3036 et
464 2973 688 3050 apostolicam
697 2972 973 3036 benedictionem.
1200 2982 1304 3046 nostri
1321 2996 1409 3043 anno
1421 2981 1527 3044 sexto.

388 3071 528 3130 Gravem
557 3067 752 3129 dilectorum
779 3066 924 3128 filiorum
957 3066 1086 3130 abbatis
1113 3066 1147 3128 et

349 3165 530 3228 conventus
554 3163 746 3226 monasterii
760 3163 867 3226 beatae
879 3163 995 3224 Mariae
1010 3163 1051 3224 de
1068 3163 1145 3224 Cius
1668 3195 1669 3200 κ

348 3261 534 3339 recepimus
552 3261 778 3338 questionem,
795 3261 882 3338 quod
897 3275 998 3338 quum
1012 3273 1147 3320 monas-
1523 3283 1674 3372 CCXXI

348 3358 470 3424 terium
495 3358 620 3434 ipsum,
646 3357 732 3433 quod
755 3357 797 3419 ad
825 3372 887 3418 nos
916 3355 1008 3418 nullo
1037 3355 1145 3418 medio
1255 3359 1258 3365 “

349 3454 503 3533 pertinet,
519 3469 586 3516 non
612 3454 720 3516 solum
743 3453 942 3530 Apostolicae
970 3453 1066 3515 Sedis
1088 3452 1145 3514 sed
1200 3437 1252 3496 Ad
1272 3435 1479 3496 abbaiiSsam
1503 3435 1537 3496 et
1560 3435 1765 3496 Conveniam
1789 3434 1996 3506 molita-iterii

349 3551 451 3614 etiam
476 3550 646 3626 regalibus
660 3550 779 3612 luisset
794 3549 979 3628 privilegiis
994 3565 1145 3612 commu·
1411 3535 1446 3594 S·
1462 3533 1588 3592 Mali&
1601 3534 1642 3593 de
1653 3531 1792 3594 Avillii·

350 3649 466 3720 ultum,
483 3646 578 3710 bonae
593 3647 761 3709 memoriae
771 3649 825 3708 W.
837 3647 1013 3724 episcopus
1028 3645 1147 3708 Alben-
1489 3669 1522 3727 ῃ
1536 3668 1608 3741 junii
1622 3669 1701 3728 1222.

351 3745 409 3818 sis,
431 3761 572 3822 sequens
592 3744 802 3822 tyrannidem
825 3747 863 3806 A.
892 3743 1146 3821 praedecessoris

350 3843 414 3915 sui,
431 3843 593 3920 quietim,
610 3842 778 3904 destructo
791 3841 906 3904 eodem
930 3840 1154 3912 monasterio,¹

350 3943 387 4004 Β.
418 3943 664 4003 antecessorem
688 3939 793 4018 ipsius
817 3937 946 4002 abbatis
968 3936 1148 4000 crudeliter
1212 3915 1283 3976 Illud
1299 3915 1566 3975 monasteriumsub
1579 3915 1654 3974 beati
1670 3916 1745 3976 Petri
1760 3925 1788 3976 et
1802 3932 1856 3976 sua
1879 3925 1997 3991 protec-

350 4037 545 4114 captlsarat,
573 4036 724 4098 eumdem
750 4036 902 4098 abbatem
931 4036 965 4098 et
989 4035 1072 4098 duos
1104 4049 1148 4094 er
1484 4012 1560 4062 ”⁰¹¹⁶
1575 4013 1704 4077 mcum·

351 4132 510 4196 iratribus
529 4133 600 4195 suis
615 4148 681 4194 una
697 4148 771 4194 oum
782 4135 835 4200 R„
846 4134 889 4205 J„
903 4133 955 4203 A,
972 4130 1007 4194 et
1024 4133 1073 4204 E,
1090 4145 1149 4192 ca·
1242 4129 1409 4192 Honorius
1418 4129 1604 4206 episcopus,
1614 4145 1728 4192 servus
1739 4146 1910 4194 servorum
1921 4133 1993 4200 liei,

351 4229 481 4292 nonicis
493 4228 706 4302 Albensibus,
721 4231 754 4292 et
773 4227 969 4306 qninnsdam
984 4228 1072 4301 aliis,
1087 4228 1147 4288 Dei
1203 4227 1332 4290 dilectis
1347 4227 1383 4288 in
1396 4227 1526 4288 Christo
1542 4226 1674 4289 filiabus
1686 4227 1995 4300 abbatissaeaccon·

350 4327 470 4390 timore
484 4326 676 4402 postposito,
700 4325 787 4402 cepit
814 4325 1021 4396 immaniter,
1043 4324 1077 4386 et
1098 4323 1148 4386 eis
1202 4323 1316 4387 ventui
1344 4324 1539 4388 monasterii
1566 4323 1605 4385 de
1633 4325 1785 4398 avesnis,
1809 4325 1998 4388 salutemet

350 4422 482 4486 traditis
515 4421 674 4484 custodiae
702 4423 889 4495 carcerali,
922 4421 1148 4499 supradictum
1203 4421 1425 4498 apostolicam
1440 4420 1714 4483 benedictionem.

350 4519 587 4582 monasterium
603 4518 764 4581 violenter
779 4519 989 4595 aggrediens,
1006 4517 1147 4596 privile·-
1244 4519 1334 4580 Solet
1348 4534 1496 4581 annuere
1512 4519 1612 4580 Sedes
1626 4517 1816 4594 apostolica
1832 4517 1896 4596 piis
1910 4519 1997 4582 rotie

351 4618 443 4695 gium
457 4615 523 4694 ipsi
538 4614 580 4677 ab
593 4615 783 4692 apostolica
797 4615 881 4676 Sede
894 4614 1056 4676 indultum
1072 4615 1150 4690 igne
1203 4617 1236 4678 et
1261 4615 1409 4686 honestis
1436 4615 1618 4692 petentium
1647 4613 1820 4676 desideriis
1850 4615 1998 4680 savorem

346 1682 398 1740 Ad
411 1681 585 1741 Reiectum
602 1683 798 1756 episcopum
818 1683 1029 1752 Vectenscm,
1046 1682 1144 1742 aboa-

387 1775 456 1838 tem
471 1779 675 1854 ilerdensem
701 1779 735 1840 et
747 1779 974 1854 prepositum
999 1780 1142 1839 Vecten-

385 1887 471 1936 aem.

449 2071 577 2138 [Thainer.
590 2073 703 2124 lienum.
717 2073 862 2138 ilungaria,
871 2073 891 2131 1,
902 2073 944 2134 at,
954 2087 980 2124 n.
991 2071 1044 2140 dd]

1271 3791 1343 3854 [lisa.
1358 3791 1443 3842 latins.
1454 3791 1540 3842 Fonds
1550 3792 1660 3852 liorem,
1671 3796 1691 3842 t.
1704 3791 1814 3851 cxxix,
1826 3807 1854 3857 p.
1866 3791 1932 3858 ila]

351 4713 544 4781 combussit,
560 4714 593 4776 et
618 4715 690 4790 ejus
709 4713 821 4788 regale
841 4711 1052 4788 privilegium
1063 4727 1149 4789 aqua
1203 4713 1400 4776 benevolum
1415 4711 1589 4789 impertiri.
1606 4715 1652 4774 Ea
1665 4713 1947 4789 propter,dilectae
1961 4715 1998 4781 in
2081 4733 2096 4758 ··

351 4811 485 4874 delerit.
502 4810 594 4872 Unde
608 4826 683 4872 cum
696 4809 799 4871 abbas
814 4811 848 4872 et
866 4811 1047 4870 conventus
1063 4824 1150 4885 prae-
1204 4811 1336 4872 Christo
1351 4809 1442 4881 filies,
1462 4809 1584 4870 vestris
1597 4810 1697 4887 justis
1718 4810 1997 4886 postulationibus

352 4906 1149 4985 lati,amissisprivilegiis,injuriatorumsuorum
1204 4909 1298 4984 grato
1310 4909 1545 4968 concurrentes
1556 4922 1707 4979 assensu,
1718 4922 1880 4983 personas
1889 4909 1922 4970 et
1932 4924 1998 4972 mo-

352 5005 528 5068 calumniis
544 5003 765 5082 nequiverunt
776 5003 984 5080 postmodum
1002 5018 1039 5065 se
1050 5002 1147 5074 tueri,
1204 5005 1385 5068 nestorium
1422 5005 1568 5064 vestrum
1601 5020 1676 5064 cum
1711 5004 1865 5067 omnihus
1887 5005 1995 5077 honis,

353 5102 591 5167 monasterium
606 5101 726 5178 ipsum,
747 5100 834 5178 quod
847 5101 1009 5162 honorum
1022 5102 1151 5178 tempo-
1205 5100 1324 5178 quaein
1340 5099 1592 5176 praesentiarum
1599 5100 1845 5163 rationabiliter
1853 5101 1999 5178 possidet
2083 5161 2093 5186 ,

352 5198 474 5260 ralium
496 5196 645 5259 ubertate
672 5197 843 5269 floruerat,
869 5197 910 5260 ad
925 5197 1048 5260 tantam
1070 5198 1149 5259 ino·
1205 5197 1307 5262 autin
1320 5196 1465 5258 futurum
1486 5197 1719 5274 justismodis,
1735 5200 1996 5275 praetanteDo-

301 5325 303 5330 ,
353 5295 443 5377 piam
458 5295 509 5356 est
522 5293 708 5365 deductum,
725 5294 810 5372 quod
822 5293 995 5356 iratresibi
1010 5295 1150 5382 Domino
1205 5295 1305 5366 mino,
1331 5294 1452 5372 poterit
1470 5293 1621 5370 adipisci,
1648 5295 1708 5356 suls
1736 5295 1825 5359 beati
1851 5295 1941 5357 Petri
1965 5297 1998 5358 et
2081 5310 2094 5332 ·

354 5389 548 5462 servientes,
574 5389 807 5453 sufficientiam
833 5393 929 5468 panis
948 5391 1151 5453 haherenon
1205 5393 1318 5452 nostra
1335 5391 1539 5469 protectione
1563 5393 1773 5469 suscipimus.
1803 5392 1998 5470 specialiter

354 5488 518 5566 poterant,
536 5487 623 5549 unde
652 5503 712 5550 suo
739 5488 970 5552 satislacerent
989 5488 1149 5560 exactori,
1205 5491 1315 5552 autem
1339 5489 1449 5550 locum
1467 5489 1500 5550 in
1524 5503 1588 5566 quo
1610 5488 1733 5552 dictum
1761 5489 1997 5554 monasterium

355 5589 444 5649 eine
460 5584 650 5663 possentab
665 5583 1152 5664 imminentibusoppressioni·
1205 5589 1351 5648 vestrum
1368 5585 1467 5647 situm
1479 5585 1539 5660 est,
1553 5587 1792 5664 possessiones,
1807 5587 1956 5651 redditus
1966 5589 1998 5650 et
2101 5663 2102 5668 ἵ
