4274 6388
305 306 364 370 183
923 307 1100 368 HONORII
1122 309 1167 368 III
1188 307 1337 370 OPERA.
1893 310 1951 370 184

306 463 431 542 scripta
459 463 669 537 mandamus,
707 466 871 542 quatenus
908 465 1099 542 hujusmodl
1153 464 1450 529 intercessionibus
1484 481 1545 543 pro
1575 464 1692 530 eodem
1729 465 1846 541 electo,
1888 484 1949 546 per

307 562 489 624 sententias
510 561 546 622 in
560 561 711 624 fraudem
738 562 989 638 privilegi0rum
1020 577 1100 624 nos-
1154 579 1251 640 quem
1273 564 1383 640 potius
1399 581 1497 641 quam
1513 581 1572 643 per
1586 565 1689 625 alium
1704 566 1863 642 praedicta
1879 581 1950 642 spe·

304 659 431 720 trorum
442 658 482 719 de
497 660 617 720 caetero
630 675 697 720 uon
713 657 840 731 feratis,
856 660 935 735 quia
951 659 979 720 sl
1000 675 1100 736 super
1153 661 1248 722 ratur
1266 661 1407 722 ecclesia
1423 662 1458 722 in
1472 662 1724 738 temporalibus·
1735 663 1767 724 et
1788 664 1950 740 spiritua-

306 754 370 816 hoc
384 754 425 815 ad
439 771 501 816 nos
516 754 624 816 denuo
652 756 777 816 clamor
805 755 1005 823 ascenderit,
1032 771 1099 818 non
1154 757 1241 818 libus
1255 758 1406 834 recipere
1428 759 1646 826 incrementa,
1672 759 1768 820 nobis
1782 776 1856 820 cum
1877 761 1952 822 ins-

305 852 487 928 poterimus
498 852 752 914 conniventibus
762 853 867 914 oculis
878 853 1097 929 pertransire,
1153 853 1261 917 tantia
1281 855 1521 932 supplicarunt.
1548 858 1617 918 Nos
1642 870 1722 918 vero
1746 856 1949 920 fraternitati

307 947 386 1024 quia
414 949 679 1024 promulgatores
705 948 822 1010 talium
858 949 1099 1011 sententiarum
1154 952 1220 1012 tuae
1235 952 1271 1013 in
1286 953 1350 1014 hoc
1365 955 1398 1014 et
1417 953 1505 1024 aliis,
1523 955 1682 1030 quantum
1698 969 1772 1014 cum
1787 957 1855 1016 Deo
1872 969 1951 1031 pos-

306 1044 484 1128 severitate
500 1045 609 1106 debila
625 1045 836 1122 castigemus.
849 1047 967 1108 batum
980 1045 1105 1117 Alatri,

307 1141 453 1251 secundo
468 1157 573 1204 nonas
584 1143 684 1221 junii,
701 1157 789 1205 anno
802 1145 910 1205 sexto.

636 1532 774 1619 auvil

306 1681 359 1741 Ad
377 1683 543 1758 Uenetum
561 1685 857 1757 archiepiscopum
875 1684 1100 1744 colocensem.

607 1817 708 1891 sinnii
725 1819 804 1876 lili.

451 1951 542 2015 [fejer
553 1949 615 2000 Cod.
626 1950 746 2014 diplom,
761 1951 802 2009 III,
817 1965 835 2008 1,
849 1965 874 2014 p.
890 1951 957 2016 385]

332 2086 377 2154 Ut,
395 2083 598 2140 nonobstante
618 2083 692 2139 oculi
714 2083 837 2151 macula,
851 2083 971 2139 electum
988 2084 1078 2140 Ultra-

480 2172 631 2243 sylvanum
646 2171 815 2228 confirmare
831 2173 928 2244 possit.

351 2307 519 2367 Honorius
557 2307 744 2382 episcopua,
784 2322 900 2366 servus
932 2322 1103 2367 servorum

312 2403 383 2474 Dei,
400 2403 586 2464 venerabili
602 2402 736 2463 fratri...
765 2403 1015 2479 archIepiscopo
1042 2405 1105 2464 Co-

312 2500 450 2572 locensi,
466 2499 653 2561 salutemet
672 2499 886 2576 apostOIIcam
901 2499 1106 2563 benedictio-

311 2613 399 2658 nem.

354 2692 503 2769 Benigne
521 2709 627 2771 nuper
645 2695 832 2772 recepimus
861 2695 990 2757 litteras
1016 2696 1103 2765 tunsi

314 2807 487 2868 quaecum
508 2791 628 2854 dilecto
651 2792 720 2852 filio
740 2795 792 2864 R„
820 2792 996 2868 praeposito
1023 2796 1105 2853 Wa-

312 2887 1102 2966 radlensi,adecolesiamUltrasylvanamelectO,

310 2986 354 3048 ad
369 2987 486 3048 Sedem
499 2987 724 3062 ApostoIIcam
747 2987 975 3048 transmisisti.
1001 2987 1106 3049 Intel-

311 3081 1105 3158 lenimusautemexpraedIctarumserielittera·

310 3193 396 3249 rum,
421 3178 518 3253 quod,
546 3179 779 3255 Ultrasylvana
808 3179 950 3240 ecclesia
975 3181 1106 3247 nouiter

310 3274 466 3336 destituta
488 3275 632 3352 pastore,
649 3275 756 3351 Ipsius
777 3275 842 3337 loci
866 3276 1047 3352 capitulum
1063 3277 1104 3338 ad

312 3372 510 3442 electionem
538 3373 686 3448 episcopi
710 3373 938 3449 procedentes,
966 3374 1107 3450 praedic-

311 3465 381 3531 tum
395 3469 609 3546 praepositum
622 3485 698 3530 cum
713 3469 876 3530 electione
886 3470 1052 3531 celebrata
1066 3471 1106 3532 de

312 3567 385 3642 ipso
410 3567 470 3628 tibi
499 3567 667 3643 tamquam
689 3567 945 3642 metropolitano
970 3569 1105 3644 proprio

313 3663 568 3739 praesentarunt,
601 3663 792 3726 confirmari
828 3679 902 3724 eam
936 3664 1107 3726 humiliter

312 3760 529 3838 postulantes.
547 3763 596 3820 Tu
610 3761 720 3822 autem
733 3760 774 3820 de
790 3761 956 3821 universIs
980 3763 1106 3837 negotii

312 3858 574 3920 circumstantiis
587 3857 763 3933 diligenter
774 3857 958 3934 inquirens,
974 3875 1108 3936 compe·

313 3955 389 4016 risti
407 3956 604 4018 electionem
617 3955 766 4016 eamdem
782 3957 942 4016 canonice
958 3956 1108 4017 celebra-

313 4053 392 4124 tam,
415 4051 688 4114 concurrentibus
717 4053 758 4112 ad
781 4056 852 4127 ejus
881 4054 1108 4114 confirmatio-

313 4163 390 4210 nem
403 4148 550 4224 ejusdem
570 4149 667 4210 electi
682 4150 882 4226 competenti
904 4151 1105 4220 litteratura,

312 4245 487 4307 honestate
500 4261 628 4306 morum
644 4249 677 4310 et
690 4255 824 4322 genere,
839 4263 878 4309 ac
903 4246 1046 4308 facIente
1065 4248 1107 4308 ad

312 4343 376 4404 hoc
392 4343 478 4418 qnod
505 4342 544 4403 de
571 4344 699 4418 gremio
728 4343 778 4404 est
806 4344 958 4406 ecclesiae
985 4361 1106 4406 memo·

312 4440 394 4505 ratae
410 4463 417 4500 :
433 4440 491 4500 sed
507 4440 586 4516 quia
608 4439 648 4500 ob
665 4441 728 4502 hoc
742 4441 899 4504 dubitasti
920 4443 1104 4514 dumtaxat,

314 4537 400 4616 quod
416 4537 450 4597 in
466 4537 571 4599 altero
587 4553 723 4598 suorum
750 4539 846 4599 oculo
866 4539 1016 4616 quaedam
1032 4556 1107 4601 mn-

314 4635 390 4701 cula
412 4634 598 4706 videbatur,
617 4634 748 4710 elegisti
770 4635 879 4712 potius
900 4636 940 4696 ad
968 4641 1028 4697 nos
1050 4637 1106 4713 ip-

314 4749 389 4794 sum
416 4732 659 4810 inspiciendum
688 4733 926 4804 transmittere,
948 4734 1106 4810 quemad

314 4830 575 4897 confirmandam
589 4831 787 4892 electionem
810 4829 907 4892 nobis
929 4816 1107 4906 procedere

313 4929 524 4992 inconsultis.
537 4931 661 4990 Verum
673 4928 845 4990 humiliter
854 4928 1028 5004 postulasti
1042 4945 1109 4990 me·

313 5026 418 5101 glstro
432 5029 472 5088 N.
490 5027 614 5088 clerico
628 5028 698 5097 tuo,
723 5026 763 5086 ad
780 5027 928 5087 nostram
953 5043 1105 5101 praesen-

315 5122 394 5184 tiam
412 5124 651 5196 destinasset,
669 5123 697 5184 si
713 5123 861 5197 ejusdem
885 5123 1036 5184 ecclesiae
1051 5139 1110 5185 vo-

314 5221 357 5282 tis
383 5221 417 5280 in
444 5221 507 5282 hoc
526 5221 686 5282 vellemus
702 5235 863 5291 annuere,
879 5221 1108 5282 confirmatio-

316 5333 392 5380 nem
443 5318 618 5381 eleotionis
658 5319 806 5394 ejusdem
848 5318 908 5380 tibi
941 5320 1110 5382 remittere

1156 1065 1280 1122 sumus,
1298 1049 1428 1111 deferre
1441 1050 1600 1121 volentes,
1616 1050 1789 1126 praefatum
1808 1051 1950 1112 electum

1156 1145 1198 1206 ad
1213 1147 1246 1206 te
1261 1160 1335 1207 cum
1349 1147 1457 1221 gratIa
1472 1149 1589 1208 nostra
1602 1147 1758 1208 duximus
1774 1149 1951 1210 remitten-

1156 1243 1245 1314 dum,
1260 1257 1320 1318 per
1329 1243 1520 1320 apostolica
1533 1244 1593 1306 tibi
1605 1245 1729 1321 scripta
1740 1245 1948 1324 mandantes,

1156 1340 1319 1416 quatenus
1350 1357 1452 1417 quum
1475 1341 1539 1403 hoc
1572 1341 1743 1405 deferendi
1766 1343 1827 1404 tibi
1849 1357 1951 1404 causa

1156 1436 1333 1498 fecerimus
1353 1453 1433 1514 erga
1448 1437 1589 1502 electum
1603 1439 1725 1515 ipsum,
1751 1439 1781 1501 si
1795 1440 1880 1500 allas
1900 1442 1951 1502 est

1156 1534 1307 1605 idoneus,
1324 1535 1482 1612 praedicta
1494 1537 1623 1597 macula
1634 1551 1701 1596 non
1714 1535 1865 1599 obstante
1876 1539 1950 1599 sine

1157 1629 1363 1704 difficultate,
1374 1633 1472 1708 prout
1482 1631 1523 1694 ad
1535 1634 1628 1694 tuum
1637 1633 1781 1709 pertinet
1790 1633 1947 1706 officium,

1157 1729 1364 1805 exsequaris.
1383 1729 1501 1790 Datum
1522 1729 1641 1800 Alatri,
1669 1729 1719 1790 ΙΙΙ
1730 1745 1835 1791 nonas
1846 1731 1947 1808 junii,

1158 1825 1370 1901 pontificatus
1386 1826 1492 1888 nostri
1503 1841 1589 1888 anno
1603 1828 1709 1888 sexto.

1475 2147 1632 2234 CCVIII

1238 2297 1290 2356 Ad
1314 2296 1523 2370 diametrum
1544 2297 1577 2356 et
1592 2297 1724 2370 fratres
1739 2300 1872 2360 ordinis

1407 2395 1696 2456 Proedtcctoram.

1459 2524 1475 2580 ³
1486 2523 1558 2595 junii
1571 2525 1650 2581 1222.

1218 2645 1334 2710 [Iiipolli
1347 2645 1487 2695 bullarium
1498 2647 1641 2705 predicet,
1655 2647 1674 2706 I,
1686 2657 1714 2696 n⁰
1725 2647 1763 2704 it),
1777 2662 1833 2711 pag.
1848 2647 1898 2714 la]

1160 2771 1317 2830 Ecclesiam
1333 2772 1360 2828 S.
1384 2769 1495 2828 Sabine
1520 2769 1555 2828 sd
1579 2769 1779 2828 celebrandum
1804 2780 1834 2829 et
1852 2771 1953 2831 domos

1302 2857 1338 2914 ad
1351 2857 1565 2915 lnhabitandum
1582 2860 1625 2916 els
1639 2858 1779 2916 concedit.

1200 2985 1368 3046 Honorius
1406 2985 1593 3061 episcopus,
1629 3001 1745 3046 servus
1779 3000 1953 3046 servorum

1160 3081 1231 3152 Dei,
1259 3080 1388 3142 dilectis
1417 3081 1495 3142 filiis
1531 3081 1701 3158 magistro,
1733 3082 1765 3143 et
1793 3080 1952 3143 fratribus

1161 3179 1287 3240 ordinis
1312 3179 1585 3250 Praedicatorum,
1601 3178 1742 3240 salutem
1762 3179 1796 3241 et
1813 3179 1955 3256 Aposto-

1161 3276 1260 3336 licam
1278 3275 1554 3338 benedictionem.

1201 3373 1284 3445 Quia
1298 3373 1450 3434 omnibus
1469 3389 1512 3434 ex
1531 3373 1642 3434 officIo
1654 3373 1778 3446 nostro,
1796 3372 1874 3434 licet
1889 3373 1955 3434 im-

1161 3469 1282 3540 meriti,
1300 3485 1499 3546 praesumus
1515 3471 1632 3531 merito
1647 3469 1753 3542 vobis,
1773 3471 1829 3546 qui
1844 3471 1954 3534 vestro

1161 3567 1346 3628 ministerio
1362 3565 1522 3642 proficere
1534 3566 1654 3642 cupitis
1666 3567 1844 3639 universis,
1864 3584 1956 3629 com-

1161 3664 1268 3735 moda,
1302 3679 1401 3740 quirin
1436 3665 1602 3736 convenit,
1645 3665 1885 3738 ministramus,
1920 3665 1955 3726 ut

1162 3761 1210 3821 sic
1238 3760 1383 3821 ministri
1399 3759 1521 3822 Christi
1540 3761 1572 3822 et
1598 3759 1844 3837 dIspensatores
1864 3779 1956 3840 mys·

1161 3858 1322 3918 teriorum
1350 3857 1410 3919 Dei
1448 3872 1506 3933 per
1541 3859 1692 3918 nostrum
1730 3858 1954 3920 ministerIum

1162 3952 1376 4012 honorentur.
1390 3953 1495 4022 Quum
1508 3951 1610 4026 igitur
1633 3953 1759 4013 certum
1775 3953 1955 4030 hospitium

1163 4064 1229 4109 non
1250 4048 1419 4110 habereiiS
1443 4049 1478 4109 in
1502 4049 1595 4120 urbe,
1612 4049 1668 4109 uhi
1688 4065 1727 4110 eo
1748 4049 1861 4110 forsan
1881 4051 1956 4126 plus

1162 4145 1319 4222 prodesse
1348 4147 1497 4222 potestis,
1528 4163 1592 4223 quo
1618 4146 1664 4207 ibi
1690 4149 1758 4209 tam
1779 4147 1954 4222 indigenae,

1163 4260 1261 4321 quam
1298 4245 1451 4306 extranei
1489 4247 1755 4321 congregantur3
1795 4261 1856 4305 nos
1887 4247 1957 4306 tam

1162 4341 1268 4412 uobis,
1293 4357 1394 4418 quam
1416 4342 1595 4404 multorum
1621 4343 1757 4404 utilitati
1781 4341 1956 4402 consulere

1163 4439 1346 4514 cupientes,
1372 4439 1556 4501 ecclesiam.
1579 4442 1612 4500 s.
1631 4439 1762 4499 SabInae
1791 4437 1832 4496 ad
1862 4437 1955 4498 cele-

1161 4535 1335 4608 brandum,
1365 4539 1397 4598 et
1423 4537 1538 4598 domos
1558 4536 1599 4596 ad
1621 4533 1877 4595 inhabitandum
1903 4533 1955 4594 si-

1163 4634 1212 4694 lut
1234 4634 1413 4695 saeculares
1437 4632 1551 4694 clerici
1571 4631 1769 4702 habuerunt,
1800 4631 1840 4692 de
1871 4647 1956 4693 con·
2009 4623 2011 4626 ’

1163 4747 1264 4792 sensu
1295 4730 1435 4792 fratrum
1466 4730 1667 4798 nostrorum,
1700 4729 1733 4790 et
1764 4729 1957 4805 specialiter

1163 4829 1276 4891 dilecti
1300 4829 1361 4888 filii
1385 4826 1490 4888 nostri
1514 4825 1602 4887 tituli
1633 4825 1781 4902 ejusdem
1805 4826 1957 4896 ecclesiae

1164 4926 1349 5004 presbyteri
1373 4923 1564 4994 cardinalis,
1590 4922 1684 4984 vohis
1700 4923 1856 4984 duximus
1872 4939 1957 4986 con-

1164 5025 1355 5093 cedendam,
1373 5021 1469 5082 domo
1485 5020 1542 5081 ubi
1562 5022 1613 5083 est
1636 5021 1868 5098 baptisterium
1883 5035 1958 5083 cum

1164 5122 1260 5184 horto
1287 5119 1439 5196 proximo
1469 5120 1502 5181 et
1527 5120 1711 5180 reclusorio
1741 5135 1800 5196 pro
1830 5120 1958 5180 duobus

1165 5219 1297 5280 clericis
1310 5219 1490 5288 reservato,
1508 5217 1564 5293 qni
1587 5218 1627 5277 de
1646 5217 1817 5292 parochia,
1834 5220 1867 5278 et
1881 5233 1960 5292 pos-

1165 5315 1370 5378 sessionibus
1385 5316 1491 5392 Ipsius
1502 5314 1666 5384 ecclesiae,
1680 5315 1778 5390 prout
1792 5314 1956 5391 expediet,

317 5416 544 5492 dignaremur.
567 5417 729 5478 Goeterum
749 5417 914 5478 carissimi
929 5418 964 5479 in
979 5417 1110 5478 Christo
1165 5430 1281 5476 curam
1304 5413 1430 5489 gerent,
1452 5416 1529 5490 jure
1550 5410 1730 5473 cardinalis
1755 5412 1790 5472 in
1805 5411 1958 5472 omnihus

314 5514 375 5582 filli
391 5513 535 5576 nostri...
549 5523 612 5574 rex
635 5513 704 5574 et...
730 5514 847 5590 regius
875 5518 1110 5590 Hungarorum
1165 5513 1294 5586 integre
1310 5512 1517 5572 conseruato.
1534 5509 1627 5572 Nulli
1649 5524 1739 5584 ergo,
1755 5508 1818 5570 etc.
1840 5505 1979 5571 Datum'

315 5612 474 5684 illustres,
513 5610 741 5687 multiplicatis
771 5613 983 5688 praelatorum
1012 5614 1110 5674 terrae
1166 5613 1291 5681 Roma,
1306 5609 1404 5670 nonis
1415 5608 1514 5685 junii,
1527 5605 1734 5685 pont..nostri
1749 5622 1837 5668 anno
1850 5607 1955 5668 sexto.
