4226 6372
332 289 391 354 883

333 451 464 530 sigillis,
490 450 585 513 nobis
608 447 767 512 exhibitae
791 448 879 512 inter
900 450 1021 512 caetera
1044 465 1127 512 con-

330 549 493 622 tinebant,
507 548 604 626 quod,
619 565 694 610 cum
709 548 809 609 iidem
820 546 947 609 nobiles
962 547 1125 611 decimam

331 649 367 709 in
382 649 595 722 Mergentem,
611 661 708 724 quam
718 647 797 707 tunc
811 646 846 706 in
861 645 993 706 seudum
1009 645 1050 706 ab
1064 661 1124 706 ec-

332 746 436 807 clesia
465 743 696 820 Herbipolensi
722 743 893 815 tenebant,
921 743 1015 806 vobis
1045 743 1126 803 dare

333 842 398 903 tide
410 842 606 918 interposita
622 841 862 918 promisissent,
880 839 1027 918 praelatis
1042 841 1125 918 epis-

333 955 415 1016 copo
429 941 461 1000 et
476 939 621 1014 capitulo
634 938 873 1014 supplicarunt,
886 939 921 999 ut
934 938 1029 1000 vobis
1045 953 1126 999 con·

333 1036 460 1097 ferrent
470 1034 631 1096 decimam
644 1037 869 1108 memoratam,
885 1035 1122 1112 promittentes,

334 1132 420 1210 quod
439 1149 498 1209 pro
516 1132 576 1193 illa
595 1134 783 1210 competens
805 1133 898 1194 uobis
918 1133 1124 1194 excambium

333 1230 555 1306 assignarent.
578 1229 721 1291 Praelata
744 1230 848 1304 igitur
871 1231 998 1291 decima
1017 1231 1124 1292 mma

334 1327 417 1388 viris
459 1325 676 1404 prudentibus
709 1326 749 1387 de
783 1325 941 1402 praedicto
980 1327 1124 1403 capitulo

334 1437 466 1502 quama
486 1422 682 1500 quibusdam
711 1422 863 1484 fidelibus
891 1424 1038 1500 ejusdem
1064 1439 1124 1486 ec·

333 1520 444 1582 clasiae
459 1519 597 1594 triginta
608 1525 640 1582 et
648 1536 708 1582 sex
721 1521 921 1583 talentorum
936 1522 1043 1598 pretio
1055 1537 1123 1584 aes-

332 1617 458 1688 timata,
480 1616 630 1693 praedicti
653 1617 780 1679 nobiles
802 1619 1022 1696 proprietates
1047 1635 1124 1680 suas

331 1701 468 1788 triginta
482 1713 515 1775 et
528 1714 669 1792 quatuor
682 1715 807 1777 talenta
823 1715 855 1782 et
870 1716 1012 1792 amplius
1027 1716 1124 1776 annis

332 1810 474 1885 singulis
488 1811 697 1874 exsolventes
714 1813 778 1888 ipsi
798 1813 949 1874 ecclesiae
970 1813 1123 1874 contule-

331 1909 421 1978 runt,
439 1907 479 1968 ab
501 1923 540 1968 ea
562 1908 596 1968 in
612 1907 747 1969 seudum
763 1910 962 1986 recipientes
978 1910 1121 1982 easdem,

287 2051 296 2066 .
331 2020 456 2082 vosque
469 2004 643 2081 quamdam
658 2005 893 2082 proprietatem
908 2006 1052 2067 vestram
1062 2022 1125 2066 an-

332 2101 460 2161 nuatim
481 2102 662 2162 solventem
677 2102 741 2162 duo
755 2101 890 2174 talenta,
905 2119 978 2179 quae
988 2103 1125 2166 deerant

333 2197 546 2259 aestimationi
561 2198 739 2274 praedictae,
760 2199 821 2274 ipsi
842 2199 991 2260 ecclesiae
1007 2203 1124 2262 contu-

333 2293 431 2356 listis.
448 2293 537 2355 Idem
559 2310 638 2370 ergo
667 2295 840 2372 episcopus
867 2297 1045 2359 securitate
1068 2314 1117 2358 re·

333 2391 428 2468 cepta
447 2390 487 2452 de
504 2392 746 2459 restauratione
761 2392 914 2455 iacienda
929 2394 994 2470 ipsi
1011 2395 1122 2456 eccle-

333 2489 404 2560 siae,
427 2488 456 2550 si
482 2488 626 2566 aliquam
650 2490 777 2566 partem
804 2490 934 2567 praesati
958 2491 1124 2552 excambii

333 2585 533 2661 contingerit
546 2585 655 2648 evinci
668 2587 825 2662 legitime,
844 2587 885 2649 ab
905 2587 1020 2650 eadem
1037 2605 1125 2665 prae-

332 2681 433 2745 latam
460 2681 620 2744 decimam
645 2682 737 2746 vobis
767 2683 806 2744 de
833 2701 997 2746 consensu
1021 2685 1123 2747 totius

331 2777 468 2855 capituli
491 2777 544 2840 sni
568 2780 706 2842 contulit
731 2783 889 2860 perpetuo
914 2781 1017 2844 libere
1038 2781 1124 2844 obti-

332 2877 485 2938 nendam.
509 2877 578 2940 Nos
600 2877 703 2953 igitur
717 2878 837 2940 vestris
854 2879 954 2956 justis
969 2879 1122 2955 precibus

331 2973 485 3036 inclinati
508 2973 717 3036 collationem
743 2975 861 3053 ipsam,
883 2975 968 3038 sicut
986 2977 1123 3052 provide

331 3069 420 3130 iacta
435 3071 485 3132 est
499 3071 532 3133 et
545 3071 580 3132 in
595 3069 742 3147 praetatis
758 3072 879 3134 litteris
894 3072 1024 3149 plenius
1039 3089 1122 3135 con-

330 3165 467 3238 tinetur,
482 3168 678 3230 auctoritate
688 3169 877 3245 Apostolica
888 3167 1121 3231 confirmamus

330 3263 364 3324 et
388 3264 563 3339 praesentis
587 3264 702 3342 scripti
728 3265 912 3342 patrocinio
935 3267 1121 3328 eommuni-

330 3375 415 3420 mus.
441 3359 534 3422 Nulli
560 3375 650 3436 ergo,
669 3362 732 3423 etc.
754 3361 789 3422 Si
811 3362 886 3439 quis
911 3363 1032 3430 autem,
1058 3363 1119 3424 etc.

329 3457 448 3516 Datum
475 3456 589 3528 Reate,
618 3459 664 3520 ΙΙΙ
687 3458 762 3520 idus
785 3459 880 3536 julii,
911 3459 1121 3538 pontificatus

329 3552 435 3613 nostri
453 3569 541 3616 anno
554 3569 651 3616 none.

604 3849 847 3940 CLXXXVII

330 4019 382 4078 Ad
396 4017 532 4078 abbates
547 4020 587 4078 de
601 4019 712 4080 Proto
733 4020 767 4080 et
788 4022 829 4080 de
849 4021 1031 4092 Bettobeco,
1054 4022 1123 4082 lto-

370 4115 600 4190 tlaomoqeusts
623 4115 657 4175 et
680 4119 898 4178 Belvacenrts
925 4119 1120 4190 dtoecesum,

368 4211 403 4270 et
425 4212 636 4285 mocianum
657 4215 895 4286 Godefredunz,
919 4217 1123 4275 canotztcmn

369 4310 623 4367 Belvacensem.
720 4367 723 4374 ,

625 4437 658 4494 13
672 4437 732 4511 iulii
748 4437 827 4496 itas.

360 4569 478 4632 [qucst.,
489 4565 534 4617 lib.
545 4569 589 4627 IX,
602 4568 677 4634 epist.
686 4567 741 4618 383.
750 4569 805 4618 llss.
817 4569 854 4618 La
865 4568 938 4620 Porta
950 4569 985 4621 dn
996 4571 1089 4634 Theti]

328 4701 382 4758 Dat
395 4700 437 4758 eis
452 4703 628 4774 provinciam
644 4715 761 4759 causam
779 4704 944 4760 monasterii
957 4704 1052 4762 Sancti
1065 4705 1119 4762 Ge·

364 4789 465 4846 remati
485 4790 667 4848 belvacensis
688 4789 770 4863 cujus
792 4790 925 4848 monachi
950 4791 1065 4864 quidem
1081 4793 1119 4848 si·

363 4877 464 4950 gillam
485 4879 651 4936 monasterii
665 4877 750 4936 iurati
767 4887 857 4950 erant,
870 4881 1009 4938 canonice
1023 4881 1119 4938 terrm·

363 4965 461 5023 nandi.

368 5103 535 5162 Honorius
545 5103 730 5180 episcopus,
743 5120 858 5166 servus
868 5119 1040 5167 servorum
1051 5105 1121 5177 Dei,

328 5197 458 5258 dilectis
473 5199 552 5260 tiliis
555 5243 616 5260 .....
643 5201 683 5262 de
709 5203 820 5270 Prato,
837 5203 932 5263 et.....
952 5201 994 5263 'de
1013 5203 1125 5264 Bello-

327 5295 408 5356 beco
433 5295 623 5368 abbatibus,
648 5298 928 5374 Rothomagensis
949 5300 982 5361 et
1004 5299 1125 5362 Belva-

328 5392 437 5454 censis
462 5393 659 5467 dioecesum,
685 5394 718 5456 et
747 5397 906 5471 magistro
938 5396 1123 5460 Godeiredo

328 5491 1122 5571 canonicoselvacensi,salutemetapostotieam

329 5584 604 5650 benedictionem.

943 291 1118 352 nonoatt
1141 289 1185 352 111
1207 289 1356 352 OPERA.

1918 293 1980 354 884

1217 447 1426 510 Transmissa
1440 448 1535 510 nobis
1547 449 1661 512 dilecti
1672 449 1734 510 dlii
1737 491 1798 510 .....
1813 448 1927 522 abbas,
1943 452 1982 514 et

1179 546 1360 608 conventus
1403 547 1599 610 monasterii
1647 545 1760 608 Sancti
1807 547 1981 609 Geremati

1180 642 1422 713 Flaviacensis,
1448 643 1662 704 Belvacensis
1693 643 1862 714 dioecesis,
1889 643 1981 719 peti-

1178 739 1269 801 tione
1290 741 1526 812 monstrarunt,
1544 739 1720 817 quodcum
1745 739 1910 802 liebertus
1933 740 1979 801 de

1179 837 1295 908 Charz,
1309 837 1499 897 Willelmus
1514 837 1555 898 de
1569 838 1675 908 Meru,
1691 836 1881 898 Willelmus
1900 837 1979 898 dic-

1178 934 1231 995 tus
1255 935 1505 1010 carpentarius,
1531 935 1563 995 et
1590 949 1704 996 eorum
1727 933 1873 996 fautores
1893 934 1977 996 dicti

1179 1031 1373 1092 monasterii
1407 1031 1562 1092 monachi
1597 1031 1746 1108 ejusdem
1778 1029 1977 1092 monasterii

1179 1127 1280 1190 iurati
1304 1127 1466 1203 sigillum,
1492 1143 1557 1204 quo
1585 1128 1715 1189 litteras
1742 1127 1904 1205 quasdam
1931 1126 1976 1189 de

1179 1225 1404 1288 contrahendo
1425 1239 1539 1286 eortrm
1554 1225 1688 1286 nomine
1711 1228 1825 1287 mutuo
1840 1225 1976 1300 sigille-

1178 1323 1273 1394 runt,
1301 1338 1368 1384 non
1396 1322 1559 1384 modicam
1595 1323 1793 1399 recipientes
1825 1323 1977 1398 ipsorum

1178 1419 1312 1480 nomine
1336 1419 1486 1495 pecuniae
1501 1419 1729 1496 quantitatem,
1746 1419 1976 1496 inquisitionis

1178 1515 1213 1576 in
1239 1515 1355 1577 eodem
1383 1516 1585 1578 monasterio
1616 1516 1777 1577 faciendae
1805 1515 1847 1578 ad
1876 1513 1975 1576 bonae

1179 1612 1385 1675 memoriae...
1396 1613 1621 1674 Parisiensem
1636 1614 1839 1688 episcopum,
1852 1613 1886 1675 et
1899 1615 1975 1689 ejus

1178 1710 1322 1785 collegas
1337 1711 1469 1772 nostras
1492 1710 1621 1771 litteras
1635 1709 1880 1785 impetrassent,
1905 1709 1974 1785 ipsi

1178 1806 1368 1868 eorumdem
1390 1807 1628 1869 monachorum
1649 1806 1827 1868 falsitatem
1841 1806 1974 1883 plenius

1178 1905 1407 1980 agnoscentes,
1429 1907 1461 1966 et
1476 1905 1694 1975 attendentes,
1715 1903 1801 1979 qnod
1825 1903 1974 1966 nondum

1178 2003 1274 2063 mant
1295 2001 1361 2062 duo
1385 1991 1515 2063 mehses
1538 2001 1656 2078 elapsi,
1679 2001 1765 2077 quod
1793 2001 1829 2062 in
1855 2000 1974 2062 eodem

1178 2099 1379 2159 monasterio
1402 2113 1461 2175 per
1482 2097 1705 2160 venerabilem
1732 2097 1869 2159 fratrem
1893 2113 1976 2159 nos-

1179 2199 1264 2256 trum
1286 2195 1521 2256 Belvacensem
1543 2197 1746 2272 episcopum,
1761 2194 1826 2256 loci
1848 2195 1976 2256 dicece-

1178 2301 1308 2364 sanum,
1321 2291 1495 2356 habentem
1507 2293 1724 2354 nihilominus
1734 2309 1754 2354 a
1763 2291 1859 2353 nobis
1869 2307 1976 2368 gene-

1177 2389 1974 2466 ralemauctoritatemlaciendaeinquisitionisin

1177 2486 1330 2548 omnibus
1351 2486 1564 2548 monasteriis
1584 2503 1653 2548 suae
1675 2487 1839 2558 dioecesis,
1860 2487 1976 2563 inqui-

1178 2583 1255 2643 sitio
1269 2583 1357 2644 lacta
1372 2585 1455 2655 erat,
1467 2584 1502 2644 in
1519 2599 1557 2644 ea
1575 2583 1756 2660 procedere
1779 2582 1973 2644 noluerunt.

1178 2680 1313 2742 interim
1328 2683 1439 2743 autem
1454 2681 1603 2759 praedicti
1626 2681 1728 2742 abbae
1743 2681 1775 2742 et
1787 2682 1973 2743 conventus

1177 2791 1272 2838 suam
1306 2777 1348 2838 ad
1381 2793 1443 2840 nos
1476 2777 1719 2855 querimoniam
1753 2777 1971 2848 destinantes,

1177 2873 1263 2950 quod
1274 2873 1456 2950 supradicti
1469 2874 1624 2935 monachi
1634 2874 1716 2936 talia
1726 2875 1975 2950 perpetrarant,

1178 2970 1219 3032 ad
1243 2970 1436 3047 praedictum
1459 2972 1695 3032 Belvacensem
1721 2971 1924 3048 episcopum,
1940 2973 1977 3032 et

1176 3083 1247 3140 vos,
1268 3067 1330 3128 tilii
1350 3067 1496 3139 abbates,
1513 3070 1645 3130 nostras
1665 3067 1794 3130 litteras
1808 3067 1974 3143 impetra-

1175 3165 1263 3236 runt,
1280 3167 1317 3226 nt
1330 3165 1473 3236 vocatis,
1492 3179 1574 3241 quos
1589 3167 1723 3243 prepter
1738 3166 1802 3228 boc
1815 3165 1976 3228 videritis

1175 3261 1352 3330 vocandos,
1368 3263 1401 3324 et
1414 3261 1574 3338 inquisita
1593 3277 1695 3340 super
1709 3263 1760 3324 bis
1770 3261 1974 3338 ‘diligentius

1175 3357 1421 3435 verrutaque
1432 3359 1629 3420 canonicum
1641 3359 1735 3432 toret,
1747 3359 1976 3436 appellatione

1175 3457 1312 3527 remota,
1327 3456 1473 3517 statuere
1497 3457 1670 3528 curaretis,
1696 3457 1857 3518 iacientes
1883 3456 1974 3533 quod

1176 3553 1358 3614 statueritis
1374 3569 1434 3629 per
1446 3569 1620 3614 censuram
1633 3553 1895 3616 ecclesiasticam
1911 3553 1979 3614 flr-

1164 3649 1273 3722 ⁸miter
1291 3649 1474 3712 observari.
1496 3652 1659 3713 ceterum
1676 3652 1755 3712 licet
1767 3650 1975 3713 venerabilis

1176 3745 1280 3808 irater
1294 3747 1408 3809 noster
1411 3789 1470 3808 .....
1490 3749 1666 3824 episcopus
1681 3749 1883 3810 parisiensis
1896 3763 1975 3809 cum

1177 3845 1313 3920 collegis
1341 3843 1596 3921 predecessoris
1625 3845 1678 3906 sui
1705 3845 1747 3907 ad
1777 3845 1975 3908 instantiam

1177 3941 1411 4017 predictorum
1426 3941 1664 4003 monachorum
1675 3941 1716 4002 ad
1732 3941 1974 4004 monasterinm

1177 4039 1284 4114 ipsum
1293 4038 1465 4111 accedens,
1480 4040 1513 4100 et
1524 4037 1649 4118 [quum]
1661 4038 1877 4116 inquisitione
1891 4055 1975 4116 pro-

1177 4135 1296 4196 cedere
1310 4133 1480 4203 uoluisset,
1490 4135 1578 4197 idem
1593 4137 1727 4212 cognito
1743 4137 1827 4214 quod
1840 4153 1973 4199 memo-

1177 4231 1242 4293 rati
1254 4233 1408 4293 monachi
1420 4247 1533 4294 coram
1546 4233 1794 4310 predecessore
1808 4249 1869 4296 suo
1880 4249 1976 4298 reco-

1177 4331 1361 4404 gnoverant
1372 4331 1504 4406 culpam
1517 4345 1624 4403 snam,
1634 4329 1824 4407 hujusmodi
1837 4334 1975 4408 negotio

1177 4425 1372 4503 supersedit.
1411 4425 1644 4490 committente
1672 4430 1783 4490 autem
1813 4429 1975 4506 praedicto

1177 4523 1978 4603 Belvacensiepiscopotibi,tllicanonice,super
2092 4577 2096 4592 .

1177 4621 1352 4681 commisso
1367 4621 1411 4693 ei,
1427 4621 1460 4682 et
1474 4621 1579 4693 vobis,
1597 4621 1658 4682 tilii
1671 4621 1818 4695 abbates,
1837 4624 1974 4698 negotio

1174 4718 1266 4778 vices
1280 4733 1441 4789 suessos
1451 4718 1492 4780 ad
1506 4718 1744 4780 monasterium
1753 4719 1974 4782 Flaviacsnse

1177 4815 1397 4890 personaliter
1410 4815 1616 4888 accedentes,
1632 4816 1667 4877 et
1679 4817 1807 4878 vocatis
1829 4816 1973 4893 quibus·
2084 4869 2098 4898 ,,

1178 4911 1252 4972 dam
1265 4911 1305 4972 de
1319 4908 1562 4983 illis,uldelicet
1576 4913 1721 4989 AEigidio,
1740 4913 1773 4976 et
1787 4913 1972 4988 Willelmo,
2097 4967 2098 4998 ,

1178 5008 1265 5070 dicto
1301 5009 1536 5086 carpentario,
1564 5010 1607 5071 de
1635 5009 1755 5087 quibus
1779 5009 1973 5085 dicebatur,

1177 5103 1262 5183 quod
1277 5106 1426 5182 sigillum
1441 5105 1578 5183 capituli
1598 5107 1833 5184 subripuerant
1846 5111 1880 5170 et
1894 5125 1975 5170 cum

1178 5203 1254 5265 aliis
1275 5206 1485 5266 recesserant
1504 5219 1524 5265 a
1545 5204 1634 5266 dicto
1656 5205 1860 5267 monasterio
1882 5205 1977 5282 fugi-

1177 5301 1976 5379 tivesuperhis‚quaeinlitterisnostrisexpressa

1179 5400 1321 5469 inerant,
1337 5399 1424 5460 sicut
1435 5401 1555 5460 vestrae
1568 5397 1609 5458 ad
1623 5413 1683 5459 uos
1698 5398 1905 5462 transmissae
1916 5399 1976 5462 lit·
2096 5433 2097 5450 .

1178 5497 1260 5557 term
1270 5495 1495 5567 continebant,
1507 5498 1575 5558 tam
1589 5495 1791 5565 solemniter,
1803 5511 1902 5572 quam
1915 5495 1976 5556 di·-

1178 5593 1319 5670 ligenter
1342 5591 1591 5672 inquisitionem
1615 5592 1751 5666 lecistis,
1773 5593 1917 5670 receptis
1938 5595 1975 5656 in
