4258 6394
176 323 235 384 517

176 482 357 552 crescente,
379 481 488 543 virum
508 481 571 543 sibi
593 481 713 542 exindo
733 484 896 552 sanctum,
914 481 971 557 qui

176 593 237 654 pro
270 579 414 655 peccatis
452 579 598 640 omnium
633 578 836 640 intercessor
864 579 968 650 heret,

175 675 358 751 praeelegit,
372 691 443 747 vos,
460 676 496 737 in
511 691 651 752 quorum
664 676 814 751 partibus
831 677 898 739 tam
921 691 972 737 sa·

177 772 226 831 cri
239 774 387 833 muueris
398 773 575 834 thesaurus
586 771 845 850 habetur,quum
856 789 899 834 ex
907 774 971 836 hoc

175 869 244 930 tota
260 869 369 946 patria
384 871 506 942 vestra,
523 855 681 946 tanquam
701 869 763 929 sibi
778 870 968 947 peculiaris,

176 969 249 1040 ejus
268 967 312 1028 sit
335 967 506 1043 suffragiis
528 966 706 1042 specialius
727 967 968 1038 commendata,

175 1064 452 1141 praenominatum
489 1064 640 1126 sanctum
673 1065 804 1125 Domini
840 1064 971 1125 conses-

176 1175 286 1221 sorem
299 1162 369 1222 tote
386 1161 570 1234 devotione,
585 1161 719 1238 totoque
741 1161 849 1222 studio
867 1177 971 1222 vene-

176 1257 247 1318 rari
266 1257 399 1330 curetis,
427 1274 502 1319 cum
526 1257 637 1334 dignis
662 1259 755 1319 tanto
780 1258 970 1320 consessore

176 1353 312 1416 laudum
324 1355 503 1432 praeconiis
514 1357 729 1428 extollentes;
744 1356 791 1417 ita
803 1357 888 1432 quod
899 1357 970 1432 ipse

176 1452 288 1514 devoti
311 1452 376 1513 sibi
400 1452 514 1530 populi
538 1469 573 1513 se
596 1453 740 1528 gaudeat
761 1469 834 1514 esse
858 1455 971 1530 patro·

176 1563 266 1621 num,
283 1551 317 1612 ct
328 1567 387 1612 vos
400 1553 472 1627 ejus
485 1550 681 1611 mereamini
696 1550 783 1626 apud
798 1553 902 1611 Deum
917 1551 972 1611 in·

175 1647 434 1708 tarcessionibus
450 1647 614 1724 adjuvari,
632 1647 788 1711 docentes
808 1647 892 1710 alios
913 1663 971 1724 per

175 1744 377 1821 exemplum,
406 1745 565 1821 quantum
590 1760 664 1805 esse
687 1744 807 1805 debeat
830 1743 970 1805 calabris

176 1840 264 1918 apud
281 1841 358 1903 illos
371 1841 572 1903 contessoris
586 1842 748 1903 memoria
767 1841 925 1917 gloriosa,
939 1842 972 1903 et

176 1937 309 2014 quidem
323 1939 353 1999 si
372 1938 550 2015 diligenter
567 1937 737 2001 attenditis
757 1939 845 1998 hunc
865 1939 972 2000 hono-

175 2049 258 2106 rem,
268 2037 451 2111 gratiarum
464 2035 642 2097 exsolvetis
653 2035 806 2096 assiduas
820 2033 971 2112 largitori

178 2130 340 2194 bonorum
354 2134 502 2193 omnium
517 2133 676 2205 actiones,
694 2132 743 2194 nti
761 2147 804 2193 ex
819 2131 971 2208 impensa

176 2229 294 2305 patriae
317 2231 437 2292 vestrae
460 2231 561 2292 tantae
583 2229 825 2291 benedictionis
848 2229 969 2304 gratia,

174 2325 313 2402 potestis
335 2327 464 2400 mento,
489 2327 521 2389 et
542 2325 668 2388 debetis
689 2341 749 2389 vos
770 2340 971 2402 cognoscere

176 2421 354 2484 debitores.
382 2424 501 2486 Datum
529 2424 695 2496 Laterani,
724 2423 785 2485 XII
808 2421 970 2484 kalendas

176 2517 347 2594 februarii,
361 2536 449 2584 anno
462 2521 589 2584 octava.

532 2781 617 2869 dlv

176 2935 228 2994 Ad
251 2933 389 2994 abbates
409 2935 443 2994 S.
467 2913 620 3004 astuosa,
648 2934 719 2994 et...
744 2931 968 3004 Masaracea„

216 3029 287 3091 et...
306 3030 645 3104 archipresbyterum
661 3032 890 3100 Ecotdanca,
909 3031 971 3088 Bt-

217 3127 364 3188 tartcea.
378 3129 546 3188 diaecesis.

443 3255 703 3330 idianunriiliil.

207 3381 327 3445 [liegest.,
338 3381 383 3432 lib.
394 3381 461 3440 Vlll,
474 3394 515 3445 ep.
530 3381 585 3431 206.
601 3382 657 3431 llss.
667 3381 702 3431 La
712 3381 787 3431 Parte
798 3379 833 3430 du
843 3379 938 3444 ruah]

176 3487 292 3548 Mandat
314 3494 345 3545 ut
357 3495 493 3545 moneant
511 3487 755 3561 archiepiscopum
771 3493 799 3544 et
813 3487 968 3560 capitulum

211 3579 364 3635 bituricen.
377 3584 409 3634 ut
421 3577 558 3650 magistro
573 3575 687 3634 Sanctio
707 3575 889 3648 prebendam
904 3590 970 3632 con·

211 3665 312 3723 ierant.
866 3691 871 3700 ·

216 3783 396 3854 Honorius,
426 3785 501 3854 etc,
539 3782 670 3844 dilectis
704 3781 820 3843 filiis...
855 3782 968 3843 Sancti

176 3879 326 3952 Gildasii,
355 3881 436 3942 et...
456 3881 654 3940 Miseraoen.
682 3879 856 3941 abbatibus
884 3881 966 3941 et...

176 3973 464 4051 archipresbytero
516 3973 742 4045 meldunam,
786 3975 967 4034 bituricen.

175 4072 341 4144 dioecesis,
358 4071 547 4133 salutemet
565 4071 790 4147 Apostolicam
806 4070 967 4132 benedic-

175 4170 311 4232 tionem.

215 4267 438 4328 Ecclesiarum
471 4265 598 4328 utilitas
631 4280 699 4326 non
732 4264 870 4342 deperit,
911 4264 967 4326 sed

175 4364 346 4436 accrescit,
359 4378 459 4441 quum
470 4378 620 4440 personae
628 4363 848 4425 instituuntur
860 4363 895 4423 in
905 4361 966 4434 eis,

176 4462 349 4541 dequibus
366 4476 433 4522 non
457 4461 567 4521 miuus
591 4459 673 4537 ipsis
695 4459 845 4521 ecclesiis
869 4476 967 4537 quam

176 4561 328 4639 personis
343 4559 544 4637 providetur.
567 4559 673 4630 Quum
698 4559 802 4634 igitur
827 4558 967 4620 dilectus

174 4658 265 4718 illius
281 4657 438 4733 magister
463 4657 627 4728 Sanctius,
649 4657 829 4717 canonicus
854 4656 967 4717 Sancti

172 4753 417 4830 Austrcgisilii,
443 4754 496 4815 air
514 4755 601 4816 notae
636 4751 809 4829 probitatis
832 4752 965 4826 existat,

174 4851 263 4915 sicut
280 4867 323 4912 er
337 4851 424 4912 sama
439 4850 604 4911 referente
619 4850 806 4922 didicimus,
824 4851 857 4912 et
873 4850 969 4913 novi·

172 4965 248 5013 rrius
263 4965 324 5026 per
334 4964 394 5010 nos
407 4949 510 5025 ipsos,
526 4963 587 5008 nec
601 4947 637 5008 in
654 4947 891 5010 ecclesiasticis
906 4948 967 5010 be·

173 5046 305 5110 1111111
315 5046 424 5108 adhuc
439 5059 584 5121 congrue
599 5045 662 5106 sibi
685 5045 728 5107 sit
743 5046 879 5122 pensata
895 5047 967 5122 ojus

174 5145 339 5223 probitate
354 5144 535 5222 provisum,
557 5142 742 5204 venerabili
768 5143 864 5204 fratri
887 5158 969 5204 nos-

173 5245 265 5306 tro...
280 5242 530 5319 archiepiscopo
545 5241 578 5302 et
592 5240 722 5302 dilectis
734 5240 967 5317 illiiscapitnlo

173 5339 355 5404 Bituricen.
366 5340 490 5400 nostris
499 5339 614 5400 damus
627 5338 748 5400 litteris
760 5336 967 5400 inmandatis

173 5439 298 5500 intuitu
313 5441 348 5499 et
358 5452 493 5514 precum
509 5439 697 5498 nostrarum
720 5435 854 5497 obtentu
869 5451 966 5496 aum-

174 5536 249 5598 dom
271 5537 306 5596 in
319 5535 516 5597 canonicum
528 5533 694 5610 recipiant
711 5533 794 5596 etin
818 5533 966 5602 tratrem,

174 5635 272 5710 eique
286 5631 506 5708 praebendam,
524 5633 552 5692 si
574 5647 638 5708 qua
657 5633 754 5693 vacat
778 5631 812 5692 in
824 5631 967 5694 ecclesia

776 323 1005 384 nrrsronm.
1029 325 1107 384 me.
1131 325 1215 384 vru.
1262 395 1265 402 Δ

1760 325 1820 386 518

1025 481 1232 552 eorumdem,
1262 481 1411 556 alioquin
1438 481 1681 558 quamprimum
1718 481 1817 544 obtu-

1025 579 1101 640 lerit
1117 593 1153 640 se
1163 577 1316 646 facultas,
1334 577 1517 640 liberaliter
1531 579 1682 640 conferre
1699 595 1820 656 procu·

1025 673 1109 747 rent,
1127 689 1242 752 preces
1271 675 1304 735 et
1327 673 1519 734 mandatum
1545 677 1692 736 nostrum
1707 675 1819 736 taliter

1024 773 1203 848 impleturi,
1220 771 1306 849 quod
1322 771 1410 831 idem
1424 771 1506 848 ipsis
1519 772 1684 832 universis
1696 775 1729 835 et
1744 772 1817 832 sin-

1024 870 1112 946 gulis
1125 885 1163 930 eo
1177 870 1327 930 devotior
1342 870 1486 930 existere
1500 869 1664 939 teneatur,
1680 885 1744 946 quo
1759 884 1816 930 eos

1024 967 1295 1043 adreceptionem
1305 983 1399 1028 suam
1409 967 1575 1026 invenerit
1585 967 1816 1042 promptiores,
1876 1033 1887 1042 ,

1024 1079 1161 1140 nosque,
1175 1064 1230 1140 qui
1246 1063 1332 1140 quod
1348 1063 1388 1124 da
1410 1063 1483 1138 ipso
1505 1063 1702 1138 incoepimus
1717 1063 1818 1123 nolu-

1025 1177 1097 1221 mus
1119 1161 1309 1238 relinquere
1335 1160 1574 1236 imperseotum,
1603 1161 1736 1236 propter
1758 1161 1821 1220 hoc

1025 1259 1819 1335 ampliusscriberenoncogamur,sc-icntesquod

1024 1357 1233 1417 deceruimus
1258 1357 1403 1427 irritum,
1427 1357 1457 1416 si
1485 1356 1526 1416 de
1549 1353 1725 1431 praebenda
1747 1357 1820 1432 ipsa

1025 1468 1121 1514 secus
1146 1453 1247 1514 tuerit
1274 1455 1482 1516 attentatum.
1503 1453 1665 1526 Quocirca
1688 1453 1818 1514 discre-

1024 1550 1107 1611 tioni
1123 1551 1241 1612 vestrae
1257 1566 1318 1627 per
1331 1551 1522 1627 apostolica
1536 1550 1660 1627 scripta
1675 1552 1818 1612 manda-

1024 1663 1108 1720 mus,
1124 1649 1286 1724 quatenus
1298 1647 1473 1725 praedictos
1488 1647 1775 1724 archiepiscopum
1787 1650 1819 1709 et

1024 1745 1206 1821 capitulum
1221 1745 1263 1806 ad
1278 1746 1312 1806 id
1328 1746 1491 1806 moneatis
1506 1743 1677 1818 attentius,
1694 1744 1817 1806 111111-

1025 1843 1149 1904 caciter
1162 1842 1338 1904 inducatis.
1353 1842 1444 1914 Quod
1469 1844 1498 1903 si
1525 1858 1592 1903 non
1611 1857 1738 1912 omnes,
1753 1844 1815 1905 etc.

1024 1942 1143 2001 Datum
1154 1941 1322 2012 Laterani,
1335 1943 1366 2000 X
1389 1939 1522 2001 kalend.
1539 1939 1711 2012 fabruarii,
1730 1955 1819 2002 anno

1025 2039 1153 2099 octavo.

1390 2268 1455 2354 GV

1066 2419 1118 2479 Ad
1130 2418 1357 2494 propositam
1370 2418 1404 2478 ct
1417 2419 1606 2492 capitatam
1619 2421 1778 2480 noemae.

1289 2549 1325 2606 23
1341 2547 1466 2621 januarii
1483 2548 1561 2606 1111.

1026 2671 1183 2736 [llollebeke
1193 2671 1261 2722 Cart.
1270 2670 1425 2722 dal'abbda
1433 2672 1563 2722 St.·Pierre
1575 2671 1722 2732 choo,t8,
1733 2687 1758 2722 n.
1767 2672 1819 2738 11]

1089 2798 1138 2854 Eis
1152 2794 1311 2854 custodiam
1325 2795 1442 2868 capella
1457 2797 1577 2854 Loensls
1594 2797 1753 2856 confirmat.

1064 2922 1735 2997 Honoriusepiscopnsscrrusservorum
1745 2923 1818 2994 Dei,

1025 3019 1155 3079 dilectis
1175 3017 1254 3078 liliis
1271 3019 1447 3094 praeposito
1472 3019 1506 3080 ct
1519 3019 1664 3098 capitulo
1680 3021 1820 3081 Loensi-

1024 3117 1096 3188 bus,
1114 3116 1253 3177 salutem
1269 3114 1815 3192 etApostolicambenedictionem.

1064 3213 1169 3276 Justis
1193 3213 1376 3290 patentium
1405 3214 1581 3276 desideriis
1608 3215 1745 3290 dignum
1769 3217 1820 3278 est

1024 3328 1085 3374 nos
1100 3311 1230 3372 facilem
1247 3311 1396 3388 praebere
1409 3328 1606 3374 consensum
1615 3316 1731 3375 etvota
1744 3329 1819 3392 quae

1024 3410 1204 3472 arationis
1228 3409 1362 3471 tramite
1386 3426 1453 3470 non
1479 3411 1671 3474 discordant
1698 3411 1819 3474 effectu
1876 3469 1878 3474 ,

1024 3508 1243 3584 prosequente
1259 3507 1435 3583 complere.
1448 3509 1640 3585 Eapropter,
1658 3509 1769 3572 dilecti
1782 3512 1818 3570 in

1023 3607 1164 3666 Domino
1185 3604 1257 3676 filii,
1282 3604 1402 3667 vestris
1421 3605 1520 3681 jrrstis
1542 3606 1819 3688 postulationibus

1023 3705 1117 3778 grato
1133 3703 1370 3764 concurrentes
1390 3717 1541 3774 assensu,
1558 3703 1740 3765 custodiam
1756 3720 1816 3764 ca-

1024 3799 1119 3876 pellae
1138 3799 1289 3867 Loensis,
1319 3799 1406 3860 sicut
1420 3813 1493 3858 eam
1505 3800 1594 3876 juste
1622 3815 1661 3861 ac
1681 3802 1818 3877 pacifice

1023 3897 1211 3974 possidetis,
1228 3894 1322 3956 vobis
1337 3895 1370 3956 at
1384 3910 1443 3970 per
1457 3911 1516 3956 vos
1530 3898 1733 3959 monasterio
1745 3915 1817 3960 ves-

1022 3995 1074 4056 tro
1086 3993 1320 4054 confirmamus
1339 3993 1372 4052 et
1387 3994 1561 4072 praesentis
1572 3994 1687 4070 scripti
1699 3999 1816 4071 patro-

1024 4091 1112 4152 cinio
1127 4089 1379 4151 communimus.
1399 4089 1490 4148 Nulli
1506 4105 1596 4164 ergo,
1613 4093 1675 4152 eto.
1694 4093 1728 4153 Si
1743 4093 1815 4168 quis

1023 4191 1145 4258 autem,
1171 4187 1233 4248 etc.
1261 4187 1379 4247 Datum
1405 4187 1573 4260 Laterani,
1603 4191 1632 4248 X
1656 4189 1817 4251 kalendas

1024 4285 1193 4357 februarii,
1217 4299 1305 4346 anno
1318 4285 1445 4344 octavo.

1377 4507 1462 4595 avi

1207 4660 1257 4718 Ad
1274 4657 1480 4719 abbatissam
1497 4660 1628 4720 Jotraa.

1287 4788 1321 4845 13
1332 4787 1454 4860 ianuarii
1468 4789 1547 4845 1211.

1038 4913 1158 4976 [Regest.,
1169 4911 1215 4962 lib.
1227 4912 1293 4970 VIII,
1304 4911 1379 4975 epist.
1392 4911 1447 4962 110.
1459 4911 1515 4962 ldss.
1528 4913 1564 4962 La
1574 4912 1648 4962 Porta
1659 4915 1693 4965 dn
1704 4915 1797 4981 Theti]
1815 4913 1821 4916 ’

1041 5039 1151 5095 Rursus
1164 5035 1297 5110 prohibet
1319 5051 1356 5092 ne
1370 5034 1528 5108 presbytcri
1544 5036 1794 5098 ecclesiastcam.

1211 5123 1325 5195 proprio
1338 5121 1433 5194 sigillo
1446 5122 1486 5178 uti
1501 5123 1620 5194 possint.

1061 5241 1241 5308 Honorius,
1257 5239 1332 5310 etc,
1349 5239 1478 5300 dilectae
1497 5239 1532 5300 in
1548 5240 1679 5304 Christo
1696 5243 1811 5306 filiae...

1021 5337 1198 5400 abbatissae
1212 5338 1231 5398 J
1233 5337 1350 5408 otren,
1364 5335 1516 5405 salutem,
1531 5338 1593 5400 etc.

1061 5437 1111 5496 Ex
1125 5435 1218 5510 parte
1237 5435 1295 5495 tua
1314 5431 1377 5494 init
1391 5433 1486 5494 nobis
1501 5434 1673 5498 humiliter
1687 5438 1814 5516 suppli-

1022 5532 1142 5604 catum,
1155 5534 1201 5602 ut,
1216 5546 1317 5607 quum
1330 5530 1515 5607 presbyteri
1524 5533 1557 5592 et
1564 5533 1677 5595 clerici
1684 5537 1810 5598 lotren.

1022 5629 1172 5692 ecclesiae
1201 5643 1268 5689 non
1288 5628 1532 5697 consueverint,
1558 5645 1658 5706 quum
1682 5635 1813 5698 nonsit
