4222 6374
207 325 212 342 ,
323 285 382 347 107
936 287 1113 350 HONORII
1136 285 1182 350 111
1202 287 1350 350 OPERA.
1422 275 1424 284 x
1903 289 1963 351 loa

321 444 465 508 sentium
480 445 700 524 indulgemus,
714 443 750 510 ut
763 443 797 508 in
815 445 967 510 ecclesiis
981 447 1112 520 restris,
1167 445 1229 510 bus
1246 445 1524 524 adapostolicam
1545 445 1662 510 Βοᾱθιη
1680 446 1834 510 venerint
1848 445 1963 510 ahsol-

321 543 522 616 civitatibus,
532 545 565 606 et
577 543 925 621 etiamlocisipsarum
934 543 1113 622 suppositis
1167 541 1276 605 vendi.
1299 545 1377 606 lllos
1399 541 1601 622 quodnequi
1623 544 1746 606 dictum
1760 535 1913 606 abbatem
1927 547 1963 608 et

320 638 514 714 interdicto,
544 639 839 702 excommunicatis
867 641 900 702 et
927 639 1112 702 interdictis
1167 644 1239 718 ejus
1255 640 1363 702 socios
1379 640 1575 718 spoliarunt,
1592 642 1627 703 ut
1650 640 1760 703 ablata
1783 642 1961 704 restituant

321 736 479 809 exclusis,
496 737 619 799 clausis
636 737 763 814 januis,
778 753 843 798 non
864 737 1004 816 pulsatis
1019 753 1113 799 cam·
1167 737 1334 808 universa.
1353 737 1532 800 monitione
1555 737 1678 815 praevia
1702 753 1763 814 per
1784 753 1960 800 censuram

321 835 428 910 panis,
452 835 485 896 et
522 851 700 913 suppressa
721 851 814 906 uoce,
840 835 952 896 divina
979 835 1112 912 possitis
1167 834 1960 912 ecclesiasticam,appellationeremota,cognita

320 929 431 993 oiticia
459 931 647 1008 celebrare3
673 933 830 995 attentius
863 932 1039 1010 provisuri,
1070 947 1112 994 ne
1166 931 1305 994 veritate
1321 931 1458 1008 cogatis,
1475 947 1549 992 cnm
1572 931 1670 1008 ligari
1685 934 1824 1008 possunt
1840 931 1959 994 lortius

319 1026 508 1106 hujusmodi
550 1032 724 1092 occasione
764 1029 992 1107 indulgentiae,
1029 1031 1111 1092 altis
1162 1029 1231 1104 jam
1256 1027 1363 1104 ligati.
1387 1027 1503 1090 Datum
1525 1028 1811 1104 Anagnienses
1832 1029 1957 1104 martii,

319 1125 513 1188 scandalum
523 1127 686 1189 excitetis.
700 1127 793 1188 Nulli
807 1143 898 1204 ergo,
912 1127 974 1188 etc.
992 1129 1110 1188 Datum
1165 1124 1377 1204 pontificatus
1389 1125 1494 1190 nostri
1507 1140 1595 1188 anno
1609 1125 1717 1188 sexto.

319 1223 491 1298 Anagnia,
507 1225 554 1284 lll
568 1225 666 1286 nouis
679 1225 802 1298 martii,
812 1223 1024 1302 pontificatus
1037 1241 1113 1288 nos·

317 1317 362 1379 tri
377 1334 465 1382 anno
478 1321 584 1383 sexto.

1483 1415 1639 1507 CXXXI

1163 1568 1216 1628 Ad
1240 1567 1494 1630 scolasticum...
1521 1569 1746 1644 eetodem...,
1762 1569 1957 1634 etltoren·

644 1659 779 1752 CXXX
1204 1665 1292 1725 tium
1323 1669 1526 1728 ‹eanonicum
1554 1669 1742 1739 Burman„
1775 1671 1954 1732 Potentes.

316 1813 368 1874 Ad
384 1811 561 1874 ailbertum
581 1816 875 1888 archiepiscopum
896 1815 1108 1891 mundetur-
1203 1761 1369 1824 aioeoem'
1439 1855 1580 1916 ,ommi
1594 1857 1672 1918 itti.

434 1924 576 1986 pausarat
594 1911 627 1972 et
646 1911 888 1986 suatopaucos
902 1914 988 1985 ejus.
1053 1977 1056 1984 ,
1338 1979 1344 1991 ,
1470 1981 1475 1992 ,

1195 1979 1315 2042 muger,
1326 1979 1371 2032 tab.
1382 1979 1426 2039 vt,
1434 1986 1509 2048 aput.
1520 1981 1576 2032 tto.
1587 1981 1643 2032 Usa.
1653 1983 1689 2034 ln
1698 1982 1775 2034 Porto
1783 1981 1818 2034 dn
1829 1983 1925 2056 rusti]

597 2041 727 2172 ΨΜ
746 2039 825 2098 lm
1163 2099 1279 2161 ilandat
1305 2109 1337 2160 ut
1362 2103 1486 2161 nobilem
1514 2103 1617 2163 ducem
1641 2105 1689 2178 qni
1716 2106 1858 2180 sacrilego
1883 2121 1956 2166 ausu

340 2157 572 2225 mmmmm
586 2160 649 2226 ‘¹¹9¹'
661 2161 775 2213 ⁸⁸¹⁰¹¹¹³³
786 2161 908 2226 ΜΠ·
918 2159 1019 2226 '’⁸⁷³¹‘'
1029 2159 1083 2229 ω’]
1197 2190 1395 2250 detinueratln
1410 2191 1639 2252 uinculisiarreis
1650 2195 1832 2268 prepositum
1842 2197 1955 2254 Sancte

314 2281 430 2344 Mandat
448 2292 478 2342 ut
493 2285 661 2342 Bertranum
686 2283 854 2344 advocatum
875 2292 904 2344 et
918 2286 1012 2344 socios
1033 2286 1105 2358 ejus,
1197 2279 1294 2338 Mlti&
1309 2278 1344 2338 dd
1359 2280 1477 2350 Gladim,
1490 2280 1582 2340 ⁶0¹¹oe
1595 2282 1631 2340 th
1646 2297 1681 2342 00
1693 2282 1830 2342 duoenltt
1842 2299 1955 2344 mitet!

349 2371 395 2444 qui
411 2371 542 2430 abbatem
561 2371 807 2446 llieubnrgensem
824 2375 975 2432 exoculare
990 2387 1025 2432 ac
1041 2387 1103 2431 mn·
1197 2376 1356 2440 acceperat,
1382 2382 1432 2441 per
1454 2371 1624 2428 sententium
1653 2371 1794 2430 interdicti
1813 2372 1842 2430 in
1864 2379 1955 2430 terrm

350 2460 431 2517 titare
450 2461 697 2533 presumpserint,
714 2459 904 2519 nonobstante
925 2460 1102 2520 absolutione
1195 2457 1269 2528 eius,
1292 2457 1465 2528 compellant
1478 2457 1515 2514 ed
1535 2456 1758 2518 satisfactionem
1782 2475 1952 2534 congruam,

348 2545 530 2621 subrepticia,
549 2551 811 2608 excommunicatos
840 2550 1005 2608 solemniter
1030 2563 1103 2608 nun·
1195 2558 1253 2692 ἒὲἑι
1279 2542 1456 2690 {tuentibus
1481 2546 1582 2604 litteris
1606 2547 1765 2621 subreptice
1789 2535 1912 2608 obtentis
1934 2564 1953 2606 a

348 2635 428 2693 tlent.
1253 2646 1269 2689 e
1309 2639 1391 2706 posto
1404 2631 1457 2692 ica.

352 2759 520 2824 Honorius
556 2761 746 2840 episcopus,
782 2773 898 2824 servus
933 2773 1103 2824 servorum
1199 2757 1379 2832 Honorius,
1393 2759 1468 2830 etc„
1485 2759 1614 2822 dilectis
1636 2759 1714 2822 tiliis
1735 2762 1950 2828 scolastico...

315 2855 392 2930 nei,
421 2857 666 2920 venerabilius
706 2857 902 2922 fratr-mus...
932 2859 1103 2937 arciriepi-
1159 2854 1385 2926 custodiet...
1406 2856 1575 2918 morando
1598 2859 1759 2920 canonico
1781 2862 1950 2934 aermon,

312 2969 412 3032 scopo
427 2955 704 3031 magdeburgensi
723 2955 757 3018 et
775 2951 995 3032 suffraganeis
1018 2960 1102 3035 ejus,
1160 2949 1333 3012 Polonien.
1350 2950 1515 3024 dioecesis,
1532 2953 1683 3027 salntem,
1701 2957 1766 3018 etc.

311 3051 450 3112 salutem
466 3053 499 3112 et
513 3051 726 3130 apostolicam
741 3051 1013 3116 benedictionem.
1199 3049 1279 3108 Cum
1293 3047 1370 3109 olim
1387 3047 1429 3110 ad
1445 3051 1593 3112 nostram
1612 3051 1816 3114 audientiam
1831 3069 1952 3130 perve-

351 3147 399 3208 Ad
415 3148 617 3210 audientiam
633 3149 778 3210 nostram
800 3149 959 3210 noveritis
981 3163 1102 3226 perve—
1159 3144 1273 3216 nisset,
1283 3143 1369 3222 quod
1385 3146 1484 3208 clarae
1497 3149 1702 3212 memoriae...
1716 3150 1817 3214 irater
1830 3151 1951 3215 nobilis

311 3243 412 3315 nisse,
430 3244 515 3321 quod
534 3247 715 3308 Bertranue
735 3244 925 3316 advocatus,
943 3246 1103 3309 (tebertus
1159 3241 1223 3300 viri
1237 3241 1329 3302 ducis
1345 3242 1551 3320 Lotheringii
1566 3245 1954 3322 cujusdemnaeresexis-

310 3355 431 3417 praeco,
455 3339 649 3402 Fredericus
672 3341 767 3400 miles
782 3341 822 3402 de
843 3341 1018 3414 Hehsleve,
1035 3345 1104 3405 ita-
1158 3339 1209 3409 tit,
1234 3338 1390 3400 dilectum
1414 3339 1518 3402 diune
1541 3343 1735 3417 magistrum
1757 3344 1948 3409 Hernicien.

311 3435 432 3504 dulice,
448 3436 682 3508 Theodericus,
700 3439 893 3499 Leonardus
916 3441 948 3500 et
968 3441 1102 3516 quidam
1158 3436 1370 3511 prepositum
1397 3437 1430 3496 S.
1462 3437 1576 3498 Mariae
1605 3439 1646 3499 ad
1675 3440 1813 3512 Gradus,
1842 3441 1953 3504 adhuc

311 3533 371 3595 alii
416 3533 710 3610 Magdeburgensis
745 3536 778 3598 et
814 3535 1102 3600 Halherstadensis
1157 3532 1367 3594 scolasticum
1390 3533 1949 3608 sanctioereonisincatoniana

198 3633 201 3640 '
310 3629 500 3701 dioecesum,
521 3630 578 3707 qni
600 3630 755 3693 dilectum
780 3631 922 3694 illium...
949 3632 1101 3696 abbatem
1158 3629 1276 3690 Sedsm
1286 3629 1509 3706 apostolicam
1522 3631 1837 3703 accedentem,ausn
1848 3634 1951 3696 sacri·

309 3727 339 3788 N
343 3725 584 3803 ieubnrgensen
598 3728 777 3789 exoculare
791 3744 830 3790 ac
849 3731 1003 3792 mutilare
1018 3747 1102 3793 ausu
1156 3726 1229 3801 lego
1244 3727 1319 3803 capi
1335 3725 1470 3798 iaciens,
1487 3727 1613 3790 tamdiu
1628 3728 1815 3794 detinuerat
1829 3730 1864 3794 in
1878 3731 1951 3794 vin·

308 3817 472 3900 sacrilego
487 3827 779 3907 presumpserunt,
793 3826 826 3889 et
839 3827 984 3890 nondum
997 3844 1100 3890 cura-
1156 3822 1240 3884 culis
1281 3823 1400 3884 ferreis
1435 3823 1620 3900 illigatum,
1645 3825 1749 3890 donec
1789 3827 1949 3890 ducentas

308 3923 395 3992 runt,
408 3921 525 3984 saltem
538 3924 700 3999 quatenus
714 3925 852 4002 possunt
864 3924 895 3985 ei
908 3924 1101 3986 satisfacere
1156 3935 1286 3982 marcas
1296 3920 1510 3998 extorqueret
1519 3920 1561 3982 ab
1572 3923 1703 3996 eodem;
1715 3925 1747 3986 et
1756 3923 1797 3986 ad
1811 3927 1949 4002 majoris

308 4018 349 4080 de
362 4018 454 4080 tanto
471 4018 652 4095 impietatis
669 4035 819 4092 excessu,
838 4036 898 4080 nec
914 4021 1021 4082 eidem
1042 4022 1100 4083 illa
1156 4016 1288 4093 injul'iae
1310 4017 1478 4078 cumulum
1501 4033 1576 4080 cum
1596 4035 1638 4080 11⁰
1657 4019 1748 4096 ipsas
1767 4019 1808 4082 tib
1828 4035 1879 4093 00,
1895 4023 1948 4084 vel

306 4117 407 4177 etiam
426 4116 612 4188 restituere,
631 4115 749 4193 quibus
768 4117 874 4192 ipsum
894 4118 927 4179 et
946 4121 1018 4193 ejus
1038 4135 1099 4180 co-
1155 4111 1196 4174 ab
1220 4112 1287 4174 alio
1300 4113 1473 4190 repeteret,
1492 4115 1545 4176 uel
1566 4118 1671 4192 repeti
1687 4115 1823 4190 iaceret,
1842 4132 1949 4194 pres-

306 4209 404 4273 mites
422 4211 619 4288 spoliarunt,
636 4213 713 4288 quin
734 4213 834 4274 immo
851 4213 951 4274 etiam
967 4215 1099 4291 quidam
1156 4209 1226 4270 tare
1241 4213 1398 4285 exegerat
1405 4213 1644 4288 juramentum.
1660 4215 1729 4278 Nos
1741 4215 1878 4291 provide
1893 4217 1948 4278 at-

307 4305 451 4386 ipsorum
477 4307 759 4386 adapostolicam
783 4309 1101 4374 Sedemaccessisse
1154 4304 1337 4378 tendentes,
1367 4307 1452 4386 qnod
1482 4310 1661 4386 predictus
1688 4311 1857 4387 magister,
1885 4313 1947 4375 etsi

306 4405 464 4466 dicuntur
477 4405 510 4466 et
524 4421 542 4466 a
563 4405 808 4481 poenitentiario
826 4407 940 4470 nostro
960 4407 1099 4470 absolu·
1155 4417 1304 4478 p0r³011ae
1324 4419 1405 4477 suae,
1422 4408 1611 4469 nontamen
1626 4408 1781 4474 Ecclesiae
1797 4411 1949 4486 potuerat

305 4501 430 4564 tionem
452 4501 503 4562 sui
520 4515 690 4574 excessus,
703 4504 900 4566 enormitate
921 4505 1017 4566 nobis
1032 4521 1098 4567 non
1154 4500 1322 4562 remittere
1335 4501 1492 4578 injuriam
1509 4503 1702 4578 irroratum,
1718 4505 1875 4582 praedicto
1891 4521 1949 4568 nn·

305 4599 468 4676 exposita,
497 4597 677 4676 recepisse.
722 4599 865 4677 ideoque
898 4599 1098 4665 maternitati
1153 4595 1212 4658 bili
1228 4595 1412 4660 direximus
1425 4598 1549 4674 scripta
1561 4603 1686 4672 nostra,
1702 4603 1737 4664 ut
1750 4617 1820 4666 suaa
1830 4618 1870 4664 ac
1882 4602 1948 4664 ira·

303 4699 424 4759 uestrae
445 4709 506 4772 per
529 4696 718 4772 Apostolica
742 4697 867 4774 scriptu
890 4699 1096 4772 mandamns,
1153 4693 1945 4778 trissuisalubriterconsulensanimabus,praa-

304 4795 467 4873 qnatenus
489 4791 677 4870 hujusmodl
700 4789 910 4858 absolutione
927 4795 1098 4874 subrepti·
1153 4789 1220 4852 fat0
1240 4791 1399 4866 mattisiffl
1421 4787 1531 4854 ablata
1552 4793 1743 4856 militumi
1766 4797 1942 4872 univerit,

303 4891 355 4954 cla
367 4904 434 4952 non
447 4888 610 4961 obstante,
623 4885 699 4952 illos
712 4891 745 4952 et
759 4891 923 4967 quoslibet
937 4891 1098 4970 alios,qni
1152 4885 1246 4948 vobis
1261 4887 1377 4949 dantes
1392 4887 1609 4952 nihilominus
1630 4891 1754 4954 nostris
1776 4893 1896 4956 littaris
1909 4894 1945 4958 in

303 4989 391 5050 dicto
408 4985 461 5048 uel
477 4986 565 5048 iactu
584 4987 625 5048 ad
644 4985 752 5063 ipsius
771 4987 1013 5050 mutilationem
1034 4989 1096 5050 ab·
1153 4984 1328 5055 mandatis,
1338 4985 1373 5046 ut
1383 4983 1528 5046 sidictus
1538 4983 1660 5048 nobilis
1670 4988 1862 5051 mandatum
1873 5007 1947 5053 nos-

302 5083 390 5145 lsatis
410 5097 506 5158 opem
530 5085 564 5146 at
587 5097 721 5160 operam
742 5082 984 5159 impenderunt,
1011 5087 1098 5147 tam-
1152 5085 1239 5142 trum
1251 5080 1434 5156 negligeret
1445 5081 1706 5158 adimplerevcs
1716 5087 1840 5148 eumad
1852 5089 1946 5150 satis·

301 5179 371 5252 diu,
392 5178 614 5254 appellatione
633 5183 771 5252 remota,
792 5183 1096 5245 excommunicatos
1151 5177 1327 5240 factionem
1340 5178 1446 5240 eidem
1458 5179 1619 5255 magistro
1629 5180 1772 5244 debitam
1783 5183 1947 5246 exhihen-

302 5276 497 5340 solemniter
512 5275 669 5338 nuntietis
680 5277 714 5338 et
734 5276 865 5340 iacietis
882 5293 942 5355 per
956 5279 1039 5352 loca,
1062 5281 1095 5340 in
1152 5275 1226 5335 dam
1242 5289 1491 5352 percensuram
1507 5277 1780 5353 ecclesiasticam,
1796 5283 1947 5360 appella·

302 5371 422 5451 quibus
435 5369 592 5447 expedire
604 5372 756 5434 videritis
770 5374 1043 5445 nuntiari‚donec
1055 5375 1095 5440 de
1151 5373 1242 5434 tione
1266 5373 1459 5449 postposita,
1485 5375 1659 5449 cogeretis,
1683 5392 1834 5454 cumque,
1860 5379 1947 5446 sicut

300 5471 394 5534 tanto
412 5481 555 5530 excessu
576 5468 800 5532 satisfecerint
817 5473 1042 5548 competenter
1063 5476 1096 5536 et
1150 5469 1357 5546 postmodnm
1374 5469 1612 5543 intelleximus,
1629 5471 1735 5550 ipsius
1750 5473 1844 5538 ducis
1859 5492 1944 5538 con-

299 5581 374 5631 cum
394 5565 515 5628 litteris
538 5565 660 5628 vestris
679 5567 729 5629 rei
749 5567 869 5630 seriem
887 5569 1092 5631 continenti·
1148 5567 1292 5629 tumacia
1317 5567 1482 5642 exigente,
1506 5569 1683 5632 interram
1703 5573 1777 5649 ejus
1800 5569 1944 5638 tuleritis
