4226 6372
106 407 163 468 901

106 564 216 641 potius
228 579 271 624 ex
285 577 421 624 accessu
434 563 547 624 vestro
562 561 734 624 materiam
753 561 899 624 dissolu-

105 661 207 723 tionis
234 660 410 736 accipiant,
436 660 513 720 dum
542 658 799 721 conialubantur
825 677 898 721 cum

106 759 250 830 clericis,
276 759 309 819 et
329 773 388 834 per
409 755 559 818 oiiioinas
584 757 785 829 discurrunt,
800 769 899 834 quam

107 855 292 916 doctrinam
317 853 481 930 recipiant
498 854 688 914 salutarem.
710 853 794 924 Quia
818 869 899 916 vero

107 967 216 1013 causae
241 951 431 1028 hujusmodi
445 949 574 1012 frivolae
595 950 681 1022 sunt,
703 965 765 1011 nec
784 967 899 1012 aarum

109 1050 283 1110 occasione
297 1048 416 1110 iratres
428 1049 519 1124 ipsos
530 1047 565 1107 in
575 1047 771 1108 exhibendis
785 1063 901 1124 procu-

106 1146 294 1208 rationibus
309 1146 474 1206 credimus
490 1161 564 1205 esse
580 1145 757 1220 cogendos,
778 1145 901 1206 irater-

107 1243 206 1304 nitati
226 1243 347 1304 vestrae
368 1257 425 1318 per
440 1242 629 1318 apostolica
652 1242 775 1318 scripta
800 1257 899 1301 man-

107 1341 223 1401 damus
250 1343 283 1401 et
308 1339 457 1400 districte
486 1339 708 1415 praecipimus,
738 1341 900 1414 quatenus

107 1437 227 1500 iratres
255 1437 346 1513 ipsos
368 1438 483 1497 contra
500 1435 662 1496 indultam
684 1434 748 1495 sibi
770 1449 790 1495 a
817 1435 900 1494 Sede

106 1533 296 1610 Apostolica
309 1531 507 1604 libertatem,
521 1532 630 1592 necin
647 1531 824 1607 praedictis,
839 1545 901 1590 nec

106 1631 142 1690 in
158 1629 234 1690 aliis
256 1628 457 1710 aggravetis
482 1643 543 1690 nec
564 1629 756 1690 exactiones
771 1627 901 1704 aliquas

106 1727 175 1787 illis
201 1727 372 1806 imponere
396 1726 616 1802 praesumatis.
643 1725 801 1801 Alioquin
834 1740 901 1785 non

107 1823 290 1900 poterimus
335 1821 395 1882 sub
430 1822 695 1884 dissimulatione
735 1823 899 1894 transire,

108 1915 188 1992 quin
207 1929 321 1974 eorum
338 1914 547 1975 indemnitati
569 1915 685 1976 contra
709 1914 901 1975 exactiones

108 2011 238 2072 vestras
257 2012 396 2086 paterna
423 2011 647 2073 sollicitudine
676 2011 899 2072 consulamus.

110 2107 230 2168 Datum
252 2108 365 2179 Reate,
390 2109 435 2168 IX
461 2108 622 2168 kalendas
644 2108 788 2183 augusti,
813 2123 900 2186 pon·

108 2204 255 2266 tiflcatus
274 2205 381 2267 nostri
402 2219 490 2265 anno
515 2204 656 2266 decimo.

482 2517 523 2603 ΙΙ

107 2680 159 2738 Ad
182 2678 364 2739 deroldum
389 2679 586 2750 episcopum
618 2678 900 2752 Frtstapensem,

146 2776 386 2834 Eberhardum
409 2776 450 2834 de
477 2776 592 2834 Salem
614 2773 647 2833 et
673 2775 902 2832 wernherum

147 2870 284 2931 sancte
296 2873 427 2940 Crucis,
442 2869 859 2930 abbotcsCorrstoettensis
869 2869 901 2928 et

148 2970 390 3029 Passavtensts
407 2969 602 3026 dtoecesum.

408 3103 443 3160 25
458 3103 521 3176 julii
538 3103 617 3160 1225.

289 3227 404 3292 [hierges
419 3226 482 3276 hist.
501 3225 649 3288 salisburg„
661 3225 728 3286 997]

109 3353 225 3411 Mandat
236 3351 279 3410 eis
292 3358 333 3420 ut,
355 3366 384 3408 re
399 3350 550 3422 diligenter
569 3349 714 3421 inquisita,
736 3347 901 3406 Eberlrardo

144 3443 358 3514 archiepiscopo
382 3440 581 3512 salzburgensi
603 3438 763 3495 concedant
784 3437 898 3494 liberta·

144 3538 201 3588 tem
217 3529 379 3587 instituendi
400 3529 498 3586 sedem
517 3527 709 3584 cathedralem
732 3527 761 3583 iu
780 3526 899 3583 ecclesia

145 3621 172 3678 S.
189 3618 311 3677 Andreas
326 3618 361 3675 de
376 3620 494 3674 bavent.
773 3603 776 3612 ’

148 3755 314 3816 Honorius
323 3755 507 3831 episcopus,
517 3767 633 3812 servus
646 3766 819 3811 servorum
828 3749 898 3822 Dei,

106 3851 289 3914 venerabili
318 3851 413 3911 fratri
441 3849 595 3927 episcopo
621 3847 838 3922 Frisingensi,
869 3849 901 3908 et

108 3947 237 4008 dilectis
262 3947 340 4007 liliis
365 3947 405 4006 de
430 3946 539 4006 Salem
558 3945 590 4006 et
608 3944 648 4004 de
668 3946 797 4005 Sanctae
818 3945 902 4004 Gru-

109 4046 157 4107 cis
174 4043 347 4105 abbatibus
362 4041 622 4103 constantiensis
644 4043 677 4102 et
692 4041 900 4102 pataviensis

109 4142 298 4210 dioecesum,
325 4138 465 4199 salutem
492 4137 524 4198 et
551 4137 774 4213 Apostolicam
793 4138 900 4199 bene-

109 4239 297 4302 dictionem.

149 4333 357 4397 Venerabilis
383 4329 485 4392 irater
508 4334 622 4392 noster
648 4331 899 4408 salzburgensis

109 4433 378 4508 archiepiscopus
394 4429 472 4489 olim
488 4428 624 4504 provide
638 4429 798 4503 cogitans,
813 4430 899 4506 quod

109 4547 182 4591 cum
199 4529 335 4589 haberet
350 4525 518 4586 dioecesim
534 4525 630 4585 vaide
645 4525 811 4598 diffusam,
833 4543 899 4588 non

110 4628 275 4689 sufficeret
299 4624 464 4684 universis
480 4622 704 4684 habitantibus
727 4624 762 4684 in
784 4625 899 4686 eadem

109 4723 267 4803 pastorali
280 4720 502 4783 sollicitudine
517 4721 701 4792 imminere,
717 4721 899 4798 vidensque

110 4823 194 4899 quod
219 4819 337 4882 messis
359 4817 490 4894 quidem
512 4817 625 4888 multa,
649 4819 796 4893 operarii
819 4835 899 4881 vero

108 4920 216 4996 pauci,
234 4915 364 4992 rogavit
378 4913 552 4975 Dominum
574 4915 702 4986 messis,
724 4917 760 4976 ut
779 4933 900 4992 opera·

108 5018 176 5077 rios
202 5011 393 5082 destinaret,
422 5011 499 5086 quia
527 5011 633 5086 primo
654 5026 673 5071 a
696 5011 803 5073 felicis
825 5029 897 5074 me-

109 5114 223 5176 moriae
236 5107 428 5172 lnnocentio
440 5107 683 5184 praedecessore
698 5109 812 5170 nostro
826 5125 899 5185 pos·

109 5208 225 5268 tulavit
242 5207 405 5266 instanter
420 5205 453 5265 et
469 5202 602 5264 tandem
618 5201 761 5264 obtinuit
775 5220 897 5266 novum

109 5303 333 5381 episcopatum
348 5303 383 5361 in
400 5301 540 5362 ecclesia
565 5299 753 5361 Gbiemensi
777 5304 896 5364 creari.

111 5401 321 5463 Postmodum
347 5411 477 5474 quoque
503 5399 574 5474 jam
613 5397 780 5469 sentiens,
811 5399 897 5475 quod

110 5511 193 5560 onus
213 5497 360 5556 divinum
376 5494 410 5554 in
426 5495 537 5570 plures
552 5494 683 5555 facilius
703 5495 895 5570 sustinetur,

112 5597 184 5672 post
197 5592 341 5653 validam
357 5606 490 5667 precum
506 5591 699 5652 instantiam
720 5593 752 5652 et
767 5592 897 5654 delibe-

110 5692 271 5752 rationem
297 5704 315 5748 a
341 5687 435 5748 nobis
458 5687 671 5763 praehabitam
695 5687 896 5764 diligentem,

736 403 964 464 EPISTOLAE.
989 405 1066 464 LlB.
1089 405 1128 464 X.

1685 405 1747 464 902

952 562 1142 639 impetravit
1153 560 1403 623 Seccoviensem
1417 562 1593 623 ecclesiam
1609 561 1683 623 fleri
1693 579 1747 624 ca·

953 659 1156 734 thedralem3
1176 659 1294 720 deinde
1309 673 1388 720 vero
1404 660 1636 731 considerans,
1658 661 1745 738 quod

954 757 1123 818 commissi
1152 756 1214 817 sibi
1243 757 1354 831 gregis
1380 757 1543 816 Dominici
1570 758 1746 819 multitudo

954 853 1063 914 adbuc
1086 853 1213 927 indiget
1232 853 1371 913 alterius
1396 868 1476 913 cura
1494 855 1648 928 pastoris,
1672 871 1747 914 cum

953 949 1026 1026 ipse
1052 950 1187 1025 propter
1214 950 1345 1010 viarum
1374 950 1520 1024 pericula
1553 950 1611 1010 vix
1639 952 1749 1012 valeat

953 1047 1056 1107 totam
1071 1045 1240 1106 dioecesim
1263 1045 1412 1117 visitare,
1430 1047 1514 1122 apud
1540 1063 1600 1106 nos
1623 1062 1748 1122 oppor-

953 1143 1033 1203 tune
1046 1143 1166 1204 institit
1175 1143 1372 1218 importune,
1384 1143 1420 1204 ut
1432 1145 1465 1203 iu
1479 1143 1619 1204 ecclesia
1635 1145 1668 1203 S.
1681 1147 1750 1204 An-

954 1239 1043 1298 dreae
1070 1239 1110 1298 de
1132 1241 1274 1310 bavent,
1301 1240 1336 1300 in
1360 1255 1425 1315 qua
1450 1256 1524 1300 cum
1544 1239 1750 1301 ministraret

956 1352 1040 1396 unus
1052 1334 1225 1412 presbyter
1236 1337 1423 1406 saecularis,
1435 1337 1470 1396 in
1483 1353 1522 1396 ea
1537 1339 1750 1413 praepositum

955 1435 988 1492 et
1000 1435 1197 1493 conventum
1210 1433 1415 1508 regularium
1429 1434 1559 1494 noviter
1569 1433 1747 1503 ordinavit,

955 1529 1177 1606 episcopalem
1195 1531 1306 1592 sedem
1325 1531 1499 1592 instituere
1521 1531 1747 1606 dignaremur.

996 1624 1059 1686 Sed
1083 1640 1145 1686 nos
1171 1625 1221 1684 rei
1247 1625 1515 1686 circumstantias
1545 1626 1747 1698 nescientes,

956 1723 1066 1782 utrum
1080 1721 1237 1782 videlicet
1252 1721 1503 1797 salzburgensis
1524 1722 1675 1784 ecclesiae
1691 1739 1750 1783 ca-

955 1817 1052 1894 pituli
1067 1822 1100 1879 et
1114 1819 1284 1895 praepositi
1306 1821 1339 1880 et
1361 1821 1541 1880 conventus
1559 1822 1592 1880 S.
1607 1820 1749 1881 Andreae

955 1915 1042 1975 adid
1058 1930 1215 1976 assensus
1230 1916 1413 1987 accederet,
1433 1918 1465 1978 et
1479 1933 1522 1977 an
1537 1917 1570 1976 id
1589 1917 1749 2000 salzbur-

954 2013 1067 2088 gensis
1103 2012 1253 2073 ecclesiae
1291 2013 1480 2090 expediret,
1508 2013 1561 2074 vel
1589 2013 1750 2074 ecclesias

957 2112 990 2169 S.
1013 2109 1154 2170 Andreae
1170 2113 1384 2170 servarentur
1399 2110 1575 2180 indemnis,
1600 2111 1633 2172 et
1652 2111 1751 2184 igno·

955 2206 1070 2267 rantes
1102 2206 1326 2284 provisionem
1368 2209 1401 2269 et
1433 2207 1602 2268 dioecesim
1638 2207 1749 2269 tuturo

955 2304 1110 2380 episcopo
1134 2304 1364 2379 assignandas,
1391 2305 1538 2382 ejusdem
1559 2304 1747 2380 archiepis-

956 2416 1037 2476 copo
1059 2400 1212 2476 precibus
1235 2406 1315 2462 tunc
1341 2401 1496 2462 duximus
1521 2401 1746 2462 annuendum.

955 2499 1070 2573 Nuper
1088 2499 1198 2560 autem
1223 2514 1377 2576 persnas
1402 2498 1497 2558 nobis
1513 2497 1641 2560 litteras
1662 2499 1746 2559 inti-

956 2595 1069 2665 mavit,
1094 2595 1180 2671 quod
1200 2597 1336 2672 paratus
1360 2595 1433 2656 erat
1457 2594 1567 2656 futuro
1593 2595 1748 2671 episcopo

956 2707 1056 2752 unam
1071 2691 1203 2752 diaetam
1224 2693 1256 2752 et
1282 2691 1453 2751 dimidiam
1476 2691 1511 2752 in
1535 2691 1668 2751 dioecesi
1686 2707 1747 2752 as-

956 2789 1112 2864 signare,
1141 2787 1195 2847 cui
1221 2789 1388 2848 trecentas
1410 2803 1540 2848 marcas
1567 2788 1600 2848 in
1628 2787 1749 2848 annuis

955 2884 1139 2944 redditibus
1153 2883 1333 2959 deputavit,
1350 2887 1424 2960 post
1445 2885 1611 2946 obtentam
1624 2901 1644 2945 a
1655 2885 1749 2945 nobis

956 2996 1055 3058 super
1079 2980 1142 3040 hoc
1171 2980 1340 3042 licentiam
1365 2982 1594 3056 assignandas.
1621 2983 1750 3043 Dictum

955 3093 1085 3153 quoque
1115 3077 1355 3152 salzburgense
1389 3079 1585 3156 capitulum,
1620 3095 1749 3140 necnon

924 3251 925 3254 Ἴ
954 3175 1153 3250 praepositus
1176 3175 1208 3235 et
1231 3177 1412 3236 conventus
1435 3179 1467 3236 S.
1494 3177 1634 3236 Andreae
1658 3193 1693 3236 se
1715 3177 1748 3236 id

955 3272 1139 3348 acceptare,
1156 3273 1361 3333 transmissis
1376 3273 1416 3334 ad
1432 3288 1493 3334 nos
1511 3273 1630 3335 litteris
1645 3273 1748 3350 proil-

954 3369 1075 3429 tentur.
1107 3370 1215 3440 Quare
1240 3369 1449 3464 supradictus
1476 3369 1747 3448 archiepiscopus

955 3481 1070 3542 preces
1086 3467 1251 3542 supplices
1272 3467 1464 3539 inculcavit,
1482 3470 1516 3528 ut
1535 3467 1569 3527 id
1592 3467 1749 3542 dignare·

955 3578 1029 3622 mur
1039 3563 1220 3638 perducere
1235 3563 1275 3624 ad
1292 3563 1457 3624 effectum.

994 3659 1151 3721 volentes
1173 3660 1277 3734 igitur
1298 3659 1406 3722 adhuc
1433 3661 1585 3722 intanto
1613 3661 1747 3735 negotio
1830 3649 1833 3654 ’

955 3771 1028 3816 oum
1048 3755 1158 3816 debita
1181 3757 1371 3818 maturitate
1396 3757 1586 3832 procedere,
1615 3757 1745 3817 discre-

954 3853 1036 3914 tioni
1051 3853 1171 3913 vestrae
1187 3868 1247 3928 per
1258 3852 1447 3928 Apostolica
1467 3854 1589 3930 scripta
1606 3853 1747 3914 manda-

954 3967 1038 4021 mus,
1057 3951 1230 4026 quatenuS,
1243 3949 1448 4025 inquirentes
1462 3949 1625 4026 superbis
1639 3950 1748 4010 omni-

953 4047 1014 4108 bus
1028 4046 1220 4122 diligentius
1233 4047 1417 4116 veritatem,
1435 4047 1464 4106 si
1483 4063 1522 4107 ea
1537 4048 1743 4120 inveneritis,

954 4145 1039 4205 sicut
1053 4143 1207 4219 superius
1224 4145 1301 4205 sunt
1313 4159 1482 4219 expressa,
1496 4145 1529 4204 et
1543 4144 1743 4230 specialiter,

954 4240 982 4300 si
999 4240 1232 4318 praedictorum
1254 4241 1402 4316 capituli,
1426 4241 1593 4316 praepositi
1615 4243 1646 4302 et
1666 4257 1748 4302 con-

952 4340 1070 4400 ventus
1085 4337 1126 4397 ad
1142 4336 1175 4397 id
1188 4353 1349 4398 accensus
1365 4337 1555 4409 accesserit,
1567 4341 1746 4400 memorato

953 4434 1266 4510 archiepiscopatu
1284 4435 1442 4511 praedicta
1462 4435 1604 4496 ecclesia
1623 4439 1656 4496 S.
1672 4441 1745 4497 An-

953 4532 1040 4592 dreae
1062 4531 1258 4592 instituendi
1291 4533 1513 4610 episcopalem
1546 4534 1657 4592 sedem
1683 4533 1747 4592 tri-

952 4628 1060 4690 buatis
1089 4629 1285 4690 auctoritate
1311 4629 1502 4706 Apostolica
1532 4623 1744 4696 facultatem,

952 4727 1132 4787 reservatis
1155 4727 1340 4802 peremnia
1358 4725 1590 4802 privilegiiset
1604 4724 1744 4785 honori-

952 4821 1013 4882 bus
1027 4821 1277 4898 archiepiscopo
1288 4824 1320 4884 et
1333 4823 1482 4883 ecclesiae
1498 4820 1743 4897 salzburgensi,

953 4919 1038 4978 sicut
1059 4919 1093 4977 in
1120 4918 1247 4978 duobus
1276 4919 1352 4978 aliis
1389 4917 1635 4994 episcopatibus
1669 4919 1746 4980 suut

952 5015 1103 5084 servata,
1124 5017 1222 5092 prout
1243 5016 1278 5075 in
1292 5018 1405 5075 nostro
1421 5016 1453 5075 et
1468 5015 1575 5074 felicis
1589 5015 1746 5076 recorda-

951 5112 1051 5172 tionis
1068 5113 1251 5172 innocentii
1263 5127 1357 5188 papae
1369 5111 1623 5187 praedecessoris
1639 5113 1745 5174 nostri

951 5209 1125 5284 rescriptis
1146 5209 1277 5285 plenius
1297 5209 1497 5270 continetur.
1513 5209 1603 5280 Quod
1627 5210 1655 5270 si
1679 5227 1744 5271 non

952 5321 1065 5366 ornnes
1076 5306 1129 5365 his
1144 5305 1364 5382 exsequendis
1380 5305 1554 5381 potueritis
1570 5307 1741 5378 interesse,

951 5403 998 5473 tu,
1019 5401 1123 5463 irater
1142 5403 1306 5480 episcope,
1329 5415 1403 5463 cum
1433 5417 1546 5464 eorum
1574 5405 1679 5464 altero
1704 5419 1743 5466 ea

951 5499 1168 5560 nihilominus
1198 5499 1419 5577 'exsequaris
1464 5501 1582 5561 Datum
1619 5503 1740 5574 Reate,

950 5597 1025 5656 Vlll
1043 5595 1203 5657 kalendas
1223 5597 1376 5676 augusti,
1403 5597 1614 5674 pontificatus
1637 5599 1741 5660 nostri

952 5705 1039 5752 anno
1059 5707 1157 5752 nono.
