4226 6372
342 303 404 366 aba
957 299 1134 366 noxoan
1156 299 1201 366 111
1222 301 1373 365 OPERA.
1953 305 2034 366 964

384 461 478 528 Licet
491 461 594 540 igitur
605 475 688 539 quos
700 459 814 524 divina
822 461 967 525 honorat
976 461 1138 538 dignatio,
1193 463 1320 540 leprosi
1338 463 1590 524 mundationem
1610 463 1646 525 et
1666 463 1773 525 variis
1788 463 1914 526 afflicti
1930 465 2033 524 lan-

344 561 491 624 bumana
506 561 638 622 devotio
649 563 801 636 prompto
811 559 934 620 affectu
946 559 1065 620 debeat
1078 558 1142 620 ho-
1193 559 1355 636 prioribus
1379 561 1557 622 sanitatem
1583 561 1625 621 ad
1648 561 1903 623 invocationem
1930 565 2029 638 ejus

345 675 478 730 norare,
492 658 643 720 tolentes
656 659 766 718 tamen
782 658 817 718 in
835 658 1023 734 hujusmodi
1037 673 1142 731 nego-
1196 659 1340 718 nominis
1357 661 1569 734 receperunt,
1584 661 1617 719 el
1632 658 1705 719 brec
1716 659 1801 730 sola,
1818 676 1899 735 quae
1915 660 2030 719 inter

346 758 404 828 llo,
427 755 609 818 secundum
643 755 918 816 consuetudinem
941 755 1141 830 apostolicas
1196 758 1318 818 caetera
1328 757 1496 816 emicuere
1509 755 1829 818 miraculabreriter
1838 758 2029 832 perstrin-

326 853 442 918 ¹sellis
477 869 553 914 curn
591 851 691 926 digna
721 853 914 914 maturitate
947 851 1139 928 procedere,
1196 853 2025 930 gammldemsanctnsdmobominus,obipsius

325 950 485 1029 'praelato
504 949 767 1026 archiepiscopo,
782 951 815 1011 et
830 951 870 1010 N.
891 949 1031 1019 decano,
1047 951 1082 1010 et
1099 949 1140 1008 N.
1197 951 1316 1010 merila
1332 949 1497 1024 gloriosa,
1523 951 1650 1026 septem
1668 953 1828 1021 mortuos,
1854 967 2025 1027 quorum

330 1047 556 1112 :thesaurario
602 1047 885 1122 Rbotbomagensi
925 1047 1076 1108 dedimus
1106 1047 1143 1106 in
1197 1063 1284 1107 unus
1299 1048 1475 1108 triduanus
1489 1051 1572 1118 erat,
1588 1046 1731 1108 mirifice
1746 1048 1945 1108 suscitavit.

343 1146 522 1218 mandalis,
539 1149 576 1206 ut
591 1145 785 1220 superdicti
805 1145 869 1205 viri
885 1145 965 1215 vila,
983 1147 1016 1204 el
1031 1145 1141 1204 mira·
1237 1147 1284 1206 De
1299 1144 1405 1222 ipsius
1420 1145 1524 1220 igitur
1541 1147 1719 1206 sanctitate
1736 1146 1843 1205 tantis
1863 1146 2021 1206 certifi-

345 1244 431 1306 cnlis
450 1243 657 1320 inquirerent
678 1242 934 1315 diligentissime
954 1241 1141 1310 veritatem,
1198 1243 1263 1304 cati
1275 1243 1457 1313 miraculis,
1468 1241 1686 1318 divinumque
1698 1243 1807 1302 secuti
1814 1243 2017 1320 judicium,

346 1347 478 1404 aream
500 1339 596 1402 nobis
625 1338 769 1400 lldeliler
792 1339 1005 1413 intimarent;
1034 1341 1080 1407 ul,
1104 1353 1144 1398 ea
1198 1339 1360 1416 perquod
1383 1343 1457 1416 ejus
1477 1339 1679 1415 glorificatio
1703 1338 1800 1400 nobis
1827 1343 1901 1400 tam
1930 1343 2019 1400 eri-

341 1439 444 1518 piens
463 1437 644 1514 comperta,
661 1451 721 1512 pro
736 1435 997 1512 supplicantium
1011 1435 1145 1496 deside-
1199 1437 1352 1498 dentibus
1367 1438 1513 1498 innotuit
1521 1437 1739 1512 argumentis,
1753 1437 1913 1497 eumdem
1927 1437 2018 1498 bea-

348 1537 412 1608 rio,
429 1535 580 1598 securius
588 1549 737 1614 annuere
752 1533 953 1594 valeremus.
1198 1535 1269 1595 tum
1291 1533 1399 1596 virum
1418 1535 1570 1610 catalogo
1591 1537 1784 1596 sanctorum
1807 1534 2015 1612 adscripsi-

388 1633 455 1711 Ipli
468 1633 581 1696 aulem
595 1631 788 1693 mandatum
803 1633 955 1694 nostrum
970 1647 1047 1693 cum
1067 1627 1147 1690 dili·
1201 1631 1623 1704 mus,etannumerandum
1634 1631 1844 1693 decrevimus
1855 1635 2014 1693 sancto-

347 1731 462 1812 gentla
487 1731 720 1807 exsequentes,
747 1729 825 1806 quia
856 1727 897 1790 de
920 1727 1049 1806 praelati
1077 1725 1142 1788 viri
1201 1743 1276 1792 rum
1299 1729 1440 1804 collegio
1463 1727 1704 1804 consessorum
1728 1745 1768 1791 ac
1786 1731 1878 1792 inter
1897 1746 1966 1792 eos
1993 1746 2015 1792 a

346 1829 613 1898 conversatione,
630 1843 670 1888 ac
684 1827 764 1898 vita,
782 1842 841 1902 per
851 1825 1005 1888 homines
1015 1826 1055 1887 de
1068 1839 1147 1902 par·
1202 1827 1324 1888 Christi
1336 1826 1489 1888 fidelibus
1503 1827 1743 1899 venerandum,
1756 1829 1965 1900 statuenlaS,
1976 1833 2016 1890 ul

346 1927 438 1991 tibus
453 1925 520 1988 illis
533 1923 712 1986 certificari
723 1923 920 2000 nequehent,
933 1939 974 1985 eo
987 1921 1072 2000 quod
1089 1936 1149 1997 per
1203 1926 1275 2001 ejus
1298 1924 1490 1984 veneranda
1513 1923 1677 1986 festivitas
1698 1925 1740 1984 de
1758 1927 1882 1985 caetero
1901 1927 2015 1984 annis

352 2025 464 2104 partes
488 2023 571 2084 illas
584 2021 763 2083 transitum
792 2019 920 2082 iaciens
947 2021 983 2080 in
1005 2017 1147 2080 ecclesia
1204 2021 1346 2098 singulis
1363 2025 1480 2082 octavo
1495 2021 1624 2082 decimo
1638 2020 1800 2081 kalendas
1812 2021 2013 2082 decembris

351 2121 510 2200 praedicta
520 2119 694 2195 correptus
712 2117 906 2178 infirmitate
927 2115 1094 2186 decubuit,
1117 2115 1150 2176 et
1204 2119 1398 2180 solemniter
1439 2119 1636 2180 celebretur.
1680 2120 1853 2178 blonemus
1888 2121 2013 2180 autem

350 2217 438 2280 inira
458 2217 612 2278 octavum
627 2215 714 2274 diem
735 2213 776 2274 ab
797 2213 859 2275 bac
883 2214 956 2275 luce
980 2213 1147 2288 migrarit,
1204 2217 1455 2278 universitatem
1488 2218 1656 2286 vestram,
1692 2217 1726 2276 et
1753 2216 1934 2276 hortamur
1972 2218 2011 2275 iu
2089 2281 2090 2284 Ἴ

349 2315 516 2392 scripsere
527 2312 714 2374 venerabili
728 2311 822 2374 tratri
838 2313 952 2373 nostro
969 2311 1150 2386 archiepis
1205 2317 1357 2387 Domino,
1378 2316 1543 2392 quatenus
1566 2317 1671 2376 Deum
1689 2312 1817 2374 devotis
1832 2313 2011 2374 mentibus

351 2429 436 2490 copo
451 2410 656 2482 Dublinensi,
671 2409 708 2472 ut
725 2409 900 2470 veritatem
913 2425 1014 2486 super
1029 2410 1091 2470 boc
1102 2409 1151 2468 in·
1205 2413 1448 2484 collaudantes,
1471 2413 1506 2474 el
1523 2412 1693 2474 studentes
1712 2413 1877 2488 prolicere
1900 2413 2009 2472 lantae
2089 2491 2090 2494 Ἴ

352 2509 521 2590 quisitam,
531 2507 583 2569 eis
597 2523 657 2584 per
667 2523 746 2568 suas
758 2507 886 2568 litteras
897 2507 1076 2569 intimaret
1089 2505 1151 2577 Qui
1205 2511 1339 2573 virtutis
1353 2511 1506 2586 exemplo
1519 2510 1667 2586 ejusdem
1679 2509 1918 2585 gloriosissimi
1929 2526 2012 2570 con-
2089 2497 2090 2574 l

350 2609 436 2672 citra
455 2621 547 2668 mare
562 2604 788 2676 Hibernicum,
815 2603 956 2666 illustris
970 2605 1060 2678 regis
1081 2606 1153 2665 An·
1206 2608 1344 2670 sessoris
1357 2608 1444 2685 apud
1460 2609 1635 2670 Dominum
1651 2607 1813 2682 suffragia
1828 2607 2010 2668 humiliter
2089 2593 2090 2596 ¹

351 2706 482 2784 giorum
496 2703 637 2780 negotiis
658 2701 850 2780 occupatus,
874 2717 941 2762 non
960 2701 1077 2762 valens
1098 2701 1153 2761 in·
1206 2706 1401 2782 imploretis.
1417 2707 1486 2767 Nos
1506 2706 1616 2766 autem
1632 2705 1672 2765 de
1687 2705 1926 2780 omnipotentis
1945 2706 2008 2766 Dei

353 2803 487 2882 quirera
501 2801 534 2863 id
551 2815 609 2878 per
630 2799 800 2876 seipsum,
817 2797 1067 2860 venerabilibus
1083 2797 1152 2858 lra-
1206 2803 1459 2874 misericordia,
1492 2803 1526 2864 el
1547 2801 1721 2863 beatorum
1743 2803 1833 2863 Petri
1854 2803 1889 2862 et
1906 2803 2007 2864 Pauli

352 2899 459 2964 trihus
472 2899 606 2969 nostris,
617 2895 757 2958 barensi
768 2897 925 2973 episcopo
938 2895 1151 2971 suffraganeo
1207 2899 1405 2962 auctoritate
1420 2899 1549 2972 conlisi,
1566 2899 1720 2961 omnibus
1736 2915 1816 2960 vere
1832 2899 2007 2975 poeniten-

355 2999 589 3077 suo,acpri0ri
604 2995 1153 3066 S.Trinitatisbuhlinensis,com·
1206 2997 1295 3059 tibus
1310 2997 1343 3060 et
1364 2997 1537 3069 confessis,
1561 2997 1618 3074 qui
1640 2997 1681 3057 ad
1696 2995 1871 3074 praelatam
1894 2996 2008 3056 accle-

356 3099 448 3162 misit
464 3097 506 3160 in'
515 3095 704 3173 hujusmodi
725 3095 858 3170 negotio
880 3094 970 3156 vices
992 3108 1081 3154 suas.
1105 3095 1151 3154 hc
1207 3097 1291 3156 siam
1312 3095 1348 3156 in
1376 3095 1429 3156 die
1453 3095 1674 3158 solemnitatis
1696 3094 1845 3171 ejusdem
1869 3094 2006 3169 glorio·
2089 3133 2090 3136 κ

357 3195 487 3257 demum
503 3207 618 3254 eorum
633 3192 774 3260 litteras,
791 3190 1000 3252 sanctitatem
1014 3189 1103 3260 vitae,
1120 3189 1153 3250 et
1207 3193 1333 3254 sissimi
1347 3191 1558 3264 confessoris,
1580 3192 1633 3254 rel
1652 3191 1740 3253 inira
1767 3193 1904 3253 octavas
1927 3207 2006 3252 oum
2089 3201 2090 3246 f

357 3289 632 3360 conversationis,
642 3303 730 3364 saepe
741 3287 821 3348 dicti
833 3287 898 3347 viri
909 3286 1039 3362 plenius
1050 3285 1153 3348 conti·
1207 3289 1382 3352 devotione
1399 3290 1603 3352 accesserint
1623 3292 1695 3367 ejus
1709 3290 1900 3351 orationum
1925 3288 2002 3348 sul·
2089 3271 2090 3286 ¹

361 3389 488 3458 nentes,
499 3385 759 3462 suoetipsorum
775 3383 897 3459 sigillis
909 3383 1065 3456 munitas,
1075 3383 1154 3444 des·
1208 3388 1314 3465 fragia
1328 3388 1474 3465 petituri,
1488 3388 1607 3463 viginti
1623 3387 1694 3448 dies
1709 3387 1750 3448 de
1761 3387 1925 3464 injunctis
1938 3386 2005 3446 sibi

358 3483 720 3553 tinavlteisdem.Quas
731 3495 797 3541 una
806 3495 880 3541 curn
889 3481 1152 3556 depositionibus
1209 3483 1412 3560 prenitentiis
1433 3483 1694 3544 misericorditer
1709 3481 1914 3543 relaxamus.
1937 3484 2006 3542 Da-

357 3582 491 3648 lestlum
508 3595 608 3656 super
628 3575 799 3640 miraculis
814 3578 1035 3654 receptorum,
1057 3579 1153 3640 nobis
1207 3583 1278 3644 tum
1299 3583 1413 3653 Reate,
1434 3582 1480 3642 Ill
1503 3579 1578 3642 idus
1604 3579 1801 3652 decembris,
1829 3594 1920 3641 anno
1944 3578 2006 3640 de-

359 3679 421 3744 sub
440 3677 562 3756 sigillis
585 3676 730 3754 propriis
753 3675 984 3738 transmisere.
1010 3675 1155 3753 Collegi-
1209 3679 1306 3742 cimo.

359 3795 432 3842 mus
460 3778 570 3838 autem
597 3791 640 3836 ex
662 3775 814 3852 ipsarum
842 3773 931 3836 seria
954 3774 1151 3847 litterarum,

359 3876 445 3958 quod
467 3872 665 3952 saepedictus
686 3873 750 3944 vir,
771 3873 862 3948 regis
884 3874 917 3934 et
941 3872 1067 3948 reginae
1089 3873 1153 3934 ill·
1381 3945 1384 3954 ,
1545 3899 1669 3986 LXIV

360 3973 486 4038 bernice
509 3971 609 4044 illius,
627 3969 749 4034 extitit.
766 3971 799 4032 et
819 3969 861 4030 ab
884 3968 1027 4032 inlantia
1048 3971 1154 4031 sacris

360 4071 481 4136 litteris
495 4069 656 4140 eruditus,
669 4067 810 4129 senilem
822 4067 925 4143 gessit
938 4067 1155 4144 injuventute
1210 4053 1261 4114 Ad
1275 4050 1477 4114 abbatemet
1497 4051 1652 4125 lll'20rem
1664 4051 1956 4126 Hafflldellwlwsss
1970 4053 2002 4112 εἰ

361 4169 572 4248 gravitatem,
586 4167 620 4228 et
635 4164 877 4227 mundanarum
898 4163 1072 4226 illecebras
1091 4181 1154 4227 va·
1249 4149 1405 4210 abbatem
1418 4151 1454 4210 N
1454 4150 1656 4217 mittentem,
1673 4151 1829 4210 dioecerdl
1844 4151 2002 4210 Camera-

363 4267 505 4330 nilutum
520 4281 539 4326 a
552 4279 600 4336 se,
617 4262 818 4340 ultraquam
833 4262 914 4324 etas
937 4261 996 4323 illa
1016 4263 1153 4338 solebat,
1250 4249 1372 4309 Gellii&

364 4363 542 4428 abdicavit.

404 4459 530 4524 Deinde
551 4457 586 4520 in
610 4459 898 4536 archiepiscopum
922 4459 1156 4522 Dubljnengem
1213 4449 1361 4515 [hoctenem
1374 4449 1480 4502 Cbartes
1491 4453 1517 4498 et
1535 4449 1591 4498 doc.
1603 4447 1634 4498 de
1646 4445 1887 4506 saint-Plenam,
1898 4461 1924 4500 n.
1936 4445 2000 4511 let]

365 4561 566 4637 assumptus,
584 4557 632 4618 ⁵i⁰
654 4555 690 4618 in
705 4556 860 4618 ViitUtOm
880 4557 920 4619 ‘¹0
939 4559 1062 4621 Virtute
1077 4575 1158 4636 pro·
1212 4575 1262 4634 Eis
1276 4573 1393 4633 mandat
1414 4580 1446 4631 ut
1470 4579 1575 4646 cogant
1595 4570 1768 4630 abbatissam
1788 4579 1817 4630 et
1839 4586 1950 4629 sorores
1968 4571 2000 4629 de

365 4658 508 4731 latitat
530 4655 738 4718 lucratione
760 4653 926 4727 assiduus,
952 4657 1105 4718 austerus
1122 4657 1157 4718 in
1248 4665 1371 4736 llarnes,
1394 4661 1589 4722 cistarciensis
1618 4659 1737 4730 ordinis,
1756 4667 1798 4728 ul,
1820 4662 2000 4718 concessione
2089 4683 2090 4734 3

365 4753 590 4822 maceratione
611 4751 737 4832 proprii
761 4753 925 4829 corporis,
952 4767 991 4814 ac
1011 4753 1046 4814 in
1066 4754 1158 4816 elee-
1248 4752 1315 4811 olim
1330 4751 1400 4810 nde
1419 4748 1570 4808 suadenter
1594 4748 1697 4807 domus
1711 4761 1810 4806 earum
1839 4747 1913 4805 lactu
1938 4763 1999 4806 con-

366 4867 579 4932 mosynarum
591 4849 769 4926 largitione
782 4849 951 4928 profusus,
965 4865 1001 4913 se
1012 4851 1160 4914 totaliter
1247 4839 1424 4910 iflsslffldsshfl
1435 4835 2000 4912 lll0l⁸¹1⁵0⁰⁰1r³⁰⁰ssd10tumflbffltssum
2089 4907 2090 4910 ,

367 4949 507 5014 nomino
526 4943 699 5007 dedicarit.
1098 4959 1102 4972 ν
1249 4928 1351 4988 abbate
1370 4937 1400 4988 ct
1422 4935 1565 4988 conventu
1584 4927 1612 4986 S.
1636 4925 1712 4986 Petri
1731 4923 1893 4983 (lundensis
1907 4925 1999 4983 initum

407 5047 473 5110 Per
494 5041 718 5120 depositiones
743 5055 824 5104 varo
851 5041 985 5104 testium
1013 5043 1158 5120 praedic·
1250 5024 1398 5077 imment·

368 5145 478 5208 torum
500 5139 650 5203 constitit
667 5137 853 5210 evidenter,
884 5141 1032 5201 sanctam
1058 5141 1160 5203 vitam
1254 5143 1421 5206 Honorius
1432 5142 1619 5220 episcopus,
1630 5156 1746 5203 servus
1756 5140 1998 5212 servorumllei,
2089 5205 2090 5230 ἢ

369 5239 517 5320 ejusdem
528 5251 602 5298 esse
611 5236 660 5300 tot
670 5235 885 5316 sequentibus
894 5235 1064 5298 miraculis
1076 5253 1162 5301 com·
1216 5243 1344 5304 dilectis
1360 5241 1439 5302 filiis
1454 5239 1566 5303 abbati
1588 5241 1620 5302 et
1634 5238 1739 5316 priori
1760 5236 2000 5314 Haffligemensi
2089 5245 2090 5278 l

368 5337 561 5418 probatam,
583 5333 670 5410 quod
694 5347 760 5396 non
781 5348 918 5410 parram
941 5335 1032 5396 texet
1055 5336 1163 5399 bisto-
1217 5343 1249 5404 et
1259 5337 1369 5402 abbati
1379 5338 1566 5410 Ninirensi,
1580 5336 1829 5398 Cameracensis
1842 5335 1999 5406 dioecesis,

370 5437 466 5506 nam,
479 5432 535 5511 qui
546 5430 635 5494 volet
645 5429 827 5506 aaslngula
840 5429 986 5494 scrihere
999 5434 1159 5496 seriatim.
1217 5439 1357 5500 salutem
1371 5439 1404 5498 et
1418 5435 1644 5512 Apostolicam
1658 5432 1934 5494 benedictionem.

372 5533 434 5595 Sed
451 5533 487 5594 ut
503 5529 850 5608 praetereamusquou
870 5529 979 5591 claudi
994 5547 1159 5608 gressum,
1257 5534 1374 5596 Dilecti
1409 5533 1470 5594 lllii
1497 5531 1599 5594 abbas
1624 5533 1657 5594 et
1680 5531 1863 5592 conventus
1897 5531 2002 5592 Sancti

372 5629 451 5693 caeci
464 5627 583 5716 visunt,
602 5625 693 5690 surdi
709 5625 869 5699 auditum,
886 5629 968 5690 muti
984 5628 1159 5708 loquelam,
1218 5632 1307 5694 Petri
1323 5631 1508 5692 (laudensis
1530 5645 1590 5691 sua
1606 5628 1702 5690 nobis
1717 5627 1876 5705 petitione
1897 5643 2002 5690 mons-

1472 4323 1506 4382 23
1521 4321 1746 4410 decembliir'i.
