4226 6372
139 277 201 338 aab
241 346 248 352 ,
749 275 984 336 EPISTOLAE.
1013 277 1091 336 ula.
1116 275 1171 336 IX.
1726 275 1787 336 866

140 434 314 511 cumipse
340 433 530 512 procedere,
560 432 761 496 fraternitati
784 436 851 497 tuae
876 451 935 511 per
987 433 1099 496 biliter
1127 433 1316 510 possidetis,
1350 434 1411 496 ¹aut
1443 435 1480 495 in
1508 405 1782 511 rmurum'jusus

138 531 330 608 Apostolica
365 532 488 607 scripta
522 530 733 602 mandamus,
772 534 934 608 quatenus
988 531 1105 602 modis,
1136 531 1314 606 praestante
1339 531 1491 602 Domino,
1529 531 1680 607 poteritis
1711 531 1786 592 adi-

139 629 324 691 sententias
340 628 429 705 ipsas
451 629 523 688 sine
544 627 738 689 difficultate
762 629 932 699 relaxans,
988 629 1083 705 pisci,
1103 627 1163 688 sub
1178 627 1267 689 beati
1286 628 1377 689 Petri
1397 629 1430 690 et
1445 630 1558 689 nostra
1577 630 1785 705 protectione

138 726 227 788 nihil
250 726 385 802 propter
399 725 461 786 hoc
476 725 632 801 injungas
657 724 775 786 eidem.
800 726 934 798 Quodsi
988 725 1204 802 suscipimus;
1223 724 1414 801 specialiter
1429 725 1539 786 autem
1554 727 1784 800 possessionen

139 824 227 886 forte
242 821 325 884 adeo
346 822 455 900 egeris
480 822 516 882 in
542 823 688 894 remotis,
705 822 790 898 quod
806 824 878 900 ipse
892 822 933 884 ad
989 823 1029 883 de
1048 821 1222 884 (1331333131
1244 821 1369 882 acatia
1388 821 1475 882 bona
1494 823 1616 893 vestre,
1637 823 1723 884 sicut
1742 839 1783 884 ea

139 921 173 982 te
189 921 261 981 sine
277 919 449 996 dispendio
463 920 578 981 venire
602 935 668 980 non
690 920 821 996 poterit,
839 936 933 981 corn-
984 921 1086 996 juste,
1103 919 1265 980 canonice
1279 920 1311 981 et
1326 919 1465 995 pacifice
1483 919 1672 995 possidetis,
1690 919 1784 982 uobis

139 1018 255 1078 mittas
265 1032 366 1093 super
375 1017 439 1078 boc
448 1016 614 1093 aliquibus
625 1016 707 1079 viris
718 1017 934 1094 prudentibus
989 1017 1023 1077 et
1047 1031 1107 1092 per
1131 1031 1190 1077 vos
1220 1016 1424 1078 monasterio
1450 1017 1561 1078 vestro
1587 1017 1784 1077 auctoritate

139 1116 232 1178 vices
266 1115 353 1186 1333,
387 1114 443 1190 qui
477 1115 718 1176 relaxationem
744 1115 935 1192 huiusmodi
988 1112 1785 1190 Apostolicaconfirmamus,etpraesentisscripti

137 1212 286 1272 3133133
302 1209 444 1272 fideliter
465 1212 838 1288 333333331113.1133313
857 1213 934 1288 quia
989 1211 1175 1286 patrocinio
1189 1209 1442 1270 communimus.
1456 1210 1547 1270 Nulli
1559 1225 1638 1285 ergo
1649 1211 1784 1270 omnino

139 1307 292 1384 pluribus
308 1308 386 1368 aliis
401 1307 578 1383 legationis
598 1309 741 1382 negotiis
750 1310 934 1385 occupatus
990 1307 1159 1368 bominum
1173 1305 1272 1367 liceat
1288 1306 1375 1370 banc
1391 1307 1546 1383 paginam
1559 1309 1682 1368 nostrae
1698 1321 1784 1367 con-

138 1403 302 1466 iaciendae
317 1403 524 1482 inquisitioni
546 1420 646 1481 super
665 1420 715 1476 ea,
739 1405 825 1481 quod
847 1405 935 1466 idem
990 1403 1189 1464 firmationis
1215 1403 1249 1463 et
1269 1403 1485 1479 protectionis
1509 1401 1704 1478 infringere,
1732 1404 1786 1465 rel

139 1501 316 1578 episcopus
341 1501 526 1577 pecuniam,
544 1517 643 1578 quam
667 1500 707 1562 de
731 1501 888 1563 vicesima
904 1504 936 1562 et
990 1500 1021 1560 ei
1036 1515 1120 1560 ausu
1134 1499 1314 1560 temerario
1334 1500 1513 1561 contraire.
1531 1501 1566 1560 Sl
1581 1501 1656 1576 quis
1672 1501 1784 1562 autem

140 1597 371 1673 redemptione
396 1597 557 1669 votorum,
585 1613 715 1658 necnon
742 1597 782 1658 de
807 1597 935 1658 truncis
990 1597 1053 1658 hoc
1066 1598 1229 1658 attentare
1244 1596 1505 1673 praesumpserit,
1521 1596 1786 1672 indignationem

141 1695 316 1756 collectam
338 1710 405 1756 non
420 1694 455 1754 in
470 1696 581 1756 Terrae
596 1697 724 1758 Sanctae
739 1695 934 1766 subsidium,
991 1693 1227 1770 omnipotentis
1238 1695 1297 1754 Dei
1310 1695 1343 1754 31
1354 1692 1527 1755 beatorum
1539 1695 1629 1755 Petri
1645 1695 1678 1755 31
1688 1694 1786 1755 Ρ3311

141 1792 201 1852 sed
212 1791 247 1852 in
261 1791 412 1869 proprios
424 1807 503 1852 usus
514 1791 636 1852 dicitur
646 1793 849 1854 convertisse
862 1809 936 1853 cum
991 1790 1217 1867 apostolorum
1245 1793 1318 1867 ejus
1344 1805 1380 1852 33
1402 1791 1533 1852 noverit
1558 1793 1783 1855 incursurum.

142 1887 341 1964 quibusdam
363 1887 562 1964 potentibus,
579 1891 612 1951 et
633 1889 828 1966 quibusdam
852 1890 936 1950 31133
990 1889 1110 1950 Datum
1138 1887 1271 1959 Tibure,
1293 1889 1322 1949 11
1348 1903 1426 1949 333.
1446 1889 1545 1964 junii,
1573 1889 1786 1966 pontificatus

141 1986 288 2046 transire
310 1984 744 2062 volentibus,dispensando
767 1986 936 2048 commode
991 1984 1200 2047 nostrianno
1216 2000 1315 2046 nano.
1466 2003 1468 2006 ·

142 2081 305 2144 interesse
325 2097 392 2148 non
412 2099 537 2159 possea,
555 2082 684 2145 dilectis
700 2083 777 2143 filiis
793 2085 832 2144 H.
848 2085 881 2145 et
895 2085 935 2144 H.

142 2179 389 2241 archidiaconis
400 2179 601 2256 etmagistro
612 2183 648 2242 G.
660 2179 934 2253 debendunensi

142 2276 304 2338 canonico
320 2277 486 2349 Remensi,
507 2277 630 2338 nostris
646 2277 795 2339 dedimus
816 2277 937 2340 litteris
1324 2224 1457 2310 CLXX

143 2374 179 2435 in
194 2375 371 2447 mandatis,
388 2376 423 2435 31
442 2375 648 2452 inquirentes
663 2391 763 2452 super
785 2375 838 2436 his
860 2375 939 2436 1111-
991 2377 1043 2437 Ad
1063 2379 1268 2442 Roraaaum,
1287 2377 1406 2438 Sancti
1421 2378 1541 2451 Aapcti
1563 2379 1786 2448 cardinalem,

141 2473 277 2547 gentius
292 2473 476 2544 veritatem,
497 2473 525 2532 31
540 2488 610 2532 rem
633 2473 681 2535 113
703 2489 776 2534 3333
800 2489 936 2550 331333-
1247 2476 1288 2534 A·
1311 2475 1346 2534 S.
1370 2473 1532 2546 legatam.

141 2571 261 2642 rerint,
282 2570 431 2632 Tullensi
453 2570 594 2632 33313313
620 2570 768 2631 indemni
792 2571 935 2644 servata,
1326 2621 1331 2632 .
1377 2620 1393 2632 ..

142 2667 268 2728 dictum
283 2667 473 2744 episcopum
488 2666 529 2727 ad
543 2666 773 2744 deponendum
788 2669 937 2730 eamdem
1293 2623 1394 2693 ΗΜ
1408 2619 1487 2677 im

141 2765 320 2841 pecuniam
335 2763 370 2824 in
385 2763 568 2825 subsidium
580 2767 692 2828 Terrae
707 2767 847 2837 sanem,
862 2782 938 2828 auo·
1023 2747 1227 2818 [bouquetiiec.
1242 2752 1287 2802 des
1298 2751 1371 2810 ilict,
1382 2753 1449 2809 11111,
1460 2751 1515 2801 761.
1530 2751 1640 2816 Regem,
1657 2750 1702 2802 lib.
1713 2753 1758 2810 111.

141 2863 278 2924 13311313
293 2861 418 2933 333133,
436 2861 566 2922 sublato
581 2862 813 2938 appellationis
833 2863 938 2940 impe·
1331 2845 1370 2895 ⁰¹³'
1382 2831 1450 2895 ³5¹4

142 2959 303 3026 dimento,
327 2957 518 3034 3313331133,
544 2959 761 3034 quantitatem
784 2959 936 3036 depositi,
992 2949 1090 3004 Donec
1102 2945 1269 3004 Fulcbesius
1282 2945 1318 3003 dc
1332 2949 1463 3015 Bracata,
1474 2947 1701 3020 crucesignatus,
1716 2949 1789 3004 Hen-

142 3057 177 3117 et
199 3055 307 3115 locum
325 3055 362 3114 jn
380 3070 445 3131 quo
465 3053 575 3126 suerit,
600 3055 633 3115 eq
658 3055 812 3132 quicquid
839 3073 939 3132 super
1028 3033 1600 3108 31333331113311133333331113133133311,
1613 3033 1788 3109 detoperam

143 3152 326 3230 praemissis
350 3152 550 3222 invenerint,
577 3151 672 3212 nobis
695 3152 836 3214 fideliter
861 3169 936 3214 res·
1028 3123 1226 3224 legffius’,⁰t,³
1247 3137 1317 3223 ¹⁰3⁰
1335 3123 1629 3223 lffud⁰vi⁰⁰‚impe“et
1649 3139 1700 3196 pm
1714 3121 1790 3225 ‘m'

144 3250 295 3326 empturi·
317 3251 435 3311 Datum
454 3248 586 3320 Tibure,
606 3251 634 3312 V
656 3249 816 3311 kalendas
836 3251 935 3328 junii,
1029 3209 1178 3269 Fulchesro
1190 3211 1336 3269 1133311313
1350 3225 1379 3268 13
1394 3213 1514 3269 Francia
1529 3211 1736 3271 commorandi.

144 3362 234 3408 anno
251 3362 348 3407 110110·
1032 3356 1200 3418 Honorius
1237 3357 1461 3434 episcopus...,
1497 3356 1618 3418 dilecto
1651 3355 1786 3420 1111311.

995 3453 1107 3516 Sancti
1132 3455 1250 3531 Angeli
1278 3454 1419 3516 diacono
1439 3453 1614 3526 cardinali,
1629 3457 1667 3514 A.
1686 3456 1718 3516 S.
1735 3455 1788 3517 le-

470 3562 622 3650 GLXIX
993 3554 1081 3626 gato,
1096 3553 1248 3624 salutern,
1265 3555 1327 3616 etc.

1033 3651 1113 3709 Cum
1128 3649 1169 3710 ad
1192 3650 1476 3710 reconciliandum
1500 3650 1657 3711 dilectum
1682 3649 1788 3711 illium

992 3744 1137 3806 nobilem
1151 3747 1260 3808 virum
1276 3745 1488 3808 Fulcbesium
1504 3747 1544 3807 de
1564 3747 1704 3808 Breante
1726 3763 1787 3808 33-

992 3843 1125 3904 31331133
1149 3845 1184 3904 13
1200 3844 1331 3904 Christo
1352 3844 1421 3904 illio
1435 3846 1550 3904 nostro
1566 3845 1721 3916 ilenrico,
1741 3845 1786 3905 il-

145 3716 198 3774 Aa
216 3714 424 3775 abbatissam
447 3713 480 3775 et
505 3714 711 3776 carrucatam
734 3716 939 3778 morrasierii

421 3813 462 3872 dc
477 3813 617 3874 Gerbcst
642 3813 665 3872 t.

446 3951 546 4023 ijunii
558 3953 636 4009 1335,
993 3940 1088 4004 lustri
1102 3941 1173 4017 regi
1187 3942 1382 4017 Anglorum,
1398 3940 1532 4002 domino
1552 3957 1624 4014 suo,
1646 3941 1788 4004 sollicite
1819 3942 1824 3951 '

343 4071 492 4135 [pharium
512 4087 593 4132 saera,
605 4074 629 4131 9,
652 4087 678 4123 n.
692 4075 742 4140 st]
993 4038 1215 4110 intendamus,
1231 4038 1424 4100 discretioni
1444 4041 1509 4101 tuae
1526 4053 1584 4114 per
1598 4039 1788 4114 Apostolica

492 4192 496 4206 ‚
993 4136 1116 4212 scripta
1141 4135 1348 4207 mandamus,
1377 4138 1542 4213 quatenus
1569 4135 1627 4198 des
1652 4151 1787 4212 operam

149 4189 938 4268 113333133131313(13311331313111113311Ρ313131333
993 4230 1161 4292 efficacem
1187 4233 1224 4292 ut
1252 4231 1448 4294 carissimus
1474 4231 1509 4290 in
1539 4231 1670 4294 Christo
1698 4232 1787 4294 filius

383 4299 559 4366 l³l⁰¹f³⁰¹¹⁰¹¹e
570 4295 698 4368 sumpn-
993 4329 1106 4390 noster
1118 4329 1318 4401 Ludovicns,
1334 4343 1394 4389 rex
1409 4331 1614 4390 Francorum
1631 4329 1785 4402 illustris,

187 4420 354 4481 Honorius
364 4420 548 4497 episcopus,
560 4437 676 4482 servus
685 4437 856 4484 servorum
866 4426 936 4498 Dei,
994 4425 1145 4486 eumdem
1161 4426 1316 4498 nobilem,
1331 4426 1520 4503 specialiter
1546 4443 1605 4503 pro
1625 4443 1787 4490 reveren-

148 4515 277 4580 dilectis
290 4517 325 4576 in
335 4516 465 4578 Christo
478 4516 610 4578 iiliabus
625 4518 802 4582 abbatissae
816 4524 851 4582 et
864 4539 940 4584 con·
992 4524 1040 4584 113
1054 4526 1072 4584 J
1075 4539 1135 4584 esu
1149 4523 1282 4596 Christi,
1304 4526 1399 4602 cujus
1414 4526 1465 4585 est
1486 4525 1680 4586 charactere
1704 4525 1790 4586 insi-

77 4661 79 4666 .
147 4613 262 4674 ventui
273 4614 313 4674 de
324 4612 507 4685 (1331333131,
524 4615 663 4676 33131313
674 4618 706 4678 31
715 4619 938 4694 Apostolicam
993 4619 1115 4696 gnitus,
1132 4626 1165 4681 et
1178 4621 1303 4695 nostra,
1318 4621 1354 4682 in
1368 4637 1470 4697 regno
1487 4637 1546 4682 suo
1570 4621 1675 4683 libere
1693 4635 1788 4684 cam-

147 4707 422 4772 benedictionem.
470 4738 477 4748 ·
994 4719 1118 4780 morari
1143 4719 1322 4795 permittat,
1353 4733 1525 4795 quousque
1554 4718 1788 4780 reconciliatus

189 4808 268 4868 Cum
290 4823 309 4867 a
334 4807 428 4868 nobis
443 4809 566 4885 petitur
586 4810 671 4886 quod
685 4813 813 4888 Justum
835 4816 886 4876 est
907 4815 940 4876 et
994 4815 1094 4878 inerit
1108 4815 1196 4877 dicto
1211 4817 1283 4892 regi
1309 4816 1502 4892 anglorum,
1518 4813 1572 4876 vel
1590 4815 1680 4876 circa
1707 4831 1790 4877 exe-

148 4904 418 4988 bonestum‚tam
437 4906 533 4981 vigor
547 4908 725 4984 aequitatis,
746 4925 844 4986 quam
859 4913 939 4972 ordo
994 4913 1160 4974 cntionem
1175 4914 1243 4975 noti
1270 4914 1322 4973 331
1347 4916 1483 4988 3333313
1502 4913 1650 4988 13133333
1669 4928 1792 4990 oppor-

149 5000 253 5077 exigit
267 5001 418 5072 rationis,
441 5003 477 5062 31
492 5002 524 5063 11
544 5019 603 5079 333
617 5004 873 5068 sollicitudinem
889 5008 941 5070 oi·
994 5011 1075 5071 tuno
1097 5010 1294 5071 duxerimus
1313 5009 1564 5087 providendum.
1581 5009 1707 5071 Dilecto
1723 5010 1792 5072 iilio

149 5097 216 5159 licii
231 5099 336 5160 nostri
352 5099 391 5159 ad
404 5099 549 5160 debitum
564 5101 764 5176 perducatur
774 5104 938 5166 effectum.
996 5107 1138 5169 Roberto
1154 5107 1346 5170 Passalawe
1364 5106 1486 5168 clerico
1500 5107 1726 5170 commorandi
1739 5109 1794 5170 in·

148 5195 340 5270 Eapropter‚
358 5195 487 5257 dilectae
503 5196 537 5256 in
557 5198 696 5259 Domino
716 5199 804 5272 flliae,
820 5203 939 5262 1331313
994 5206 1140 5266 13311313
1155 5221 1261 5280 regno,
1275 5204 1585 5266 eodemeilioaciter
1600 5205 1734 5266 studeas
1750 5206 1794 5267 li-

144 5290 247 5364 333113
275 5292 551 5367 postulationibus
579 5295 673 5369 grato
705 5301 940 5359 concurrentes
995 5303 1139 5363 centiam
1167 5302 1327 5373 obtinere,
1356 5301 1548 5364 mandatum
1576 5303 1726 5363 nostrum
1746 5304 1795 5365 ita

149 5400 299 5456 assensu,
322 5401 482 5461 personas
497 5393 626 5451 vestras
641 5391 674 5451 et
689 5391 808 5465 133313,
826 5394 940 5471 inquo
996 5399 1140 5460 sollicite
1164 5399 1372 5475 impleturus,
1399 5399 1486 5476 quod
1510 5399 1575 5475 ipsi
1588 5400 1630 5459 ad
1646 5399 1796 5462 devotio-

149 5480 261 5542 divino
277 5483 356 5546 estis
377 5483 534 5562 obsequio
554 5489 763 5565 mancipatae,
781 5506 942 5552 3313313-
996 5511 1071 5558 3313
1086 5499 1178 5558 13313
1198 5512 1241 5556 ex
1266 5497 1330 5557 boc
1356 5496 1547 5574 specialiter
1560 5499 1793 5572 provocentur,

150 5576 247 5638 nibus
263 5577 369 5651 bonis,
387 5597 459 5657 quae
476 5583 510 5641 in
526 5587 779 5659 praesentiarum
794 5587 943 5650 rationa-
998 5593 1106 5654 31333
1122 5593 1335 5670 prudentiam
1361 5595 1393 5655 et
1422 5593 1795 5662 331113113113313111313

290 5723 404 5766 rinnon.
425 5726 502 5769 33113
523 5713 570 5772 lv.
1562 5725 1597 5782 23
