4244 6374
176 299 232 360 621

177 457 254 520 terii
277 456 450 544 exsatiare
465 454 666 526 vertebatur,
696 455 885 516 invenimus
908 470 968 532 pro

176 553 367 632 patriarcha
406 552 600 632 probatum,
625 552 711 630 quod
746 551 969 629 recipiebatur

175 652 308 728 inipso
333 650 535 712 monasterio
566 649 858 726 processionaliter
893 665 968 710 cum

176 748 324 819 incenso,
342 763 428 824 aqua
438 747 621 818 benedicta,
635 747 783 817 eticona,
796 746 828 806 et
837 744 967 834 quando

175 845 405 907 revertebatur
418 861 438 906 a
460 844 571 905 Gradu
584 843 801 920 pulsabantur
811 842 858 903 ibi
872 857 967 903 oam-

177 958 284 1019 pauee‚
319 943 405 1004 siout
428 942 464 1003 in
487 942 564 1002 aliis
584 941 735 1004 ecclesiis
758 939 913 1012 civitatis,
936 941 970 1002 et

177 1040 263 1117 quod
291 1039 394 1102 abbas
418 1039 614 1116 quandoque
640 1038 701 1100 ivit
735 1037 775 1098 ad
806 1036 968 1113 synodum

176 1138 376 1215 patriarchae
401 1136 643 1214 quinquaginta
671 1135 795 1198 solidos
824 1136 969 1197 Veneto-

176 1252 252 1297 rum
275 1236 453 1308 minorum,
474 1237 508 1296 et
531 1249 591 1311 per
608 1234 720 1312 plures
735 1248 841 1294 annos
856 1232 969 1294 exsol-

176 1349 269 1396 vens.
296 1332 474 1394 Probatum
498 1347 578 1393 vero
591 1347 651 1408 pro
667 1331 823 1408 episcopo
837 1329 969 1392 inveni-

176 1431 241 1502 tur,
268 1429 354 1507 quod
380 1428 528 1506 ejusdem
547 1426 742 1489 monasterii
762 1426 969 1489 confirmavit

176 1525 312 1587 abbates
331 1525 388 1602 qui
409 1524 441 1584 ei
455 1523 676 1585 obedientiam
700 1522 732 1584 et
746 1523 968 1584 reverentiam

175 1622 426 1700 impenderunt3
445 1619 581 1682 abbates
606 1620 705 1681 etiam
730 1618 877 1695 eJusdem
897 1634 970 1679 mo-

176 1719 316 1780 nasterii
340 1717 380 1778 ad
399 1717 543 1794 synodos
567 1712 746 1778 veniebant
764 1716 922 1794 episcopi,
937 1717 970 1778 et

176 1816 276 1888 idem,
296 1815 339 1876 11
362 1814 539 1892 exsequias
558 1814 729 1884 invitatus,
746 1813 970 1890 recipiebatur

177 1911 470 1990 processionaliter
483 1927 557 1972 cum
573 1911 783 1973 solemnitate
798 1910 967 1987 praedicta,

178 2025 218 2070 11
237 2009 392 2071 similiter
411 2007 570 2070 invitatus
582 2009 618 2069 in
632 2007 716 2069 festo
736 2007 824 2068 beati
835 2007 969 2083 Georgii

178 2107 429 2183 procurationes
453 2105 587 2177 ibidem,
604 2119 700 2182 quem
720 2105 755 2165 11
769 2105 893 2165 barcba
908 2120 969 2164 sua

178 2204 213 2265 11
236 2203 319 2266 11111
341 2203 582 2281 purificationis
605 2202 710 2264 beatae
725 2201 873 2278 Virginis
889 2217 970 2262 con-

177 2300 352 2364 ducebant
369 2303 450 2361 Gum
465 2300 575 2362 autem
595 2301 631 2360 in
646 2299 699 2359 his
714 2299 820 2376 primo
835 2313 969 2376 posses-

175 2399 266 2462 sorio
281 2400 411 2474 egerint
425 2397 627 2475 patriarcha,
644 2399 677 2458 et
697 2398 872 2473 episeopus
895 2412 969 2457 me·

176 2497 308 2568 morati,
329 2513 389 2559 nos
404 2511 462 2557 eos
482 2496 523 2557 ad
538 2495 794 2572 possessionem,
811 2493 863 2555 vel
875 2494 969 2570 quasi

177 2594 382 2656 restituimus
397 2593 641 2670 praedictorum.
656 2594 778 2653 Verum
794 2592 871 2668 quia
891 2591 970 2651 11111

177 2691 255 2753 1111
280 2691 435 2768 petitorio
461 2690 679 2751 nibilominus
714 2690 823 2751 actum
846 2688 971 2761 fuitei

178 2789 318 2866 utraque
334 2805 410 2866 pars
427 2788 531 2850 totum
548 2803 645 2848 suum
652 2790 708 2863 jus
722 2786 853 2848 videtur
867 2786 902 2847 in
913 2789 971 2863 ju-

178 2886 302 2948 dicium
317 2887 507 2957 deduxisse,
520 2901 581 2945 nos
591 2885 673 2946 visis
688 2883 970 2960 praedecessorum

178 2984 367 3045 nostrorum
387 2981 584 3059 privilegiis,
603 2979 843 3041 monasterium
862 2980 970 3056 ipsum

178 3081 219 3142 de
234 3079 375 3141 fratrum
390 3079 579 3140 nostrorum
594 3077 735 3138 consilio
747 3075 887 3139 liberum
897 3092 970 3138 esse

178 3177 399 3245 decernimus,
415 3177 448 3238 et
465 3175 656 3237 immediate
668 3174 709 3236 ad
723 3175 905 3236 Romanam
914 3177 972 3236 111-

178 3277 315 3337 alesiam
341 3274 508 3352 pertinere
526 3294 533 3333 :
552 3271 634 3334 iilud
658 3272 693 3332 in
721 3271 914 3348 praemissis,
939 3275 972 3334 et

178 3373 266 3445 aliis,
283 3388 356 3450 quae
372 3370 651 3450 iurisdictionem,
678 3369 712 3432 et
732 3368 970 3446 subjectionem

178 3471 372 3548 respiciunt,
413 3470 454 3530 ab
483 3467 689 3545 impetitione
715 3466 879 3528 dictorum
907 3482 970 3543 pa-

178 3569 334 3632 triarchae
363 3584 402 3631 ac
426 3566 573 3644 episcopi
594 3564 814 3634 absolventes,
832 3579 897 3625 non
911 3564 971 3625 ob-

179 3667 286 3730 stante
301 3666 510 3743 possessione
524 3665 614 3726 11111
633 3662 792 3740 praedicta
806 3661 944 3738 probata
961 3683 968 3722 :

178 3782 255 3827 cum
281 3781 347 3826 non
375 3763 550 3825 docuerint
567 3777 603 3823 se
616 3760 710 3823 tanto
726 3761 874 3836 tempore
887 3760 970 3820 talia

179 3864 379 3941 percepisse,
405 3860 492 3938 quod
514 3875 576 3938 per
595 3859 658 3921 boa
679 3855 843 3919 libertatis
872 3855 972 3919 luerit

179 3959 364 4036 privilegiis
386 3957 590 4032 derogatum.
616 3958 838 4017 Reservamus
862 3955 970 4016 autem

179 4057 333 4133 episcopo
348 4054 517 4132 praedicto,
541 4069 614 4130 quae
631 4051 695 4114 sibi
709 4054 799 4114 11111
812 4053 968 4124 chrisma,

180 4154 289 4214 oleum
315 4154 476 4224 sanctum,
504 4149 730 4212 ordinationes
759 4149 969 4223 elericorum,

179 4252 212 4313 et
224 4250 374 4327 quaedam
390 4249 457 4309 alia
469 4249 504 4308 in
517 4247 641 4308 eisdem
650 4247 835 4324 privilegiis
848 4249 972 4325 specia-

180 4348 256 4409 liter
263 4346 487 4410 reservantur.
503 4345 551 4406 Ad
567 4345 722 4406 beeecum
735 4344 775 4405 de
791 4344 971 4421 praemissis

1083 205 1117 236 *x

754 287 1000 356 ‘armona
1024 294 1101 356 Lis.
1125 297 1210 356 vin.

1350 463 1487 551 CCVII

1057 607 1108 667 Ad
1122 605 1277 667 abbatem
1291 607 1326 669 et
1336 610 1494 680 priorem
1508 608 1626 669 sancti
1638 607 1781 669 Artbertt

1149 704 1184 764 ei
1197 703 1375 765 certiorem
1391 705 1686 766 cameracensem.

1277 897 1283 908 .
1324 825 1420 884 111111
1436 825 1514 882 itit.

1160 932 1377 996 [1111110111
1393 931 1538 997 diplomat,
1550 931 1593 991 111,
1609 930 1675 997 381]

1023 1037 1173 1096 Sororibus
1186 1039 1214 1096 S.
1231 1037 1340 1096 11111111
1353 1037 1515 1110 regularem
1528 1036 1655 1096 habituro
1670 1037 1814 1096 licentiam

1349 1127 1489 1186 concedit.

1056 1236 1235 1304 Honorius,
1244 1235 1456 1308 eto.,dilectis
1464 1235 1543 1296 tiliis
1552 1234 1814 1312 abbatietpriori

1024 1334 1057 1394 S.
1066 1333 1627 1401 AubertieicantoriCameracensi,
1636 1333 1812 1393 salutem...

1062 1430 1198 1490 Dilectae
1222 1430 1258 1489 in
1278 1429 1408 1491 Christo
1430 1429 1508 1490 illiae
1530 1429 1690 1506 priorissa
1705 1429 1738 1490 et
1759 1444 1816 1490 so-

1022 1542 1116 1588 rores
1144 1529 1177 1587 S.
1207 1527 1338 1588 Nicolai
1364 1525 1405 1588 de
1430 1527 1557 1588 Ditiaeo
1589 1525 1815 1587 atrebatensis

1023 1623 1180 1684 diaecesis
1190 1623 1260 1696 suis
1270 1623 1366 1685 nobis
1377 1623 1497 1686 litteris
1509 1623 1715 1694 intimarunt,
1728 1622 1814 1699 quod

1023 1736 1098 1781 curn
1126 1720 1291 1797 hospitale
1319 1736 1502 1798 pauperum
1534 1721 1570 1780 in
1598 1718 1716 1782 eodem
1741 1719 1815 1780 loco

1023 1816 1124 1879 tuerit
1139 1817 1180 1878 ab
1203 1818 1351 1896 antiquo,
1377 1833 1575 1894 sororesque
1597 1832 1669 1894 quae
1691 1831 1817 1894 paupe-

1023 1915 1116 1976 ribus
1130 1914 1321 1977 serviebant
1334 1914 1468 1986 ibidem,
1485 1913 1617 1976 tandem
1633 1915 1669 1978 ut
1684 1930 1720 1975 se
1735 1929 1814 1974 arc-

1023 2012 1089 2073 tius
1109 2011 1231 2072 divinis
1252 2011 1421 2088 obsequiis
1441 2011 1639 2087 obligarent,
1665 2010 1815 2072 habitum

1022 2109 1212 2184 regularem
1240 2124 1280 2170 ac
1311 2108 1538 2171 institutiones
1566 2107 1693 2168 ordinis
1727 2107 1816 2168 beati

1023 2205 1168 2267 Victoris
1195 2221 1366 2267 assumere
1395 2205 1593 2281 satagentes,
1627 2219 1727 2280 super
1755 2203 1818 2265 boc

1025 2317 1223 2363 eonsensum
1238 2302 1438 2364 venerabilis
1458 2302 1572 2364 fratris
1592 2300 1816 2363 1111111111-

1023 2399 1170 2462 batensis
1192 2400 1340 2477 episcopi
1363 2400 1534 2462 humiliter
1553 2398 1727 2476 petierunt.
1753 2399 1817 2461 Sed

1024 2512 1099 2558 eum
1123 2513 1189 2558 non
1213 2498 1391 2574 potuerunt
1411 2498 1622 2575 aliquatenus
1655 2495 1815 2568 obtinere,

1024 2594 1090 2656 nisi
1112 2595 1332 2672 promissione
1351 2595 1504 2672 primitus
1526 2595 1589 2656 sibi
1608 2594 1706 2666 iacta,
1730 2593 1817 2670 quod

1024 2691 1149 2769 absque
1173 2708 1233 2753 suo
1255 2708 1433 2762 consensu,
1456 2693 1489 2754 et
1511 2692 1646 2753 licentia
1666 2691 1815 2769 speciali,

1025 2790 1150 2850 nullam
1171 2789 1236 2850 sibi
1256 2789 1292 2850 in
1316 2789 1519 2852 abbatissam
1539 2805 1598 2850 seu
1621 2789 1818 2866 priorissam

1024 2884 1195 2962 eligerent,
1212 2902 1274 2949 nec
1287 2901 1435 2949 sororem
1450 2900 1512 2947 nee
1528 2901 1721 2947 conversam
1735 2886 1819 2947 reci·

1025 2985 1151 3060 pereni,
1167 2983 1234 3044 nisi
1248 2998 1309 3044 suo
1324 2999 1488 3045 consensu
1501 2984 1603 3059 petito
1616 2980 1769 3060 primitus
1785 2985 1818 3046 et

1024 3080 1168 3142 obtento.
1196 3082 1305 3152 Quare
1332 3080 1428 3142 nobis
1454 3079 1626 3141 humiliter
1649 3080 1819 3157 supplica-

1025 3179 1113 3251 runt,
1135 3177 1173 3240 ut
1198 3193 1272 3239 cum
1296 3178 1358 3240 etsi
1382 3178 1423 3238 de
1447 3179 1527 3240 dicti
1546 3177 1693 3255 episcopi
1717 3178 1817 3239 beni-

1025 3275 1151 3352 gnitate
1171 3291 1238 3338 non
1262 3276 1422 3348 dubitent,
1445 3292 1582 3338 suorum
1600 3279 1711 3338 tamen
1733 3279 1818 3339 tem-

1024 3373 1161 3450 poribus
1176 3387 1405 3434 sucoessorum
1421 3373 1556 3435 videant
1575 3389 1618 3435 ex
1636 3374 1700 3435 hoc
1715 3389 1818 3449 grave

1025 3470 1089 3531 sibi
1102 3486 1199 3548 posse
1215 3470 1424 3547 dispendium
1439 3471 1585 3542 evenire,
1606 3472 1639 3532 et
1656 3487 1820 3548 augmen·
1846 3493 1851 3498 ·

1025 3571 1095 3631 tum
1110 3569 1216 3645 ipsius
1231 3569 1296 3630 loci
1313 3568 1533 3644 spiritualiter
1546 3570 1579 3630 et
1592 3570 1820 3646 temporaliter

1025 3665 1205 3742 plurimum
1221 3665 1386 3743 impediri,
1403 3665 1445 3727 ad
1455 3666 1685 3727 remittendam
1700 3667 1749 3728 eis
1760 3683 1821 3728 ne-

1026 3761 1216 3824 cessitatem
1252 3761 1455 3839 hujusmodi,
1492 3778 1567 3823 cum
1595 3765 1630 3823 in
1666 3763 1819 3824 omnibus

1027 3859 1103 3920 aliis
1136 3859 1200 3921 sibi
1230 3858 1334 3921 velint
1359 3859 1433 3934 lege
1458 3859 1647 3920 dloeeesana
1671 3859 1817 3933 subesse,

1026 3957 1135 4034 ipsum
1146 3956 1345 4033 Apostolicis
1362 3956 1516 4034 precibus
1536 3957 1692 4018 inducere
1707 3957 1821 4033 digna·

1026 4067 1149 4115 remur.
1176 4056 1257 4114 Cum
1287 4068 1368 4129 ergo
1402 4069 1517 4115 earum
1553 4054 1668 4130 petitio
1696 4055 1820 4117 rationi

1026 4167 1174 4214 consona
1197 4151 1360 4223 videatur,
1381 4151 1534 4212 eumdem
1553 4152 1743 4229 episcopum
1763 4167 1820 4214 ro-

1026 4249 1171 4326 gandum
1188 4248 1343 4311 duximus
1358 4249 1391 4310 et
1404 4250 1616 4321 monendum,
1638 4249 1734 4311 nobis
1753 4248 1819 4310 sibi

1026 4346 1142 4408 dantes
1168 4345 1288 4408 litteris
1313 4346 1347 4406 in
1373 4346 1548 4420 mandatis,
1577 4349 1614 4410 ut
1637 4347 1818 4424 episcopali

175 4445 416 4524 quinquaginta
437 4443 553 4504 solidis
578 4442 619 4503 ad
646 4441 860 4519 subjectionis
883 4442 973 4502 indi·
1021 4446 1100 4520 jure
1118 4443 1154 4504 in
1179 4444 1275 4504 domo
1297 4444 1370 4519 ipsa
1396 4459 1456 4520 per
1483 4444 1594 4505 omnia
1620 4444 1685 4504 sibi
1712 4445 1817 4513 salvo,

176 4545 264 4605 cium
288 4559 308 4604 a
334 4541 524 4620 patriarcba
551 4541 596 4602 sit
619 4539 740 4611 aetum,
761 4541 973 4616 persenten·
1026 4540 1171 4628 eligendi
1202 4540 1266 4600 sibi
1294 4541 1488 4616 priorissam
1517 4557 1576 4602 seu
1604 4539 1816 4614 abbatissam,
1899 4545 1901 4550 '

174 4641 256 4703 tiam
278 4639 467 4717 hujusmodi
481 4654 547 4699 non
563 4637 750 4708 adimimus,
768 4637 797 4697 si
817 4636 972 4714 altojure
1026 4639 1124 4714 prout
1149 4637 1214 4698 loci
1240 4639 1327 4699 ratio
1351 4637 1540 4714 postulabit,
1568 4654 1609 4699 ac
1636 4637 1818 4713 recipiendi

176 4739 216 4799 de
236 4737 401 4815 episcopis
423 4737 570 4812 experiri
577 4735 746 4830 'voluerit
762 4735 970 4810 potestatem.
1027 4735 1131 4796 libere
1143 4750 1289 4806 sorores,
1306 4750 1496 4805 conversos,
1514 4739 1612 4811 atque
1628 4749 1817 4806 conversas,

176 4836 319 4912 ideoque
333 4833 527 4894 discretioni
537 4835 656 4894 vestrae
668 4847 727 4909 per
738 4831 863 4908 scripta
871 4834 972 4908 Apos·
1026 4833 1075 4892 eis
1086 4832 1225 4893 liberam
1236 4831 1361 4893 tribuat
1373 4832 1579 4908 potestatem,
1592 4831 1672 4892 nesi
1682 4831 1820 4892 libertas

175 4933 277 4994 tolioa
299 4931 506 5001 mandamus,
531 4931 704 5007 quatenus,
729 4929 815 5006 quod
834 4943 854 4989 a
876 4929 972 4990 nobis
1026 4929 1102 4990 aliis
1120 4929 1289 5004 religiosis
1304 4944 1473 5000 concessa,
1490 4928 1818 5003 denegetureisdom,

177 5045 277 5108 super
298 5029 361 5090 boc
378 5028 429 5090 est
445 5027 688 5089 sententialiter
711 5027 899 5098 diffinitum,
916 5025 970 5087 ia·
1005 5039 1008 5050 ·
1026 5026 1119 5088 locus
1134 5041 1200 5088 non
1213 5025 1376 5103 proficiat,
1394 5025 1451 5086 sed
1471 5025 1614 5097 deliciet,
1637 5025 1670 5086 id
1686 5025 1772 5103 quod
1788 5025 1819 5088 ei

176 5127 285 5199 111111,
307 5125 532 5203 appellatione
550 5124 743 5201 postposita,
767 5139 827 5201 per
850 5139 973 5185 censu·
1026 5122 1144 5185 debeat
1157 5123 1326 5200 imputari.
1343 5122 1435 5194 Quod
1454 5122 1483 5182 si
1498 5121 1584 5184 lorte
1602 5123 1717 5184 contra
1732 5121 1820 5199 peti-

177 5238 250 5285 ram
262 5223 523 5286 ecclesiasticam
534 5222 674 5284 firmiter
685 5220 867 5282 observari.
880 5219 972 5292 Quod
1026 5221 1151 5283 tionem
1166 5221 1325 5298 ipsarum,
1340 5224 1372 5281 et
1385 5235 1501 5296 preces
1513 5221 1645 5282 nostras
1655 5235 1757 5281 causa
1769 5235 1822 5281 ra·

177 5321 207 5382 si
236 5335 303 5382 non
331 5336 447 5382 omnes
471 5319 524 5380 his
550 5317 770 5395 exsequendis
797 5316 972 5395 potueritis
1026 5317 1197 5380 iionabilis
1224 5317 1348 5380 dictum
1380 5316 1493 5378 tuetur
1526 5317 1728 5394 episcopum,
1764 5319 1822 5378 aut

179 5418 353 5492 interesse,
375 5417 439 5478 duo
464 5418 610 5478 vestrum
635 5413 852 5478 nibilominus
874 5409 973 5476 11111-
1026 5430 1101 5476 eam
1128 5413 1223 5475 nobis
1250 5429 1309 5490 per
1343 5427 1421 5474 suas
1448 5414 1541 5475 curet
1560 5414 1703 5475 'litteras
1740 5413 1822 5474 inti-

182 5515 334 5590 quantur.
345 5515 463 5575 Datum
479 5513 645 5584 Laterani,
662 5528 767 5574 nonas
783 5513 874 5585 maii,
889 5527 974 5589 pon·
1027 5527 1130 5584 mare,
1165 5515 1224 5572 aut
1254 5511 1340 5587 quod
1366 5511 1474 5588 potius
1512 5512 1573 5583 est,
1606 5511 1656 5572 eis
1685 5511 1821 5587 petitam

181 5610 325 5672 tilicatus
340 5611 444 5673 nostri
460 5627 547 5672 anno
565 5611 692 5672 octavo.
1027 5609 1225 5680 libertatem,
1247 5623 1349 5670 causa
1373 5608 1445 5685 ipsa
1467 5621 1532 5669 non
1555 5608 1716 5681 obstante,
1740 5623 1842 5671 con-¹
