4226 6372
171 315 231 376 885

172 470 316 550 capitulo
327 470 474 550 ejusdem
482 469 677 534 monasterii
688 469 731 532 ab
742 467 873 542 abbate,
889 472 958 532 et...

170 570 293 646 priore,
304 585 343 630 ac
356 570 486 647 majori,
501 584 541 630 ac
555 568 682 630 seniori
697 569 791 644 parte
810 581 960 630 conran-

170 669 235 738 tus,
259 668 357 729 tactis
381 666 604 728 sacrosanctis
627 664 822 740 evangeliis,
839 665 961 726 solem·

171 765 259 825 niter
287 765 486 840 juramentis
514 766 547 824 et
577 763 777 824 examinatis
810 762 962 824 omnibus

171 861 358 936 diligenter,
375 861 605 922 attestationes
617 873 731 920 eorum
746 859 886 936 scrlptas
901 857 961 920 sub

170 959 291 1019 vestris
318 959 414 1020 nobis
442 958 563 1019 litteris
591 957 733 1018 fideliter
758 957 960 1028 destinastis,

170 1054 248 1116 licet
262 1056 452 1132 potuissetis
468 1056 606 1116 ulterius
625 1054 660 1114 in
682 1070 783 1116 causa
796 1055 870 1130 ipsa
884 1069 962 1130 pro·

170 1152 288 1213 cedere
303 1168 362 1229 per
375 1166 434 1214 vos
455 1153 556 1228 ipsos.
582 1155 705 1213 Verum
729 1152 808 1228 quia
822 1165 881 1226 pro
894 1151 961 1211 alia

169 1251 263 1325 parte
278 1250 389 1310 nullus
403 1249 587 1326 comparuit
601 1263 713 1310 coram
724 1248 830 1319 nobie,
844 1263 906 1308 nos
920 1247 962 1308 de

52 1371 54 1374 ·
170 1346 334 1408 industria
344 1347 455 1408 vestra
466 1347 596 1424 plenam
608 1347 642 1406 in
656 1347 795 1407 Domino
806 1344 961 1406 tlduclem

170 1443 366 1516 obtinentes,
383 1443 469 1504 idem
495 1443 662 1519 negotium
677 1459 750 1503 cum
766 1443 890 1503 eisdem
904 1442 960 1502 at-

170 1540 415 1611 testationibus,
432 1540 553 1614 sigillis
568 1539 688 1602 vestris
703 1539 853 1615 signatis,
866 1535 960 1600 vobis

170 1637 325 1697 duximus
348 1636 597 1708 remittendum,
620 1635 814 1698 discretioni
842 1636 960 1697 vestre

169 1733 422 1808 perApostolica
434 1734 557 1808 scripta
566 1734 773 1804 mandantes
784 1734 958 1810 quatenus,

170 1829 198 1888 si
221 1830 271 1890 est
295 1831 353 1901 ita,
381 1831 549 1905 negotium
575 1831 683 1906 ipsum
710 1831 776 1890 ilne
800 1829 959 1892 canonico

169 1926 365 2000 terminetis
382 1927 541 1988 iacientes
566 1927 652 2004 quod
674 1927 888 1989 decreveritis
901 1943 960 2002 per

169 2039 345 2084 censuram
361 2024 621 2086 ecclesiasticam
637 2025 795 2102 usquead
811 2023 960 2085 satisfac·

167 2121 291 2182 tionem
307 2121 504 2197 condignam
525 2121 764 2183 inviolabiliter
775 2120 956 2182 observari.

169 2217 329 2294 Quicquid
358 2219 468 2280 autem
493 2221 667 2280 occasione
687 2219 847 2280 falsarum
868 2219 959 2280 litte-

168 2330 281 2375 rarum
296 2317 490 2378 inveneritis
505 2317 540 2378 in
558 2317 786 2393 praejudicium
800 2316 879 2378 dicti
893 2333 959 2377 mo-

167 2413 305 2473 nasterii
320 2413 514 2474 attentatum
529 2413 677 2489 legitime
691 2413 866 2480 revocetis,
883 2429 959 2474 con·

166 2509 373 2582 tradictoreS,
397 2511 459 2571 etc.
486 2511 575 2582 Quod
601 2511 629 2570 si
653 2525 719 2570 non
741 2525 867 2581 omnes,
893 2512 955 2571 etc.

168 2608 285 2666 Datum
301 2608 413 2678 Reate,
431 2609 477 2667 ΙΙΙ
492 2605 566 2667 idus
577 2607 665 2683 Julli‚
680 2621 768 2668 anno
784 2621 882 2668 nono.

427 2847 692 2936 CLXXXVIII

217 3001 269 3060 Ad
280 2999 434 3058 abbatem
447 2999 481 3060 ct
494 2999 700 3059 conventum
714 2997 907 3060 Glorientur.

457 3128 491 3183 re
504 3126 566 3202 jeu
586 3127 664 3185 raas.
766 3149 768 3154 ,

290 3250 422 3315 [Duqdala
437 3251 544 3302 llonest.
557 3250 652 3326 degli,
663 3251 683 3309 l,
693 3251 733 3308 as,
746 3265 771 3302 n.
783 3251 833 3316 ln]

167 3366 333 3434 Ecclesiam,
345 3379 430 3438 quem
443 3366 486 3422 eis
500 3366 659 3434 savericus,
672 3364 872 3424 bathoniensis
883 3366 957 3440 epis-

202 3455 340 3526 copusad
360 3469 432 3527 opus
452 3452 567 3512 fabrice
586 3455 751 3512 monasterii
765 3463 956 3526 concesserat,

202 3543 368 3600 auctoritate
381 3543 543 3616 Apostolica
556 3543 715 3602 confirmat.

206 3669 955 3745 Honoriusepiseopus,servusservoremoei,

167 3765 293 3828 dilectis
308 3767 387 3826 filiis
402 3765 513 3827 abbati
527 3767 561 3828 at
575 3767 752 3828 conventui
765 3768 955 3841 Glastoniae,

167 3863 305 3925 salutern
317 3865 352 3924 et
364 3863 586 3938 Apostolicem
603 3863 877 3926 benedictionem.

205 3961 307 4020 Justls
334 3960 514 4034 petentium
543 3959 716 4022 desideriis
745 3962 881 4037 dignum
908 3966 960 4024 est

166 4070 227 4116 nos
247 4055 380 4116 facilem
407 4056 555 4132 praebere
582 4072 779 4118 consensum
809 4061 842 4120 et
867 4061 955 4129 vota,

167 4168 239 4228 qum
267 4169 287 4213 a
314 4151 454 4214 rationis
485 4153 619 4215 tramite
652 4169 720 4216 non
755 4155 956 4228 discordant,

166 4249 286 4311 effectu
307 4251 526 4326 prosequente
559 4251 735 4327 complere.
763 4253 955 4330 ldapropter,

166 4347 278 4408 dilecti
299 4348 334 4407 in
356 4347 495 4408 Domino
510 4347 582 4418 tilii,
599 4348 720 4409 vestris
727 4348 828 4425 justis
843 4353 959 4426 postu-

165 4444 344 4505 lationibus
363 4445 457 4520 grato
477 4445 714 4506 concurrentes
735 4459 885 4520 assensu,
902 4461 959 4509 eo-

167 4542 302 4603 clesiam
326 4540 440 4602 Sancti
463 4541 625 4604 iohannis
648 4540 838 4615 Glastoniae,
859 4559 957 4620 quam

164 4639 257 4700 vobis
284 4639 380 4702 honae
408 4639 576 4701 memoriae
605 4639 805 4712 savaricus,
833 4642 959 4704 Batho-

165 4737 291 4798 niensis
308 4737 492 4812 episcopus,
510 4737 552 4798 de
571 4736 709 4812 capituli
723 4737 957 4800 bathoniensis

165 4849 305 4894 assensu
320 4833 361 4894 ad
376 4848 458 4910 opus
478 4833 612 4894 fabricae
636 4834 832 4896 monasterii
854 4837 957 4898 vestri

164 4933 219 5008 pia
234 4933 266 4992 et
280 4931 418 5008 provida
432 4930 631 4993 liberalitate
644 4933 857 5005 concesserit,
872 4935 959 4996 sicut

164 5045 237 5090 earn
255 5029 356 5106 juste,
372 5027 531 5088 canonice
554 5043 593 5088 ac
616 5029 755 5104 pacifice
766 5031 955 5105 possidetis,

163 5126 257 5186 vobis
273 5129 305 5187 et
317 5141 378 5202 per
391 5141 450 5186 vos
466 5125 668 5186 monasterio
682 5125 795 5188 vestro
807 5128 957 5189 auctori-

163 5225 231 5284 tate
254 5224 443 5298 Apostolica
468 5222 715 5290 confirmamus,
734 5223 767 5284 at
783 5225 956 5300 praesentis

164 5321 279 5395 scripti
294 5320 469 5396 privilegio
490 5320 744 5381 communimus.
765 5321 858 5382 Nulli
877 5339 956 5399 ergo

164 5417 299 5478 omnino
312 5416 439 5477 homini
454 5417 554 5479 liceat
566 5417 652 5479 hanc
665 5417 820 5494 paginam
834 5423 956 5481 nostrae

164 5513 424 5576 confirmationis
435 5512 629 5590 intringere,
645 5514 698 5576 vel
709 5515 741 5576 ei
752 5531 837 5578 ausu
851 5520 957 5579 teme-

164 5611 253 5672 rario
265 5610 496 5690 cernane-st
507 5613 581 5688 quis
597 5613 707 5676 autem
719 5613 782 5676 hoc
792 5615 956 5678 attentare

786 311 1014 372 EPISTOLAE.
1037 311 1116 372 nte.
1140 311 1196 372 tx.

1748 306 1808 368 88d

1016 469 1273 547 presumpserit,
1289 466 1551 544 indignationem
1572 465 1807 543 omnipotentis

1016 567 1075 629 Dei
1087 569 1120 629 et
1133 568 1305 629 beatorum
1320 565 1411 628 Petri
1426 567 1458 628 ot
1473 565 1569 626 Pauli
1581 563 1807 642 apostolorum

1016 667 1088 742 ejus
1110 681 1145 726 se
1169 665 1299 726 noverit
1319 665 1541 725 incursurum.
1559 665 1676 724 Datum
1691 660 1805 733 Reate,

1017 762 1090 823 idus
1102 763 1190 842 julil,
1208 761 1418 838 pontincatus
1434 760 1539 822 nostri
1553 775 1641 822 anno
1656 774 1755 822 nono.

1303 1065 1526 1152 CLXXXIX

1161 1218 1212 1278 Ad
1226 1219 1346 1278 Belem
1352 1219 1519 1287 ‚isiconem
1532 1230 1660 1292 repam.

1307 1347 1341 1403 rs
1356 1345 1419 1418 jun
1439 1345 1516 1404 laec.
1783 1311 1785 1319 ⁴

1184 1469 1274 1534 [Fejen
1289 1469 1350 1520 eorl,
1363 1467 1480 1532 diplom,
1499 1467 1542 1530 lli,
1555 1483 1583 1526 u,
1596 1465 1647 1532 tt]

1015 1581 1210 1640 Alienationes
1223 1583 1258 1641 ab
1270 1583 1383 1642 Andron
1394 1599 1464 1657 rege
1474 1583 1502 1640 in
1513 1581 1705 1658 prejudicium
1718 1582 1803 1656 regni

1045 1669 1145 1742 lectas,
1157 1672 1254 1729 Belem
1269 1687 1366 1746 regem
1378 1673 1520 1745 juniorem
1535 1685 1668 1730 revocare
1681 1670 1769 1746 jubel.

1054 1808 1232 1880 Honorius,
1249 1807 1369 1872 illustri
1387 1809 1460 1870 viro
1474 1807 1577 1878 Belae,
1589 1806 1706 1884 iuveni
1721 1806 1804 1882 regi.

1054 1905 1223 1966 Intellecto
1235 1906 1441 1982 jamdudum,
1458 1905 1543 1982 quod
1561 1904 1754 1966 carissimus
1768 1903 1805 1966 in

1014 2001 1143 2062 Christo
1155 2001 1243 2062 iilius
1254 2004 1376 2074 noster,
1389 2003 1530 2064 illustris
1541 2017 1603 2064 rex
1612 2000 1804 2077 Hungarim,

1013 2100 1106 2174 pater
1120 2100 1208 2170 teus,
1225 2100 1443 2161 alienationes
1459 2099 1618 2176 quasdam
1633 2098 1758 2160 lecerat
1769 2097 1805 2158 in

1013 2193 1242 2269 preeJudiciem
1264 2195 1358 2270 regni
1378 2195 1430 2254 sui
1445 2196 1477 2256 et
1492 2197 1606 2256 contra
1630 2193 1720 2268 regis
1743 2191 1808 2252 ho-

1013 2305 1146 2366 norem;
1171 2306 1233 2351 nos
1255 2305 1355 2366 super
1376 2291 1441 2352 hoc
1467 2292 1605 2367 paterna
1629 2289 1806 2350 affectione

1013 2387 1186 2448 consulere
1206 2389 1388 2463 cupientes
1406 2389 1513 2451 eidem
1534 2388 1606 2462 regi
1630 2386 1805 2462 dirigimus

1013 2483 1136 2560 scripte
1161 2485 1285 2558 nostra,
1310 2487 1346 2546 ut
1368 2485 1588 2546 alienationes
1616 2483 1805 2561 praedictas,

1012 2596 1078 2642 non
1089 2580 1239 2642 obstante
1245 2583 1446 2657 jnramento,
1459 2581 1582 2658 siquod
1592 2581 1804 2654 tecit,denon

1012 2679 1206 2738 revocandis
1219 2678 1355 2748 eisdem,
1375 2678 1506 2739 studeat
1520 2693 1689 2738 revocare.
1707 2677 1802 2750 Quia,

1012 2791 1111 2850 quum
1127 2777 1289 2846 teneatur,
1306 2776 1339 2834 et
1355 2775 1391 2834 in
1406 2775 1619 2835 coronatione
1634 2789 1695 2834 sua
1704 2775 1805 2850 jnra-

1012 2871 1098 2932 verit
1112 2872 1211 2932 etiam
1221 2874 1298 2948 jnra
1311 2872 1406 2948 regni
1421 2872 1473 2932 sui
1487 2871 1521 2932 et
1535 2871 1693 2932 honorem
1709 2885 1808 2934 corc-

1012 2983 1064 3034 nae
1079 2968 1206 3030 illibata
1221 2983 1368 3042 servare,
1384 2968 1537 3030 illicitum
1560 2968 1708 3046 proiecto
1729 2967 1805 3041 luit,

1013 3065 1041 3126 si
1050 3065 1204 3142 praestitit
1216 3066 1256 3125 de
1269 3082 1335 3128 non
1343 3065 1539 3128 revocandis
1547 3064 1806 3130 alienationibus

1012 3163 1200 3240 hujusmodi
1221 3164 1463 3239 juramentum;
1489 3164 1522 3224 et
1542 3163 1718 3240 propterea
1741 3178 1805 3239 pe·

1012 3260 1100 3321 nitus
1112 3277 1178 3321 non
1192 3261 1403 3322 servandum.
1417 3261 1578 3332 Quocirca
1592 3261 1805 3322 serenitatem

1011 3356 1102 3418 tuam
1127 3374 1297 3420 monemus
1322 3358 1354 3420 et
1377 3358 1550 3420 hortamur
1571 3358 1695 3420 attente
1717 3372 1804 3434 qua-

1011 3455 1107 3516 tenus
1129 3455 1165 3516 in
1186 3471 1227 3516 ea
1248 3455 1343 3534 regni
1358 3455 1463 3533 parte,
1485 3454 1653 3534 quam'giox
1668 3453 1806 3515 ordina-

1011 3552 1102 3614 tione
1117 3553 1222 3629 petris
1236 3553 1286 3614 tui
1299 3553 1413 3626 habes,
1430 3552 1651 3615 alienationes
1671 3551 1805 3613 easdem

1012 3666 1171 3712 revocare
1185 3665 1353 3726 procures,
1366 3650 1556 3727 juramento
1572 3648 1612 3710 de
1635 3649 1718 3725 ipsis
1737 3663 1805 3709 non

1012 3747 1219 3819 revocandis,
1229 3763 1248 3806 a
1260 3749 1352 3822 patre
1367 3749 1424 3806 tuo
1434 3745 1487 3808 vel
1503 3746 1566 3806 ate
1578 3744 1725 3821 praestito
1738 3759 1805 3804 non

1013 3843 1173 3905 obstante.
1197 3844 1281 3914 Quin
1302 3843 1412 3920 potius
1432 3843 1471 3902 de
1485 3841 1657 3918 juratione
1668 3840 1805 3902 incauta

1013 3941 1209 4018 condignam
1221 3940 1448 4016 poenitentiam
1463 3953 1563 4014 agere
1577 3953 1645 3998 non
1656 3935 1801 3997 omittas.
1836 3943 1839 3953 ’

1013 4042 1131 4100 batum
1159 4037 1282 4108 Reate,
1321 4037 1430 4097 idibus
1463 4035 1558 4114 julii,
1593 4033 1803 4110 pontificatus

1013 4136 1119 4198 nostri
1141 4149 1350 4214 annonono.

1360 4428 1454 4515 CXC

1101 4581 1152 4640 Ad
1170 4581 1465 4656 archiepiscopum
1486 4581 1708 4640 colocensem.

1308 4710 1341 4768 lo
1353 4700 1415 4784 julli
1430 4708 1509 4766 1225.

1151 4833 1241 4898 [Fcien
1255 4832 1317 4885 coe.
1330 4832 1394 4896 dipl.
1409 4832 1503 4894 Hune,
1518 4831 1560 4890 111,
1572 4845 1600 4889 u,
1611 4829 1664 4895 la]

1012 4948 1155 5006 Andream
1171 4949 1204 5006 li.
1216 4947 1441 5004 abalienationes
1455 4947 1485 5003 in
1504 4943 1699 5018 prmJedicium
1718 4945 1801 5018 regni

1047 5037 1137 5094 lectas
1148 5049 1284 5093 revocare
1296 5033 1385 5108 jubet,
1401 5049 1435 5091 ec
1449 5033 1550 5094 olllciis
1572 5033 1693 5106 publicis
1710 5045 1801 5106 paga·

1047 5140 1100 5182 nos
1114 5132 1143 5182 et
1156 5125 1270 5183 ludaeos
1281 5132 1381 5181 contre
1399 5121 1565 5196 synodalem
1582 5137 1616 5179 ac
1632 5123 1715 5194 regui
1731 5135 1800 5179 oon·

1046 5214 1222 5272 stitutionem
1246 5212 1361 5286 praefici,
1388 5225 1437 5284 per
1462 5211 1619 5268 Saracenos
1644 5210 1803 5270 Christiana

1047 5303 1139 5359 coemi
1159 5301 1309 5374 mancipe,
1334 5301 1363 5356 in
1384 5314 1523 5371 suamque
1543 5299 1580 5356 ab
1595 5297 1641 5356 hie
1661 5297 1735 5355 trahi
1751 5313 1801 5354 su·

1047 5391 1252 5464 pernitionem,
1272 5390 1441 5462 expostulat.

1051 5517 1236 5588 Honorius,
1251 5515 1329 5588 etc,
1345 5515 1518 5576 colocensi
1538 5513 1800 5590 archiepiscopo,

1011 5618 1043 5675 et
1057 5613 1279 5690 suffraganeis
1294 5615 1377 5690 ejus,
1395 5615 1457 5674 etc.
