4262 6382
174 305 236 365 709
384 315 388 322 ’
794 299 1022 362 Erlsronma
1047 301 1125 362 LIB.
1150 303 1205 363 IX.
1592 348 1595 358 .
1630 329 1632 342 ⁸
1761 306 1822 365 710

175 475 290 522 eorum
316 459 397 522 sads
425 459 513 521 esset
546 444 728 520 secuudum
755 459 968 535 fragilitatem
1023 461 1200 538 episcopus
1214 459 1366 538 quaedam
1381 461 1468 523 bona
1483 462 1699 526 consistentia
1712 464 1818 542 ipsius

174 557 280 620 nostri
305 556 463 633 temporis
489 557 631 632 integra,
661 557 694 618 ei
719 556 839 628 illaesa,
866 571 968 618 reve·
1026 557 1220 620 monasterii
1244 558 1279 618 in
1305 557 1441 620 dioecesi
1464 559 1608 637 tuaper
1633 576 1669 623 se
1693 575 1733 640 ac
1759 578 1819 638 per

175 655 289 716 renter
315 657 426 716 tamen
450 653 699 730 acquiescentes
723 653 829 730 ipsius
853 653 970 714 archi·
1024 653 1179 716 laicalem
1212 655 1393 732 potentiam
1417 659 1601 732 occupavit,
1632 661 1670 724 et
1694 658 1821 721 detinet

176 753 324 830 episcopi
338 752 513 826 voluntati,
537 751 784 828 requisiverunt
797 749 838 812 ab
860 765 911 822 eo,
935 752 972 812 ut
1025 753 1194 829 occupata.
1214 753 1322 824 Quare
1346 752 1441 815 nobis
1460 751 1632 816 humiliter
1650 756 1821 834 supplica-

176 849 387 927 exprimeret,
412 849 445 912 et
468 847 655 912 declararet
676 847 845 920 articulos,
871 862 972 924 super
1024 848 1114 920 runt,
1125 851 1162 911 nt
1176 863 1276 926 super
1289 850 1341 910 his
1356 851 1496 926 paterna
1510 850 1685 927 providere
1694 854 1822 916 sollici-

176 947 295 1025 quibus
321 949 393 1008 erat
424 947 596 1023 inquisitio
624 945 788 1008 iacienda.
825 947 971 1023 Cumque
1026 945 1144 1009 tudine
1152 947 1378 1022 dignaremur.
1388 947 1532 1024 Ideoque
1541 948 1733 1011 discretioni
1745 966 1823 1012 ves-

176 1043 371 1122 qulbusdam
396 1043 564 1120 expressis
589 1044 645 1120 qui
669 1059 730 1120 per
753 1041 916 1130 abbatem,
938 1043 971 1103 et
1024 1044 1085 1104 trae
1098 1059 1158 1119 per
1172 1043 1363 1119 Apostolica
1376 1045 1499 1121 scripta
1514 1032 1720 1120 mandamua,
1736 1063 1822 1124 qua-

176 1143 373 1205 conventum
398 1141 505 1218 ipsius
530 1141 595 1202 loci
622 1155 731 1216 nuper
752 1142 850 1202 erant
873 1129 970 1217 ple'ne
1025 1140 1122 1201 tenus
1136 1139 1296 1203 iacientes
1317 1143 1518 1205 monasterio
1533 1143 1597 1219 ipsi
1613 1144 1709 1221 plene
1723 1145 1824 1206 resti-

175 1239 316 1301 correcti
333 1238 515 1300 secundum
529 1238 699 1314 regularia
713 1235 867 1300 instituta
880 1239 970 1298 circa
1024 1237 1074 1299 tui
1088 1239 1212 1310 omnia,
1229 1238 1351 1315 quihus
1370 1240 1483 1302 taliter
1499 1240 1611 1303 extitit
1630 1241 1820 1318 spoliatum,

174 1336 252 1398 illos
279 1336 513 1414 inquisiturus,
538 1335 575 1398 ut
602 1334 750 1407 dixerat,
778 1333 971 1398 crederetur
1025 1334 1169 1394 audiatis
1204 1336 1324 1396 deinde
1355 1351 1455 1412 super
1483 1336 1579 1409 aliis,
1610 1353 1684 1414 quae
1710 1338 1822 1415 partes

173 1433 262 1494 idem
279 1449 380 1511 super
389 1432 597 1511 quibusdam,
608 1448 692 1509 quos
707 1448 773 1493 uon
789 1447 969 1508 expresse·-
1025 1431 1184 1496 duxerint
1208 1433 1433 1508 proponenda,
1458 1434 1492 1494 et
1512 1435 1598 1511 quod
1625 1436 1822 1498 canonicum

174 1532 238 1603 rat,
255 1533 288 1592 et
302 1531 359 1608 qui
372 1546 432 1608 per
446 1529 598 1591 abbatem
613 1529 646 1590 et
662 1530 862 1590 conventum
876 1528 971 1590 simi·
1025 1526 1125 1590 inerit
1137 1528 1361 1606 appellatione
1377 1530 1572 1609 postposita,
1589 1531 1753 1604 statuatis,
1770 1533 1822 1592 sa-

174 1628 252 1691 liter
271 1627 394 1704 corrigi
408 1628 573 1705 poterant,
589 1627 656 1688 imo
676 1627 811 1704 propter
828 1625 972 1688 infirmi·-
1026 1623 1161 1696 cientes,
1186 1625 1250 1686 etc.
1273 1624 1365 1698 Quod
1385 1627 1413 1686 si
1436 1641 1502 1688 non
1522 1641 1649 1696 omnes,
1667 1627 1729 1688 etc.
1860 1702 1862 1706 ¹

173 1727 277 1788 tatem
291 1725 398 1801 ipsius
413 1723 552 1797 abbatis,
572 1724 629 1801 qui
642 1725 811 1800 corrigere
825 1723 902 1784 illos
916 1723 979 1783 in·v
1065 1722 1186 1784 Datum
1201 1722 1368 1796 Laterani,
1379 1725 1455 1786 VIII
1470 1723 1603 1787 kalend.
1618 1723 1817 1798 novembris,

177 1823 323 1900 coeperat
342 1837 401 1900 pro
413 1823 508 1900 parte
527 1824 760 1884 remanserant
777 1820 968 1892 incorrecti,
1025 1833 1113 1880 anno
1128 1832 1228 1880 nono.

174 1918 301 1982 iaceret
312 1920 561 1997 inquisitionem
574 1919 845 1996 archiepiscopus
860 1931 970 1994 saepe-

177 2017 295 2090 dictus,
312 2017 388 2095 ipsi,
405 2017 484 2095 quia
505 2016 594 2078 idem
624 2015 897 2092 archiepiscopus
921 2013 970 2076 eis

174 2114 282 2176 noluit
293 2115 472 2177 terminum
487 2113 672 2189 indulgere,
686 2112 774 2174 inira
787 2127 884 2190 quem
897 2125 971 2190 pro-
1388 2105 1459 2192 XX

175 2212 351 2274 mittebant
381 2227 417 2273 se
441 2210 633 2288 hujusmodi
657 2209 808 2286 plenarie
836 2223 972 2271 correc-

172 2309 278 2382 turos,
306 2309 339 2371 et
362 2309 439 2386 quia
465 2307 634 2370 nitebatur
659 2307 780 2384 punire
808 2306 970 2383 quosdam

174 2421 333 2468 excessus
359 2421 505 2482 congrue
527 2409 598 2483 jam
627 2405 773 2483 punitos,
809 2405 842 2467 et
869 2403 970 2465 etiam

175 2505 253 2582 quia
274 2503 464 2582 inquirebat
482 2518 583 2579 super
601 2502 798 2580 quibusdam
818 2501 970 2564 articulis

174 2617 242 2664 non
258 2601 437 2678 expressis,
463 2603 610 2662 nostram
632 2600 835 2661 audientiam
854 2599 971 2676 appel·
1300 2606 1442 2664 sooctob.
1464 2608 1543 2667 lati.

174 2700 296 2773 larunt,
332 2714 472 2777 quorum
508 2698 730 2775 appellatione
769 2697 968 2773 contempta,

175 2797 264 2858 idern
279 2797 552 2874 archiepiscopus
562 2796 606 2856 in
621 2811 680 2856 eos
694 2794 923 2871 suspensionis
937 2795 971 2855 et

175 2893 528 2957 excommunicationis
541 2892 723 2952 sententias
732 2890 967 2973 promulgavit.
1024 2869 1141 2930 Mandat
1153 2878 1185 2928 ¹¹²
1199 2871 1350 2939 sententia,
1364 2885 1415 2944 lit⁰
1430 2873 1555 2946 capitulo
1568 2873 1596 2931 S·
1612 2873 1739 2943 Quintilli
1751 2889 1820 2932 con·
1947 2939 1949 2944 ,

36 2975 43 2989 '
175 2992 215 3054 nt
235 3007 309 3053 cum
325 2990 480 3052 relaxare
501 2989 602 3051 vellet
620 2987 811 3064 hujusmodi
830 2987 968 3048 senten·
1060 2966 1104 3060 Μ,
1124 2957 1281 3018 G⁰¹⁸id¹¹¹¹¹
1309 2961 1475 3062 eii⁸⁰⁰i³¹¹ffl
1499 2963 1711 3020 N⁰V¹⁰¹¹⁰¹¹⁵⁰ffl
1735 2979 1821 3037 inies

173 3089 239 3152 tias
253 3087 423 3149 humiliter
437 3086 628 3164 requisitus,
646 3084 803 3162 praelatus
819 3083 921 3146 abbas
934 3099 969 3144 se
1058 3047 1228 3122 mmm
1242 3049 1372 3106 ⁰⁰⁰¹⁰⁸¹¹⁸
1382 3049 1450 3118 Μ’
1463 3049 1640 3109 ‘’mmm''

175 3185 217 3247 ad
242 3184 414 3246 ferendum
437 3183 649 3244 imminentes
675 3181 807 3243 labores
836 3181 971 3258 propter
1064 3183 1231 3246 Honorius
1240 3183 1552 3262 episcopusservus
1564 3202 1738 3249 servornm
1747 3187 1816 3262 Dei,

174 3282 401 3344 infirmitatem
412 3297 505 3342 suam
518 3278 967 3356 consideransimpotentem,
1024 3281 1154 3344 dilectis
1169 3281 1248 3342 tiliis
1260 3280 1496 3344 archidiacono
1513 3283 1644 3345 Hellino
1658 3287 1690 3347 et
1701 3286 1822 3362 magis·
1945 3349 1949 3356 ,

96 3455 97 3458 ¹
175 3396 218 3442 ne
229 3383 284 3458 jus
299 3378 493 3441 monasterii
509 3393 578 3440 suae
598 3376 779 3443 debilitatis
794 3375 970 3438 occasione
1023 3379 1137 3439 tristi.
1154 3377 1194 3439 de
1210 3378 1360 3440 Chambli
1380 3380 1412 3440 et
1433 3379 1582 3441 Gotlrido
1601 3383 1771 3444 canonicis
1786 3385 1818 3444 S.

174 3478 310 3555 periret,
340 3478 375 3539 in
405 3475 549 3554 capitulo
575 3474 732 3551 regimini
764 3473 970 3536 renuntiavit
1024 3473 1116 3537 Petri
1130 3475 1373 3548 Laudnnensis,
1390 3476 1532 3538 salutem
1551 3478 1820 3555 etApostolicam

175 3575 335 3652 eJuadem,
352 3573 385 3637 et
406 3573 562 3652 quoniam
584 3571 855 3648 archiepiscopus
876 3571 970 3632 adire
1024 3572 1299 3636 benedictionem.

174 3687 242 3734 uon
266 3671 406 3750 poterat,
432 3670 693 3747 resignationem
717 3683 812 3732 suain
838 3668 870 3730 ei
892 3665 971 3732 lecit
1064 3670 1311 3732 Postularunta
1326 3669 1421 3731 nobis
1432 3669 1546 3732 dilecti
1560 3671 1621 3732 fllii
1638 3674 1820 3749 capitulum

174 3785 235 3848 per
247 3769 466 3832 suaslitteras
477 3767 687 3847 praesentari.
701 3769 848 3844 Cumque
860 3765 969 3828 nuntii
1025 3768 1058 3828 S.
1076 3767 1224 3839 Quintini
1237 3769 1274 3828 ut
1285 3766 1493 3828 definitivam
1509 3767 1707 3830 sententiam
1719 3786 1818 3847 quam

175 3867 370 3930 monasterii
394 3865 633 3936 notificassent,
662 3864 748 3928 sicut
778 3863 881 3924 moris
906 3864 967 3933 est,
1024 3877 1085 3942 pro
1107 3864 1157 3924 eis
1179 3863 1332 3924 officialis
1354 3863 1553 3924 Rhemensis
1576 3867 1693 3926 contra
1711 3883 1818 3928 vene·
1872 3878 1877 3912 ¹

174 3967 239 4043 ipsi
267 3963 517 4040 archiepiscopo
546 3977 582 4024 se
613 3961 792 4039 procedere
819 3961 906 4023 velle
927 3960 969 4020 ad
1024 3961 1165 4023 rabilem
1197 3959 1334 4021 fratrem
1356 3961 1506 4021 nostrum
1531 3960 1722 4038 episcopum
1749 3965 1821 4026 No-

175 4062 371 4124 electionem
397 4058 536 4130 abbatis,
571 4058 604 4119 et
633 4058 703 4134 ipse
726 4058 759 4118 id
779 4057 969 4118 nullatenus
1023 4059 1241 4129 vienensem,
1258 4072 1358 4134 snper
1386 4055 1582 4138 quibusdam
1611 4061 1762 4121 ecclesiis
1786 4064 1820 4126 et

175 4158 377 4221 inhibuisset
390 4155 526 4228 eisdem,
544 4154 656 4216 sedin
675 4156 748 4216 baec
761 4154 862 4216 verba
878 4159 971 4216 Deus
1025 4171 1140 4218 eorum
1158 4153 1331 4227 fructibus,
1347 4169 1415 4216 non
1429 4169 1473 4216 ex
1485 4154 1692 4231 delegatione
1706 4163 1817 4235 Apos-

176 4257 232 4319 det
246 4257 340 4317 oobts
350 4256 548 4328 benefacere
559 4251 794 4329 respondisset,
807 4253 872 4328 ipsi
882 4267 971 4329 prae·
1024 4253 1136 4325 tolica,
1164 4251 1306 4328 cognitis
1333 4265 1444 4314 causae
1472 4252 1601 4315 meritis
1627 4255 1819 4333 promulga-

175 4354 280 4416 laium
303 4355 332 4415 J.
353 4352 474 4423 airum,
498 4351 535 4412 ut
557 4350 722 4423 asserunt,
746 4349 910 4426 religione
928 4364 969 4412 ac
1024 4353 1120 4418 runt,
1149 4349 1340 4427 Apostolico
1380 4349 1597 4425 dignaremur
1635 4354 1817 4416 munimine

175 4451 351 4529 prudentia
375 4447 685 4520 commendabilem,
710 4447 865 4508 invocata
890 4445 969 4523 Spi-
1023 4447 1193 4509 roborare.
1223 4447 1366 4524 Ideoque
1394 4446 1587 4510 discretioni
1610 4451 1730 4512 vestrae
1758 4467 1818 4528 per

1024 2275 1076 2334 Ad
1093 2275 1268 2335 Habinnas
1287 2274 1568 2335 archidiaconum
1584 2275 1618 2335 et
1632 2252 1820 2350 mnptstros

1066 2373 1105 2432 θ.
1131 2371 1173 2431 de
1203 2372 1355 2432 obambit
1383 2369 1418 2432 et
1447 2371 1643 2445 &otfridum
1664 2375 1698 2434 S.
1719 2373 1822 2435 Petri

1064 2469 1316 2529 londunensis.

1148 2739 1311 2804 [Homereas
1330 2738 1444 2804 Angusta
1456 2739 1616 2802 viromand„
1630 2741 1698 2808 tid]

175 4550 259 4611 ritus
275 4547 388 4609 Sancti
408 4546 528 4623 gratia,
550 4545 587 4605 in
606 4544 713 4621 ipsius
732 4544 797 4606 loci
816 4543 967 4606 abbatem
1021 4545 1212 4622 apostolica
1225 4543 1349 4621 scripta
1361 4545 1557 4606 mandamus
1569 4549 1731 4622 qnatenus
1743 4565 1817 4611 sen-

175 4646 347 4717 canonice,
364 4659 403 4707 ac
417 4643 618 4704 unanimiter
632 4641 814 4718 elegerunt,
832 4642 865 4703 et
879 4642 969 4702 elec-
1020 4643 1159 4705 tentiam
1178 4641 1295 4718 ipsam,
1315 4641 1402 4703 sicut
1416 4643 1467 4704 est
1483 4641 1587 4717 justa,
1604 4643 1735 4706 iacietis
1756 4661 1816 4722 per

175 4746 300 4808 tionem
324 4757 417 4802 suam
439 4739 690 4817 archiepiscopo
715 4740 965 4816 praesentantes,
1021 4755 1196 4802 censuram
1216 4739 1488 4810 ecclesiasticam,
1513 4739 1736 4815 appellatione
1760 4755 1816 4804 re-

175 4841 341 4919 pellernnt
374 4837 546 4898 humiliter
572 4837 609 4898 ut
638 4837 833 4898 electionem
860 4836 965 4912 ipsam
1021 4837 1120 4907 mota,
1138 4835 1380 4898 inviolabiliter
1393 4834 1575 4896 observari.
1595 4835 1687 4907 Quod
1703 4837 1731 4897 si
1746 4853 1813 4902 non

175 4943 333 5016 tanquam
353 4935 548 4997 concordem
570 4935 603 4996 et
621 4935 815 4996 canonicam
839 4933 965 4995 condr—
1020 4949 1134 4996 omnes
1146 4933 1199 4994 his
1211 4932 1385 5009 potueritis
1400 4931 1574 5004 interesse,
1587 4932 1652 4994 duo
1665 4935 1811 4996 vestrum

175 5037 291 5108 maret,
319 5049 384 5112 quo
407 5033 440 5094 id
464 5031 575 5093 iacere
602 5035 788 5104 recusante,
816 5033 965 5093 nostram
1020 5031 1236 5092 nihilominus
1252 5028 1485 5106 exsequantur.
1504 5029 1622 5090 Datum
1642 5031 1809 5105 Laterani,
1911 5103 1915 5122 ῃ

176 5134 376 5195 arrdientiam
406 5130 625 5208 appellarunt.
657 5129 720 5191 Sed
748 5131 820 5207 ipse
847 5129 963 5190 archi·
1020 5127 1238 5190 llikalendas
1253 5125 1454 5198 novembris,
1471 5141 1672 5188 annonon0.
