4274 6388
148 331 212 392 ’229

759 331 987 394 EPISTOLAE.
1011 331 1089 392 LIBa
1112 333 1181 394 vu.

1733 333 1794 397 230

151 489 272 563 dimus,
290 491 337 563 ut,
363 441 599 554 constitutione
617 489 784 567 generalis
807 489 965 578 (16661111,
999 490 1048 553 lta
1060 492 1148 569 quod
1164 490 1285 554 bonam
1305 489 1346 555 de
1369 491 1412 565 te,
1428 493 1470 554 de
1491 494 1614 556 caetero
1637 447 1795 556 fiduciam

151 603 220 649 non
241 588 404 661 obstante,
426 591 608 650 memorata
622 587 784 650 benedma
800 603 875 650 cum
889 603 947 649 ar·
1000 587 1199 657 obtinentes,-
1222 587 1329 664 magis
1349 603 1389 649 ac
1410 589 1517 666 magis
1531 589 1592 650 tibi
1614 589 1795 652 reddamur

153 683 387 746 chidiaconatu
415 684 572 761 praedicto
597 684 658 745 tibi
675 684 775 747 liceat
788 685 944 745 retinere.

1001 684 1202 748 favorabiles
1221 686 1255 747 et
1276 685 1424 762 benigni,
1450 667 1512 746 nec
1534 687 1563 746 si
1589 687 1817 748 conmarium'

152 781 247 841 Nulli
261 796 351 856 erge,
364 781 425 844 etc.
457 781 581 857 Siquis
606 782 728 850 autem,
745 783 807 844 etc.
827 784 947 843 Datum
1000 783 1121 858 aperis,
1133 771 1398 859 'cogamuraliud
1410 783 1569 858 cogitare.
1591 785 1709 846 Datum
1724 787 1794 846 La-

153 877 321 966 Laterani,
353 879 429 942 Vlli
453 876 521 938 kal.
549 876 709 950 octobris,
733 877 946 955 pontificatus
1000 880 1188 954 terani,V1
1218 879 1381 942 kalendas
1404 879 1562 954 octobris,
1584 880 1795 957 pontificatus

153 973 258 1036 nostri
273 989 361 1036 anno
374 974 526 1052 septimo.

278 1449 552 1510 saracenorum
564 1448 817 1508 Geminiacum.

411 1577 446 1636 26
460 1577 599 1652 septemb.
616 1577 694 1635 lata.

175 1674 177 1676 ’
294 1699 809 1766 [naynna.,snn.aaann.aaaa,aaa]

154 1826 229 1884 Eum
245 1825 373 1884 hortatur
386 1834 418 1884 ut
435 1841 500 1884 cum
520 1825 643 1884 lieberto
669 1826 841 1898 imperatore
861 1824 948 1882 Cons-

273 1916 512 1995 tantinopolitano
524 1916 604 1988 pacis
618 1913 724 1972 loedera
737 1915 824 1972 ineat.

193 2041 368 2103 Theodoro
407 2040 612 2114 cominiano,
640 2039 793 2117 spiritum
817 2037 949 2101 consilii

154 2137 312 2199 sanioris.

195 2234 288 2296 Licet
302 2235 482 2299 enormiter
497 2248 557 2296 nos
579 2235 613 2296 et
625 2234 807 2296 Ecclesiam
822 2235 949 2295 Roma-

154 2345 233 2392 nam
248 2331 437 2405 offenderis,
455 2331 611 2394 dilectum
628 2332 734 2392 filium
752 2333 902 2393 nostrum
918 2331 948 2391 J.

153 2428 292 2491 titulis.
314 2429 475 2491 Praxedis
495 2430 723 2507 presbyterum
750 2428 841 2490 card.
866 2441 950 2488 ausu

154 2527 318 2602 sacrilego
339 2529 511 2604 capiendo,
527 2529 605 2606 quia
622 2529 746 2602 tamen,
767 2524 949 2588 sieutidem

154 2623 286 2685 rediens
318 2625 413 2686 nobis
445 2625 560 2686 retulit
589 2625 667 2687 riva
703 2639 803 2695 voce,
840 2622 949 2699 ipsum

154 2720 271 2784 devote
283 2722 444 2796 tractasti,
465 2723 498 2784 et
510 2723 544 2783 in
559 2721 756 2783 liberatione
777 2719 949 2781 honorasti

934 1053 937 1060 ¹
1001 977 1109 1040 nostri
1124 992 1212 1040 anno
1228 977 1380 1054 septimo.

1349 1286 1448 1375 VIII

1002 1438 1054 1498 Ad
1067 1439 1113 1498 Η.
1136 1439 1177 1498 dc
1192 1440 1356 1501 colomeo
1374 1428 1630 1512 subdiaconem,
1647 1441 1797 1504 Petrum

1042 1536 1204 1610 Greportt
1230 1536 1438 1612 scriptorem
1459 1536 1493 1598 et
1516 1540 1599 1614 Rop.
1625 1541 1797 1604 11606116-

995 1699 997 1703 ,
1042 1633 1154 1694 medlo
1167 1636 1371 1694 petronacem
1383 1635 1563 1709 Amostae.

1252 1759 1288 1820 30
1300 1761 1441 1836 septemb.
1459 1763 1539 1822 1111.

1034 1883 1156 1948 snagan„
1166 1881 1210 1934 lib.
1217 1883 1272 1944 Vll,
1282 1885 1357 1950 epist.
1367 1885 1406 1936 ii.
1423 1887 1481 1937 lisa.
1493 1889 1530 1939 La
1540 1885 1615 1938 Porta
1624 1887 1659 1938 du
1669 1886 1765 1954 rnen]

1003 2004 1159 2066 Mandatut
1173 2006 1313 2082 magistro
1327 2009 1472 2068 willelmo
1486 2012 1521 2070 de
1538 2014 1642 2071 Sancto
1655 2015 1797 2074 Germano

1053 2101 1209 2169 proventus
1223 2095 1384 2169 prebende
1396 2115 1457 2157 suaa
1471 2100 1614 2174 assignari
1629 2099 1743 2162 saciant.

1043 2232 1223 2305 Honorius,
1231 2233 1444 2305 etc.,dilectis
1452 2235 1532 2298 111116
1540 2239 1580 2298 Η.
1588 2237 1628 2299 de
1639 2232 1800 2302 Goltrmna

1004 2328 1219 2402 subdiacono,
1235 2331 1268 2393 et
1278 2331 1376 2392 Petro
1391 2334 1544 2410 Gregorii
1559 2335 1712 2413 scriptori
1726 2352 1800 2398 nos·

1004 2426 1077 2499 tris,
1093 2426 1127 2488 et
1141 2429 1223 2503 Rog.
1245 2426 1286 2489 de
1310 2429 1512 2492 collemedio·
1532 2433 1692 2494 canonico
1707 2436 1800 2495 Ana·

980 2571 981 2578 ,
1004 2523 1090 2598 gaiae
1117 2524 1269 2586 Parisins
1290 2528 1580 2602 commorantibus,
1607 2529 1801 2594 salutemet

1003 2621 1229 2696 apostolicam
1241 2622 1516 2686 benedictionem.

1044 2720 1150 2789 Quum
1162 2718 1257 2782 bonae
1270 2721 1438 2782 memoriae
1457 2724 1496 2783 R.
1513 2721 1659 2784 decanus
1670 2725 1797 2796 Arien„

154 2818 322 2892 decenter,
340 2835 515 2896 personam
529 2820 632 2891 tuam,
649 2819 715 2880 nisi
730 2821 834 2896 perte
848 2817 951 2878 stete-
1004 2814 1045 2876 ad
1057 2815 1175 2876 Sedern
1184 2817 1406 2893 apostolicam
1414 2819 1564 2891 ueniens,
1575 2821 1798 2896 praebendam,

153 2915 209 2988 rit,
226 2918 385 2994 quantum
404 2933 480 2978 cum
505 2920 573 2978 Deo
598 2931 785 2993 possumus,
810 2914 951 2989 diligere
1004 2929 1103 2992 quam
1116 2913 1152 2974 in
1164 2915 1276 2975 Arien.
1294 2915 1436 2994 ecclesia
1447 2915 1627 2985 obtinebat,
1642 2918 1677 2978 in
1691 2921 1800 2980 mani-

155 3011 613 3090 disponentes,libentertuis
628 3010 809 3075 seeundum
826 3011 951 3072 utrum·
980 3005 1066 3072 'bus
1099 3011 1212 3074 dilecti
1242 3011 1304 3072 lilii
1332 3012 1447 3074 fratris
1473 3015 1545 3076 Jac.
1577 3016 1742 3092 capellani
1767 3019 1800 3080 et

156 3127 220 3191 qne
232 3113 399 3175 homiuem
413 3113 586 3190 protutura
601 3110 813 3188 provectibus
829 3109 950 3185 cogita·
980 3103 981 3106 ’
1004 3108 1243 3186 peanitentiarii
1267 3111 1372 3172 nostri
1388 3110 1493 3174 libere
1505 3113 1719 3189 resignasset,
1737 3131 1799 3177 nos

155 3207 946 3286 mus;etutinamnostrisconsiliisacquiescas,
980 3223 1079 3272 ¹eam
1113 3207 1232 3270 dilecto
1267 3207 1337 3270 filio
1365 3209 1524 3284 magistro
1552 3211 1722 3273 willelmo
1757 3211 1798 3274 de

155 3307 244 3386 qnia,
261 3308 348 3369 siout
369 3322 542 3384 speramus
560 3307 596 3368 in
609 3305 758 3377 Domino,
779 3319 948 3381 nunquam
1006 3305 1127 3367 Sancto
1142 3308 1307 3368 Germano
1329 3321 1417 3368 nunc
1432 3307 1605 3384 capellano
1621 3312 1734 3372 nostro
1749 3310 1797 3371 li-

154 3405 277 3466 exinde
287 3404 348 3467 tibi
371 3404 438 3464 nisi
459 3403 555 3479 grata
579 3402 736 3480 poterunt
758 3401 948 3478 provenire.
980 3401 1163 3464 ¹beraliter
1181 3402 1400 3473 conserentes,
1417 3405 1563 3483 capitulo
1582 3406 1694 3468 Arien.
1719 3423 1800 3470 uos-

156 3504 242 3563 8666
258 3502 353 3564 nobis
365 3501 550 3563 tacentibus
559 3517 625 3562 non
639 3501 787 3576 ignoras,
799 3498 885 3576 quod
894 3509 948 3558 res
1002 3499 1064 3562 tris
1090 3499 1239 3562 dedimus
1254 3499 1375 3563 litteris
1397 3500 1432 3562 in
1447 3502 1622 3576 mandatis,
1640 3503 1676 3566 ut
1697 3519 1796 3566 eum·

154 3600 256 3662 unitae
289 3599 515 3670 concrescunt,
545 3600 578 3660 et
606 3597 798 3675 dispereunt
819 3595 950 3672 disgre-
1002 3597 1077 3658 dem
1114 3597 1311 3673 magistrum
1353 3597 1394 3660 ad
1437 3599 1649 3675 praebendam
1689 3601 1797 3679 ipsam
1843 3632 1845 3640 =

153 3699 256 3773 gatae3
273 3697 413 3774 ideoque
423 3695 460 3758 nt
472 3696 508 3756 ut
519 3695 685 3756 discordia
695 3694 848 3754 homines
859 3693 949 3753 inter
1001 3694 1189 3770 reciperent
1201 3695 1235 3756 in
1249 3695 1444 3756 canonicum
1458 3699 1491 3757 et
1506 3696 1541 3756 in
1558 3695 1706 3758 fratrem.
1731 3699 1796 3760 Sed

154 3811 190 3856 se
202 3793 345 3856 invicem
352 3793 578 3865 adversantes,
592 3792 656 3852 nisi
672 3791 771 3853 aliter
783 3791 945 3867 sopiatur,
1002 3791 1080 3854 licet
1093 3805 1168 3852 eum
1183 3791 1382 3868 reciperent,
1392 3791 1518 3854 fructus
1531 3792 1637 3868 ipsius
1650 3795 1796 3858 retinue-

153 3891 279 3955 tamdiu
288 3893 324 3952 in
338 3891 510 3968 utriusque
523 3889 625 3968 partis
635 3888 844 3966 dispendium
858 3888 948 3949 mili-

153 3991 210 4062 tet,
234 3989 339 4051 donec
360 3988 477 4064 perdat
504 3988 655 4057 alteram,
681 3985 735 4047 vel
758 3987 945 4064 utramque,

154 4088 252 4149 sicuti
264 4103 282 4148 e
295 4101 456 4148 converso
475 4083 653 4146 concordia
669 4083 789 4144 nititur
803 4084 844 4144 ad
860 4097 945 4144 con-

152 4185 355 4247 servantiam
383 4183 447 4244 slbi
471 4179 746 4259 obsequentium,
771 4181 804 4242 et
833 4194 945 4257 augu-

153 4285 312 4345 mentum.

193 4383 301 4453 Quare
309 4378 410 4442 saluti
423 4379 455 4441 et
465 4377 568 4455 quieti
579 4378 645 4439 tuae
655 4375 845 4453 plurimum,
860 4375 946 4438 sicut

153 4493 216 4540 nec
239 4478 311 4555 ipse
336 4475 478 4547 dubitas,
500 4473 657 4550 expedire
672 4473 844 4536 credentes
859 4473 947 4535 inter

152 4571 363 4636 carissimum
384 4570 418 4632 in
442 4569 572 4631 cbristo
600 4569 705 4629 lilium
731 4568 880 4631 nostrum
903 4571 942 4630 R.

151 4669 386 4747 imperatorem
409 4665 809 4742 constantinopolitanum
843 4665 944 4726 illus-

151 4768 236 4830 trem
260 4764 402 4826 stabiliri
428 4763 520 4841 pacis
549 4765 717 4840 perpetua
741 4762 942 4836 firmitatem,

152 4865 231 4942 quia
243 4863 302 4925 libi
313 4862 492 4940 plurimum
506 4862 568 4923 erit
583 4861 720 4952 decens,
738 4861 774 4922 ut
787 4861 820 4921 id
836 4861 947 4922 moni-

151 4963 204 5023 tus
231 4977 251 5022 a
284 4960 381 5022 nobis
421 4958 569 5029 efficias,
607 4957 815 5020 nobilitatem
853 4958 945 5021 tuam

151 5057 324 5120 hortamur
347 5056 489 5127 attente,
515 5055 676 5132 quatenus
702 5055 842 5131 provide
872 5055 943 5116 cir-

151 5155 380 5232 cumspectans
394 5151 601 5215 inevitabilia
609 5165 720 5214 rerum
736 5151 867 5225 damna,
890 5151 945 5212 in-

151 5250 389 5329 comparabilia
402 5263 618 5327 personarum
640 5248 801 5325 pericula,
819 5249 852 5310 et
863 5249 942 5310 aui-

152 5362 280 5412 marum
302 5347 535 5425 irreparabilia
559 5345 767 5418 detrimenta,
785 5361 858 5422 qua
882 5345 942 5408 tibi

151 5463 194 5508 ex
215 5445 381 5507 discordia
404 5443 559 5521 poterunt
581 5442 758 5519 provenire
781 5442 943 5504 Christia-

149 5543 288 5605 nissimo
309 5541 503 5619 imperatori
528 5539 697 5617 praedicto,
724 5537 941 5602 6166161616-

149 5641 261 5703 tianus
274 5655 320 5712 es,
332 5641 365 5702 te
378 5638 510 5700 studeas
517 5637 608 5715 pacis
616 5637 759 5700 termino
772 5637 940 5716 copulare,

1001 3888 1081 3950 runt
1090 3888 1287 3966 praebendae,
1301 3889 1448 3950 dicentes
1460 3890 1685 3966 supradictum
1696 3891 1799 3954 deca-

1002 4001 1082 4048 num
1097 3985 1154 4062 qui
1165 3984 1294 4047 obierat
1308 3985 1453 4058 interim,
1468 3983 1532 4048 sibi
1545 3986 1648 4048 luisse
1663 3987 1696 4049 in
1716 4005 1795 4066 qua·

1001 4081 1795 4160 damsummapecuniaeobligatumetsecuudnm

1000 4179 1273 4241 cousuetudinem
1282 4177 1498 4256 approbatam
1512 4181 1663 4243 ecclesie
1678 4183 1792 4244 Arien.

1000 4275 1216 4338 detractibus
1231 4276 1399 4353 sequentis
1414 4277 1495 4338 anni
1505 4276 1596 4340 licite
1618 4279 1795 4357 disponere

999 4373 1171 4451 potuisse,
1201 4387 1301 4450 quum
1338 4374 1430 4436 circa
1465 4373 1585 4437 festum
1621 4373 1793 4440 beatorum

998 4470 1231 4547 Apostolorum
1247 4471 1337 4533 Petri
1353 4472 1387 4534 et
1397 4471 1494 4532 Pauli
1506 4473 1596 4534 viam
1606 4473 1801 4536 luerituni-·

998 4583 1106 4630 versae
1115 4568 1228 4630 carnis
1242 4567 1425 4645 ingressum
1436 4565 1792 4634 fructusrerosecundi

999 4665 1079 4727 anni
1116 4666 1340 4742 permiserunt
1366 4669 1406 4730 A.
1429 4666 1643 4729 thesaurario
1663 4670 1789 4742 briem,

998 4778 1059 4840 pro
1073 4762 1179 4840 ipsius
1206 4761 1356 4825 ecclesiae
1372 4765 1602 4826 communibus
1621 4767 1789 4842 occupari,

998 4861 1034 4922 ut
1055 4860 1105 4920 sic
1127 4859 1215 4921 idem
1237 4860 1397 4935 magister
1423 4860 1510 4922 dono
1534 4863 1655 4924 nostrae
1673 4863 1791 4938 gratia

999 4971 1058 5034 per
1071 4957 1252 5018 triennium
1267 4956 1496 5020 frustraretur.
1519 4957 1612 5028 Unde
1631 4975 1692 5020 uos
1711 4975 1791 5036 pro-

998 5053 1074 5116 vide
1086 5053 1303 5125 attendentes,
1321 5054 1408 5131 quod
1419 5053 1564 5116 decanus
1578 5054 1638 5117 1116
1651 5059 1791 5134 postre-

998 5151 1218 5228 signationem
1229 5149 1428 5228 prebende,
1449 5151 1491 5212 de
1505 5151 1578 5228 ipsa
1590 5167 1656 5214 non
1671 5155 1786 5229 valuit,

997 5248 1174 5311 necroluit
1185 5247 1364 5325 quidquam
1388 5248 1602 5326 disponere...
1616 5249 1741 5314 decano
1756 5257 1790 5316 et

997 5345 1143 5422 capitulo
1164 5345 1312 5422 ejusdem
1325 5344 1486 5418 ecclesia,
1502 5347 1626 5410 nostris
1638 5349 1788 5411 dedimus

998 5443 1117 5504 litteris
1137 5443 1173 5503 in
1199 5441 1377 5516 mandatis,
1388 5443 1425 5504 ut
1442 5441 1569 5506 fructus
1581 5445 1687 5521 ipsius
1701 5463 1789 5523 prae·

996 5539 1111 5601 bandae
1127 5555 1146 5600 a
1158 5540 1306 5616 tempore
1319 5539 1508 5602 collationis
1521 5545 1643 5603 nostrae
1658 5558 1787 5605 memo·-

997 5638 1069 5699 rato
1084 5637 1252 5712 magistro,
1281 5637 1334 5700 rel
1349 5638 1557 5713 procuratori
1574 5641 1647 5714 ejus
1660 5639 1788 5718 integre
