4258 6394
158 332 219 390 400
606 398 612 414 .
764 325 992 390 arrsroum.
1015 327 1092 388 ma.
1116 325 1203 390 vui.
1348 280 1410 418 γ’
1746 329 1807 390 450

159 504 245 561 rum,
262 503 335 566 quaa
352 486 394 550 ab
418 489 491 565 ipso
518 485 701 564 receperat,
724 485 900 546 immemor
920 487 954 548 et
1008 485 1133 547 tentius
1148 484 1181 547 et
1202 485 1386 557 hortamur,
1402 499 1441 547 ac
1460 485 1521 548 tibi
1540 481 1600 565 p'er
1615 485 1807 563 apostolica

160 587 325 663 ingratus,
351 586 513 647 nocturno
537 586 686 660 tempore
710 582 746 642 iu
771 583 952 645 tentorium
1009 582 1133 658 scripta
1172 581 1314 645 firmiter
1349 582 1555 659 injungendo
1597 583 1805 652 mandamus,

159 686 233 760 ejus
252 683 386 743 irruens
406 697 481 743 cum
502 681 652 752 armatis,
667 679 804 740 immitis
827 679 951 752 mitem,
1009 681 1172 755 quatenus
1188 679 1274 756 quod
1288 679 1450 741 hacteuus
1465 679 1574 742 fecisti
1593 680 1807 743 laudabiliter

158 780 309 841 armatus
337 777 510 849 inermem,
531 777 698 838 vassallus
724 775 893 837 dominum
919 775 954 836 in
1009 791 1069 852 per
1094 777 1248 853 teipsum,
1265 777 1305 837 de
1330 777 1450 838 caetero
1479 777 1661 838 studiosius
1689 777 1804 850 facies,

159 875 263 938 strato
293 889 354 936 suo
393 873 610 936 dormientem
635 872 776 947 invasit;
804 873 838 934 ei
868 872 954 948 quod
1009 873 1167 935 mandato
1190 874 1223 935 et
1238 873 1393 951 precibus
1412 873 1612 949 Apostolicis
1631 874 1804 948 invitatus,

159 968 369 1042 sinedolore,
386 985 448 1031 neo
468 969 584 1032 audire
605 969 783 1046 potuimus,
801 983 862 1030 nec
877 982 955 1046 pos-
1009 969 1051 1031 ad
1075 969 1284 1032 liberandum
1318 985 1386 1042 eos,
1408 970 1515 1031 modis
1546 970 1806 1048 quibuscumque

158 1057 272 1128 'sumus
285 1066 438 1137 recitare,
446 1067 554 1144 ipsum
564 1081 676 1142 regem
688 1064 955 1143 impiavuluera-
1009 1068 1114 1144 potes,
1137 1068 1347 1130 incessanter
1368 1066 1535 1140 intendas,
1555 1067 1602 1130 ita
1622 1068 1710 1144 quod
1731 1071 1806 1130 stu-

156 1164 239 1236 tum,
256 1178 324 1225 una
346 1179 421 1224 cum
441 1162 580 1240 praefato
600 1161 669 1223 lilio
689 1162 805 1223 suoin
826 1163 953 1238 sylvam
1011 1163 1105 1224 dium
1119 1166 1214 1225 tuum
1229 1165 1357 1227 clareat
1370 1163 1607 1241 pereffectum,
1624 1167 1658 1226 et
1670 1167 1706 1226 tu
1725 1181 1809 1242 prae·

157 1259 333 1338 quamdam
350 1258 499 1332 adduxit,
516 1273 555 1320 ac
569 1257 689 1320 deinde
706 1274 781 1319 cum
804 1257 874 1318 illis
893 1273 956 1318 ex·
1008 1259 1061 1322 ter
1073 1260 1167 1322 Sedis
1182 1261 1386 1338 apostolice
1400 1262 1555 1337 gratiam,
1572 1277 1670 1338 quam
1686 1277 1730 1322 ex
1743 1262 1807 1323 boc

157 1359 210 1420 tra
228 1372 368 1432 regnum
384 1371 420 1420 se
438 1354 657 1428 transferens,
673 1353 778 1416 cosin
798 1353 952 1416 districtu
1002 1357 1141 1434 ‚plenius
1156 1359 1359 1436 assequeris,
1376 1372 1508 1420 mesces
1523 1360 1557 1420 et
1570 1360 1705 1420 nomine
1718 1359 1806 1436 apud

157 1453 290 1531 imperii
306 1455 419 1531 captos
434 1453 584 1515 detinere
599 1451 821 1529 praesumpsit.
1009 1453 1173 1526 homines,
1186 1457 1220 1518 et
1234 1456 1353 1518 merito
1367 1456 1455 1532 apud
1469 1458 1585 1517 Deum.

198 1551 319 1612 Omnes
340 1549 503 1627 siquidem
524 1564 621 1632 reges
643 1548 677 1610 et
695 1548 864 1626 principes
877 1547 955 1609 tan·-
1050 1550 1140 1610 Inter
1169 1551 1291 1611 caetara
1315 1563 1396 1612 vero
1425 1549 1550 1611 dictum
1581 1550 1735 1612 comitem
1762 1565 1807 1614 ex

157 1662 237 1724 gere
260 1644 357 1708 debet
377 1648 445 1707 iam
464 1635 601 1706 enorme
620 1643 794 1720 flagitium,
811 1660 851 1705 eo
869 1643 954 1721 quod
1009 1645 1104 1720 parte
1128 1647 1243 1707 nostra
1271 1659 1408 1707 moneas
1438 1645 1627 1721 diligenter,
1653 1647 1690 1708 ut
1715 1647 1805 1710 infra

159 1743 237 1807 aliis
253 1742 438 1805 attentandi
458 1742 574 1804 contra
590 1741 739 1803 dominos
761 1757 839 1802 suos
858 1741 955 1801 simi·
1010 1755 1158 1802 mensem
1171 1743 1247 1818 post
1263 1741 1507 1818 susceptionem
1522 1743 1711 1805 litterarum
1724 1760 1806 1806 nos·-

157 1841 205 1903 lie
221 1839 370 1903 tribuere
395 1838 503 1917 potuit
520 1839 740 1911 incentivum,
755 1837 955 1900 audentibus
1008 1837 1157 1910 trarum,
1185 1851 1268 1914 ques
1300 1853 1402 1914 super
1433 1838 1496 1900 boc
1525 1838 1589 1900 sibi
1617 1838 1804 1916 dirigimus,

158 1937 224 1999 boc
261 1936 415 2013 exemplo
449 1950 664 2012 praesumere,
693 1951 766 2012 quae
801 1935 954 1997 comitem
1009 1933 1186 2010 praefatum
1198 1949 1312 2010 regam
1326 1935 1360 1996 et
1374 1935 1481 1996 filium
1495 1937 1567 2012 ejus
1582 1936 1690 2013 plenae
1702 1936 1807 1998 libar-

159 2033 357 2110 praedictum
376 2033 566 2095 audiverint
587 2031 850 2110 praesumpsisse.
867 2033 954 2093 Sane
1008 2030 1070 2092 tati
1082 2031 1245 2103 restituat,
1261 2031 1294 2092 et
1311 2031 1437 2109 absque
1449 2031 1643 2095 difficultate
1658 2034 1806 2111 qualibet

158 2129 238 2192 licet
266 2129 478 2206 apostolatus
506 2129 652 2192 officium
681 2142 742 2190 vos
778 2129 953 2190 universos
1008 2127 1420 2205 liberosabireparmittat,
1432 2143 1559 2212 nosque
1572 2129 1635 2208 ipsi
1644 2129 1805 2192 faciemus

158 2225 341 2289 constituat
355 2225 532 2298 debitores,
550 2225 638 2288 dicto
651 2226 763 2287 tamen
784 2225 857 2302 regi
877 2241 954 2303 spe·
1007 2224 1597 2303 exhiberijuatitiaecomplementum,
1609 2227 1804 2290 siadversus

158 2323 254 2385 cialis
267 2323 365 2396 ratio,
381 2339 449 2384 non
461 2339 539 2396 uua,
554 2323 611 2384 sed
624 2323 800 2402 multiplex
813 2337 875 2383 nos
896 2337 954 2384 as·
1009 2335 1085 2383 eum
1107 2321 1209 2384 habet
1227 2321 1354 2400 aliquid
1375 2324 1580 2400 quaestionis.
1595 2325 1657 2398 Qui
1675 2327 1705 2386 si
1723 2325 1803 2400 tuis,

158 2419 295 2496 tringit3
310 2420 358 2482 ita
377 2418 464 2496 quod
489 2419 561 2481 siue
587 2419 725 2481 laesione
751 2419 847 2480 famae
873 2435 955 2482 nos·
1008 2420 1074 2480 imo
1089 2419 1214 2482 nostris
1229 2421 1445 2497 acquiescere
1460 2421 1595 2484 monitis
1613 2437 1680 2484 non
1700 2438 1803 2485 cura-

158 2517 232 2590 trae,
248 2531 288 2577 ac
308 2517 408 2579 etiam
431 2517 653 2589 conscientiae,
669 2516 734 2578 sibi
752 2533 820 2578 non
836 2531 954 2593 posse-
1007 2517 1105 2595 verit,
1121 2517 1231 2596 ipsum
1244 2519 1277 2579 et
1289 2533 1406 2579 omnes
1421 2520 1493 2594 ejus
1508 2519 1616 2580 inhac
1626 2519 1804 2596 iniquitate

157 2630 231 2676 mus
270 2613 305 2675 in
339 2615 408 2676 tam
442 2615 554 2691 gravis
580 2613 714 2676 articuli
753 2613 952 2676 necessitate
1007 2613 1170 2686 fautores,
1196 2614 1327 2677 sublato
1351 2615 1587 2692 appellationis
1616 2615 1802 2690 obstaculo,

158 2711 285 2773 deesse.
303 2712 416 2773 Primo
434 2712 523 2773 euim
538 2727 677 2788 regnum
691 2712 802 2773 Daciae
822 2711 954 2789 specia-
1007 2711 1294 2783 excommunices,
1324 2711 1452 2774 faciens
1485 2714 1805 2775 excommunicatio-

156 2808 234 2870 liter
253 2807 294 2870 ad
313 2812 497 2871 Romanam
512 2809 639 2886 spectat
653 2809 848 2877 Ecclesiam,
863 2809 896 2870 et
910 2806 951 2869 ad
1007 2823 1084 2870 uem
1099 2808 1206 2886 ipsam
1217 2807 1362 2883 singulis
1374 2807 1490 2869 diebus
1503 2807 1679 2870 dominicis
1694 2810 1728 2872 et
1741 2809 1804 2872 fes·

157 2905 313 2982 specialis
330 2904 466 2966 ditionis
488 2905 648 2966 iudicium
663 2905 694 2966 ei
709 2919 784 2966 esse
802 2906 953 2967 noscitur
1007 2903 1098 2972 tivis,
1113 2901 1256 2980 pulsatis
1271 2903 1454 2980 campanis,
1470 2905 1504 2966 et
1514 2903 1663 2965 candelis
1677 2920 1801 2967 accen-

157 3001 325 3072 censuale,
348 3002 501 3079 idemque
516 3017 588 3074 rex,
605 3001 693 3063 sicut
711 3003 744 3064 et
765 3002 954 3078 praedeces·
1008 3000 1068 3072 sis,
1086 2991 1279 3061 solemniter
1295 2998 1458 3076 publicari
1471 3015 1531 3077 per
1543 3000 1701 3062 universa
1715 3001 1801 3077 loca,

157 3113 249 3161 sores
262 3097 314 3160 sui
330 3113 366 3158 se
387 3097 591 3174 apostalicae
613 3097 690 3160 Sedl
711 3097 840 3160 fidelem
859 3114 951 3159 sem·
1006 3095 1176 3175 inquibus
1193 3094 1318 3158 videris
1333 3095 1501 3173 expedire,
1518 3097 1581 3158 etc.

157 3203 218 3272 1³0?
229 3194 382 3258 exhihufl
394 3196 427 3257 θῑ
439 3194 593 3257 demum
608 3212 615 3255 ἲ
630 3195 718 3257 ”⁰1¹0
732 3195 762 3256 Si
775 3195 890 3257 eadem
905 3196 953 3274 if·
1041 3220 1166 3290 imperat
1187 3224 1218 3275 ut
1236 3216 1423 3291 provinciam,
1442 3218 1472 3274 in
1487 3233 1542 3290 qua
1562 3233 1612 3278 rex
1626 3217 1758 3278 detentus
1773 3221 1803 3279 in

157 3307 232 3353 sum
249 3291 285 3352 in
308 3291 372 3352 1100
393 3307 484 3364 casu,
503 3291 589 3368 quod
607 3291 704 3364 absit,
720 3291 899 3365 desereret.
916 3307 952 3352 se
1006 3307 1127 3366 uncum
1146 3304 1240 3374 suoru,
1263 3305 1413 3364 000000
1431 3306 1627 3365 occasionum
1648 3317 1799 3382 supponat.

156 3403 223 3450 non
244 3388 352 3450 solum
366 3389 544 3465 ingratam,
560 3389 617 3450 sed
633 3387 803 3465 indignam
823 3404 951 3467 quoque
1045 3425 1166 3487 Datum
1200 3423 1377 3496 Laterani,
1413 3422 1556 3486 kalend,
1590 3390 1799 3501 novembris]

156 3485 374 3547 deerrasset
394 3485 580 3549 devotionis
602 3485 793 3563 hujusmodi
808 3486 950 3548 exnibe—
1007 3536 1094 3585 anno
1106 3521 1237 3585 ow,
1917 3488 1920 3506 ‘

156 3584 217 3645 ret.
230 3582 367 3645 Accedit
386 3582 420 3645 et
438 3582 506 3644 alia
520 3582 618 3656 ratio,
635 3599 702 3644 uon
718 3583 877 3655 invalida,
892 3583 949 3644 sed

157 3695 229 3758 quae
249 3679 320 3741 sola
336 3679 502 3742 sufficeret
521 3695 581 3742 nos
595 3678 635 3741 ad
652 3680 759 3758 ipsius
777 3680 951 3756 regiminis

155 3775 406 3839 subventionem
434 3776 604 3851 inducere,
635 3777 768 3839 etiamsi
801 3777 950 3839 rationes
1173 3779 1175 3786 '

155 3873 335 3962 deficerent
366 3873 577 3951 supradictae.
617 3874 706 3936 Idem
744 3874 833 3964 enim
867 3890 947 3948 rex,
1328 3807 1476 3894 ΧΧΧΠ

155 3969 219 4032 etsi
233 3985 293 4047 pro
305 3969 453 4044 subsidio
468 3973 579 4034 Terrae
595 3971 726 4034 Sancta
741 3987 808 4042 non
822 3971 951 4050 bajulat
1116 3961 1168 4020 Ad
1192 3959 1419 4019 Ffssdfflwm
1445 3957 1681 4018 mamm

156 4068 287 4144 signum
307 4067 417 4129 crucis
440 4067 475 4129 iu
500 4068 642 4144 publico,
666 4068 749 4129 illud
770 4069 882 4130 tamen
907 4068 948 4130 ad
1272 4053 1532 4129 imfefawfssm·

154 4165 303 4226 nostram
322 4164 589 4227 exhortationem
614 4166 802 4242 susceptum
821 4165 950 4240 bajulat
1304 4184 1401 4241 lnov.
1416 4181 1496 4240 1223,

154 4259 191 4321 in
214 4259 355 4332 occult0,
375 4263 467 4322 certa
490 4260 586 4322 nobis
607 4262 827 4337 promissione
848 4261 946 4334 facta,
1096 4309 1114 4359 l
1151 4307 1168 4358 d
1199 4308 1216 4358 b
1249 4305 1428 4358 uuklmbur
1444 4304 1450 4316 ·
1466 4306 1496 4356 ab
1547 4305 1623 4358 1282
1642 4320 1659 4356 n
1681 4306 1728 4359 Μ

155 4357 331 4434 quodipse
352 4358 407 4418 vel
427 4356 518 4419 filius
538 4360 621 4435 ejus,
642 4359 678 4418 iu
704 4359 811 4436 ipsius
836 4361 948 4422 Terrae
1050 4309 1319 4446 [ufsnouuce
1362 4431 1368 4444 Ι
1428 4319 1465 4370 ⁸¹⁸
1498 4319 1534 4444 qs,
1560 4343 1591 4442 ¹.
1625 4344 1668 4366 ”
1725 4307 1760 4448 ,4.

156 4454 286 4516 Sanctae
300 4469 494 4516 succursum
509 4453 740 4518 transfretabit
753 4456 789 4516 in
807 4456 947 4519 instanti
1020 4432 1136 4494 M³¹¹d³¹
1155 4440 1185 4491 ¹¹³
1214 4445 1278 4506 ¹⁰8¹
1301 4433 1396 4533 ⁰⁸9}ae
1420 4444 1454 4488 ⁸⁰
1477 4430 1535 4488 ⁶¹¹⁰
1564 4445 1628 4505 ⁰³⁰⁸
1657 4440 1778 4506 ⁰³P‘¹V¹³

154 4551 309 4628 passagio
321 4550 482 4627 generali.
497 4552 574 4614 Etsi
590 4551 703 4614 forsan
718 4555 836 4614 neuter
856 4554 949 4630 ipso·
1281 4521 1418 4577 ⁸¹¹¹¹¹¹¹¹m
1432 4517 1514 4577 sem·

154 4662 227 4708 rum
252 4648 472 4723 personaliter
493 4649 710 4711 transfretare
734 4649 887 4726 potuerit,
905 4649 948 4709 il·
1041 4639 1220 4712 Honorius,
1233 4639 1308 4709 etc.,
1322 4638 1360 4699 ul
1373 4650 1493 4710 supro.
1510 4635 1695 4712 imperialis
1708 4652 1795 4714 <1¹1⁰-

154 4742 209 4804 luo
221 4745 352 4805 centum
367 4745 429 4806 ved
445 4745 487 4806 ad
502 4747 612 4806 minus
628 4747 868 4824 quinquaginta
883 4747 949 4807 mi·
1003 4755 1066 4817 que
1081 4736 1265 4800 clementiae
1280 4731 1522 4811 providentiam
1535 4731 1628 4794 decet
1640 4733 1672 4794 et
1687 4748 1793 4810 expe-

155 4839 230 4902 lites
246 4840 442 4916 destinabit;
465 4843 552 4904 unde
566 4845 656 4919 patet
671 4842 807 4905 cuilibet
820 4843 947 4906 volenti
1002 4837 1060 4910 dib
1079 4832 1269 4912 impendere
1289 4829 1451 4891 fflffiflffl
1471 4828 1558 4890 diCtO
1581 4829 1652 4904 regi
1672 4845 1712 4890 ³⁰
1728 4829 1793 4906 59⁵¹

154 4936 329 4998 veritatem
360 4937 457 4998 oculo
482 4939 623 5000 rationis
649 4939 829 5015 inspicere,
860 4939 945 5017 quod
1001 4930 1233 5011 praesumptori
1244 4929 1340 5004 signa
1354 4926 1463 5002 dignae
1476 4925 1717 5001 indignationis
1733 4941 1792 4986 os-

154 5033 332 5110 saepedicto
353 5033 425 5109 regi
446 5035 608 5109 tenemus,
630 5037 748 5098 saltem
765 5036 851 5099 sicut
867 5036 945 5097 aliis
1000 5031 1137 5092 tendere
1158 5043 1197 5089 ac
1219 5041 1280 5105 per
1301 5025 1364 5086 hoc
1390 5022 1474 5086 alios
1493 5037 1514 5083 a
1537 5023 1794 5100 praesumptione

154 5129 404 5205 crucesignatis,
417 5130 546 5191 adessa.
1001 5127 1102 5190 simili
1124 5126 1302 5188 deterrere.
1318 5121 1423 5183 David
1450 5119 1582 5180 cuidam
1611 5120 1790 5193 nuntianti,

193 5226 380 5288 (laudentes
405 5227 517 5304 igitur,
535 5229 568 5289 et
585 5228 757 5291 caritatem
776 5230 868 5290 tuam
889 5230 944 5290 di·
1000 5225 1087 5304 quod
1101 5239 1215 5302 regam
1230 5221 1364 5283 Saulem
1378 5217 1626 5297 persecutorem
1640 5220 1710 5296 ejus
1731 5209 1797 5282 0οἕ

153 5323 228 5398 guis
248 5323 282 5383 iu
305 5324 445 5385 Domino
471 5325 625 5386 laudibus
663 5327 943 5400 commendantes,
977 5321 1137 5394 uiderat,
1167 5321 1200 5382 et
1232 5317 1365 5396 propter
1388 5315 1451 5376 hoc
1479 5313 1521 5375 ab
1550 5314 1622 5390 ipso
1656 5317 1792 5392 praemia

154 5418 239 5496 quod
261 5420 302 5480 ad
326 5419 557 5483 liberationem
581 5423 686 5500 ipsius
713 5423 802 5498 regis
829 5425 862 5486 et
883 5422 944 5484 filii
999 5416 1236 5497 exspectanti:
1261 5415 1384 5487 Quare,
1406 5412 1528 5490 inquit,
1557 5427 1623 5472 non
1651 5413 1792 5474 timuisti

154 5515 205 5576 sui
223 5515 395 5589 hactenus,
415 5518 501 5580 sicut
516 5520 715 5596 accepimus,
729 5520 872 5582 fideliter
886 5521 943 5582 in·
1000 5517 1129 5579 mittere
1150 5529 1285 5575 manum
1304 5513 1406 5582 tuam,
1428 5510 1465 5572 ut
1483 5508 1652 5571 occideres
1677 5509 1790 5570 cbris-

153 5611 298 5686 teudisti,
321 5613 564 5678 fraternitatem
589 5617 680 5678 tuam
707 5633 863 5694 rogamus
892 5619 945 5681 at·
999 5617 1068 5677 tum
1101 5611 1248 5684 Domini,
1278 5611 1311 5671 et
1342 5607 1452 5670 statim
1485 5606 1579 5666 illum
1614 5605 1792 5682 imperavit

294 5759 410 5802 raraou.
429 5758 503 5802 roua
515 5747 567 5805 lv.
1619 5737 1652 5792 ¹5
