4222 6374
794 283 1024 366 emenonis.
1047 305 1126 366 nm.
1150 305 1204 368 v1.
1364 369 1366 372 ,
1674 291 1678 298 “
1784 308 1824 370 aa

513 485 636 578 XCVI
1026 457 1286 544 vesprimiensis
1301 462 1454 530 diaecesis
1467 457 1616 532 districte
1629 455 1753 532 nostris
1769 464 1825 532 lit-

1026 560 1109 624 teris
1124 563 1159 623 in
1171 563 1347 636 mandatis,
1362 564 1399 626 ut
1413 565 1441 626 si
1456 564 1540 628 forte
1553 567 1589 627 in
1603 565 1825 644 exsequendis

176 641 228 702 Ad
240 642 434 704 JOMWM
448 644 744 716 afflissl’lfflofmm
760 641 973 719 Slf'lthlllssll·
1029 659 1211 734 praemissis
1226 658 1431 736 negligentes
1452 660 1593 734 fueritis,
1615 661 1669 724 vel
1677 659 1821 734 remissi,

231 771 237 786 ἥ
263 752 357 834 deins
373 741 568 813 &fimorum
592 741 878 813 Vesprtmensem.
1027 757 1064 818 ut
1078 757 1225 833 experiri
1239 757 1384 834 possitis,
1401 759 1560 835 quantum
1575 759 1697 821 existat
1711 759 1824 822 inobe-

441 869 478 926 ,ο
493 867 708 941 januarium,
1027 852 1161 915 dientiss
1190 853 1288 930 culpa
1312 855 1438 931 gravis,
1473 855 1653 917 terminum
1682 856 1823 918 duorum

482 991 655 1056 ἥψω
669 992 690 1052 ἥ
705 1007 731 1058 ω
744 983 888 1058 ἥῆω·
1027 951 1823 1126 salitantelitteratissimi

1027 1144 1115 1220 quod
1132 1143 1270 1208 debetur
1280 1145 1524 1217 inobedientiae,
1538 1145 1716 1222 recepturi.
1731 1144 1823 1218 Quod

1027 1241 1056 1301 si
1069 1257 1135 1303 non
1148 1257 1275 1314 omnes,
1292 1243 1355 1304 etc.
1371 1244 1488 1305 Datum
1504 1242 1672 1316 Laterani,
1689 1244 1752 1306 Xlt
1762 1241 1824 1303 ka·

213 1339 382 1401 Honorius
391 1337 577 1416 episcopus,
588 1353 704 1402 servus
715 1352 887 1402 servorum
900 1337 970 1414 Del,
1027 1337 1134 1399 lendis
1158 1337 1339 1413 februarii,
1367 1337 1580 1417 pontificatus
1607 1339 1715 1402 nostri
1734 1354 1823 1402 anno

174 1433 422 1498 venerabilibus
455 1434 677 1498 fratribus.....
716 1436 971 1514 archiepiscopo
1028 1435 1133 1496 sexto.

175 1527 396 1610 strigoniensi
409 1535 442 1596 et
443 1572 503 1594 .....
518 1533 674 1612 episcopo
684 1532 925 1611 vesprimensi,
940 1530 973 1595 et

176 1629 297 1693 dilecto
312 1630 380 1692 tilio
384 1674 444 1692 .....
461 1627 575 1693 abbati
589 1631 630 1692 de
641 1633 743 1707 tigres
758 1631 971 1693 Glreuadien-
1353 1661 1498 1755 XCVII

175 1726 223 1787 sis
238 1725 401 1799 dioecesis,
419 1726 576 1800 salutem,
589 1724 652 1790 etc.

216 1824 297 1884 cum
318 1823 474 1886 videatur
506 1823 587 1886 satis
615 1823 793 1896 notorium,
816 1815 972 1884 dilectum
1107 1817 1467 1890 Adarcbtcptscopum
1482 1819 1742 1880 Coesameosam.

176 1916 283 1980 tilium
294 1921 331 1980 e.
342 1915 459 1992 orode,
473 1921 697 1996 praepositum,
711 1919 927 1998 praepositura
941 1917 973 1982 et
1293 1947 1328 2005 20
1337 1945 1461 2019 janum
1476 1945 1556 2004 itit.

176 2015 331 2078 omnibus
344 2017 421 2078 aliis
435 2017 530 2079 bonis
546 2017 627 2088 suis,
637 2019 704 2077 tam
720 2015 969 2092 ecclesiasticis,

177 2126 278 2190 quam
292 2113 480 2186 mundanis,
499 2113 675 2190 spoliatum
698 2109 812 2182 fuisse,
828 2111 973 2174 nonutl-
1031 2177 1048 2187 ‚y

177 2225 241 2287 quo
264 2209 389 2287 absqug
415 2211 511 2287 gravi
535 2209 707 2286 dispendio
733 2207 971 2274 ecclesiasticae
1027 2191 1188 2252 Mandatus
1205 2191 1241 2250 ad
1261 2191 1453 2256 obedientiam
1472 2195 1706 2252 asseverantium
1727 2193 1821 2252 archi·

176 2305 359 2382 libertatis,
388 2320 448 2368 nos
474 2303 612 2384 paterno
645 2306 709 2368 sibi
735 2305 972 2384 compatientes
1062 2279 1196 2381 09¹³⁰⁰l³9
1230 2280 1276 2338 ΙΙΙ
1304 2281 1446 2383 ⁰Pi⁸⁰⁰l³³⁸
1482 2279 1638 2384 flitmum
1664 2283 1693 2338 ΙΙ
1713 2273 1824 2384 ,ΙΙΙΙΙΙ

178 2402 310 2476 affectu,
337 2403 530 2467 discretioni
550 2405 671 2466 vestm
696 2415 755 2482 pm,
779 2403 972 2482 ‘apostolica
1062 2374 1138 2438 suut,
1150 2376 1256 2443 cogant
1270 2369 1418 2440 Sunanos,
1434 2367 1595 2462 Jacobrrros,
1610 2371 1786 2429 Nestonnos.

177 2498 300 2578 scripta
324 2491 548 2580 precipiendo
575 2502 787 2575 mandamus,
810 2493 972 2579 quatenus
1066 2496 1429 2574 Honoriusapiscopus,
1440 2512 1557 2560 servus
1568 2497 1822 2572 compromisi,
1893 2523 1896 2530 ἥ

177 2598 430 2676 praeposituram
458 2597 584 2676 ipsam,
613 2599 646 2660 et
673 2598 739 2660 alia
771 2600 882 2662 omnia
908 2598 972 2661 sibi
1027 2593 1275 2656 venerabilibus
1296 2593 1455 2658 fratribus
1479 2595 1731 2671 archiepiscopo
1747 2597 1823 2662 osa.

177 2693 299 2766 ablata,
316 2697 430 2756 nostra
457 2695 532 2759 freti
555 2695 753 2758 auctoritate
775 2697 848 2757 sins
870 2705 971 2760 morae
1028 2688 1173 2753 sariensi
1198 2692 1232 2754 et
1257 2691 1413 2768 episcopo
1432 2691 1624 2755 ¹acconensi
1649 2693 1682 2755 at
1703 2692 1824 2754 dilecto

178 2789 351 2869 dispendio
371 2789 557 2854 restituatis
574 2791 692 2865 eidem,
711 2793 818 2869 ipsum
833 2793 868 2853 in
892 2807 971 2854 cor·
1028 2787 1097 2848 iilic
1112 2791 1148 2848 P.
1170 2787 1382 2850 thesaurario
1404 2787 1614 2862 Caesariensi,
1635 2789 1825 2852 salutemet

178 2889 325 2966 poralem
341 2889 585 2966 possessionem
607 2890 753 2950 omnium
774 2884 970 2962 ablatorum,
1028 2884 1243 2961 apostolicam
1258 2884 1532 2948 benedictionem.

178 2985 307 3047 sublato
334 2983 510 3063 cujuslibet
538 2983 747 3047 difficultatis
783 2984 971 3058 obstaculo,
1068 2979 1277 3042 Venerabilis
1297 2979 1401 3043 frater
1417 2983 1533 3044 noster
1553 2981 1824 3059 archiepiscopus

178 3079 376 3144 inducentes
391 3083 424 3144 et
443 3073 656 3145 defendentes
678 3081 865 3158 inductum;
889 3086 972 3144 con·
1028 3076 1234 3139 Nicosisusis
1249 3093 1310 3155 pro
1326 3093 1362 3140 se
1385 3093 1424 3138 ac
1444 3077 1693 3142 uenerabilibus
1711 3080 1827 3142 fratri·

179 3179 377 3242 tradiciones
403 3189 663 3256 percensuram
693 3179 971 3251 ecclesiasticam,
1028 3174 1090 3238 bus
1117 3175 1241 3236 noshis
1265 3175 1487 3251 suffraganeis
1514 3177 1596 3248 auis,
1612 3177 1708 3252 regni
1723 3177 1823 3255 cypri

179 3279 402 3355 appellatione
425 3275 619 3354 postposita,
637 3275 885 3353 compescendo.
902 3277 975 3337 Gaa-
1029 3271 1188 3349 praelatis,
1203 3273 1238 3334 in
1259 3274 1373 3336 nostra
1397 3272 1476 3336 iacit
1497 3274 1674 3353 praesentia
1688 3263 1825 3341 recitari

177 3374 285 3436 terum
310 3374 388 3452 quia
407 3374 514 3436 dictus
531 3373 728 3450 praepositus
746 3387 767 3433 a
786 3373 895 3448 gratia
911 3383 971 3434 ca·
1028 3369 1366 3447 quodindioecesibus
1373 3370 1824 3444 eorumdemsurianidaco·

176 3471 304 3533 nissimi
325 3471 360 3532 in
376 3466 506 3532 christo
521 3469 582 3531 tilii
603 3469 707 3532 nostri
724 3473 763 3531 n.
789 3470 973 3548 Hupgariae
1028 3466 1110 3536 bini,
1124 3467 1337 3531 Nestoriniet
1348 3468 1481 3546 quidam
1492 3468 1552 3530 alii
1563 3470 1822 3544 commorantur,

178 3568 268 3644 regis
282 3565 422 3629 illustris
442 3567 589 3629 creditur
613 3566 790 3638 excidisse,
821 3565 973 3628 volumus
1029 3565 1086 3643 qui
1116 3564 1547 3638 masciacensibus,
1572 3567 1824 3644 necprasdictia

180 3666 214 3725 et
230 3661 436 3736 mandamns,
455 3665 617 3740 quatenus
638 3663 789 3725 eumdem
804 3676 916 3739 regem
931 3661 973 3724 ad
1028 3661 1294 3740 archiepiscope,
1309 3662 1470 3739 praelatis,
1492 3678 1555 3726 noo
1572 3663 1725 3726 ecclesiis
1740 3663 1823 3735 obse

178 3752 406 3838 recipiendum
421 3761 530 3838 ipsum
543 3760 577 3820 in
593 3759 710 3836 gratias
726 3773 795 3821 suae
808 3759 974 3838 sinupre-
1028 3758 1125 3823 diunt
1150 3761 1355 3832 Latinorum,
1383 3759 1459 3832 sed,
1488 3761 1645 3836 tanquam
1671 3751 1824 3838 acephali

180 3857 274 3919 'cibus
307 3857 341 3920 et
372 3857 506 3920 monitis
537 3855 715 3918 inducatIs.
744 3857 868 3918 Verum
897 3855 974 3934 qula
1029 3857 1220 3932 evagantes,
1241 3857 1311 3917 suis
1332 3857 1430 3918 sectis
1446 3856 1592 3932 antiquis
1605 3859 1639 3918 et
1654 3857 1824 3918 erroribus

180 3949 329 4016 enormia
351 3955 547 4030 gravamina
571 3953 635 4030 ipsi
651 3951 829 4030 praeposito
841 3952 877 4013 in
891 3963 975 4014 nos·
1029 3952 1228 4014 innituntur.
1246 3951 1350 4025 Unde,
1367 3951 1525 4028 praefatus
1540 3952 1821 4030 archiepiscopus,

178 4049 268 4111 trum
282 4050 314 4111 st
329 4049 527 4126 Apostolicae
541 4046 636 4110 Sedis
651 4045 865 4124 opprobrium
879 4047 972 4110 irro—
1031 4065 1090 4128 pro
1104 4065 1141 4110 ss
1155 4064 1195 4111 ac
1209 4049 1356 4127 praelatis
1368 4047 1504 4122 eisdem,
1517 4047 1690 4113 humiliter
1703 4051 1822 4128 postu·

180 4145 329 4234 gata-*sic
342 4147 496 4207 nolumus
512 4145 658 4207 transire
671 4143 788 4218 inulta,
803 4145 838 4204 in
854 4145 975 4208 virtute
1029 4147 1135 4208 levita
1145 4144 1285 4208 nobisut
1295 4147 1426 4226 aperire
1437 4161 1539 4224 super
1549 4147 1821 4224 hocnpostolioae

180 4233 275 4306 robis
288 4240 484 4304 obedientiae
500 4241 648 4304 districte
666 4242 883 4318 injungimus,
896 4256 975 4321 qua·
1030 4240 1335 4320 circumspectionis
1357 4243 1512 4306 intuitum
1530 4245 1564 4306 et
1579 4243 1753 4320 providere
1767 4260 1824 4306 sa-

180 4342 277 4403 tenus
300 4353 367 4401 non
391 4337 577 4402 deferentes
599 4338 701 4400 alicui
725 4341 841 4400 conoe
858 4342 973 4411 Deum,
1030 4339 1169 4402 lubriter
1190 4338 1414 4415 dignaremur.
1432 4339 1604 4413 Quocirca,
1624 4335 1825 4403 fraternitati

182 4432 358 4516 inquiratis
370 4435 522 4514 diligenti
538 4436 571 4498 et
586 4435 736 4496 studiosa
751 4423 988 4498 sollicitudine·
1030 4437 1149 4500 vestrae
1178 4452 1237 4514 per
1257 4437 1446 4513 npostelicu
1479 4437 1603 4515 scripta
1628 4437 1825 4500 mandamus

180 4532 366 4606 veritatem,
389 4541 530 4612 quorum
551 4531 666 4594 farore
686 4529 740 4593 vel
761 4533 880 4609 quibus
895 4546 976 4611 pro·
1030 4534 1825 4612 quatenusSusianosdacobiooa,etNestorinos

182 4631 375 4694 curantibus
391 4627 551 4708 spoliatus
571 4627 672 4690 fuerit
689 4629 885 4706 praepositus
900 4643 975 4691 me·
1030 4632 1064 4695 at
1084 4632 1168 4694 alios
1189 4631 1396 4710 supradictos
1420 4632 1462 4694 ad
1478 4632 1699 4695 obedientiam
1715 4633 1748 4696 et
1765 4648 1823 4694 ra-

182 4731 340 4802 moratus,
363 4729 460 4806 quive
479 4725 615 4799 fuerint,
634 4727 691 4804 qui
714 4725 801 4788 bona
828 4727 976 4804 ejusdem
1030 4727 1216 4793 verentium
1243 4728 1496 4808 archiepiscopo
1519 4729 1585 4806 ipsi
1608 4731 1642 4792 et
1660 4730 1826 4806 suffraga-

182 4825 355 4906 praepositi
367 4817 975 4896 abstuleruntstretinuerintablata:
1031 4827 1104 4890 nais
1124 4830 1208 4903 ejus,
1225 4826 1324 4902 prout
1346 4825 1424 4887 sunt
1447 4827 1478 4888 et
1502 4825 1636 4888 fuerunt
1654 4827 1690 4887 in
1708 4841 1825 4888 eorum

183 4922 315 5002 siquod
329 4921 537 4994 inveneritis,
552 4921 744 4996 subsigillis
756 4920 876 4983 nestris
888 4919 977 4983 infra
1031 4911 1240 4996 dioecesibus,
1255 4921 1519 4999 impendendam,
1537 4920 1718 4985 monitione
1737 4935 1826 5001 prae-

184 5021 267 5084 duos
282 5029 412 5082 menses
431 5021 505 5097 post
525 5019 748 5096 receptionem
762 5019 977 5096 praesentium
1032 5022 1145 5094 missa,
1162 5031 1223 5099 per
1237 5035 1409 5081 censuram
1421 5007 1692 5094 ecclesiasticam,
1709 5019 1826 5098 appel-

183 5117 280 5180 nobis
295 5117 439 5180 fideliter
452 5116 623 5188 intimetis,
636 5117 672 5177 ut
693 5128 752 5193 per
763 5117 907 5178 vestram
922 5130 979 5178 re-
1032 5113 1156 5180 latione
1170 5115 1308 5189 remota,
1326 5115 1471 5193 cogatis,⁶
1488 5113 1749 5180 contradictores
1764 5123 1827 5197 per

183 5215 343 5278 lationem
366 5213 522 5276 instructi
540 5227 640 5290 super
659 5212 722 5284 his,
742 5215 840 5290 prout
853 5227 976 5275 secun·
1032 5231 1207 5281 censuram
1221 5214 1380 5286 eamdem,
1394 5207 1618 5290 appellatione
1628 5215 1820 5294 postposita,

183 5310 738 5388 dumDeumexpedireviderimus,
748 5307 975 5388 procedamus.
1032 5310 1281 5390 compescendo.
1297 5311 1388 5384 Quod
1404 5311 1433 5371 si
1446 5323 1513 5373 non
1528 5327 1642 5374 omnes
1662 5311 1716 5374 his
1728 5327 1827 5376 exse-

182 5409 339 5486 Alioquin
364 5408 524 5471 noveritis
548 5421 610 5469 nos
636 5407 769 5469 dedisse
792 5405 978 5468 venerabili
1033 5409 1171 5487 quandia
1182 5407 1355 5486 potueritis
1368 5409 1541 5478 interesse,
1553 5409 1618 5471 duo
1628 5411 1773 5472 vestrum
1785 5425 1825 5474 ea

184 5505 280 5570 fratri
290 5509 440 5569 nostro...
453 5506 609 5584 episcopo
619 5503 785 5581 ngriensi,
803 5505 836 5566 et
848 5503 979 5566 dilectis
1032 5506 1249 5568 nihilominus
1263 5507 1500 5582 exsequantur,
1515 5506 1733 5569 nonobstante
1750 5523 1827 5569 con·

185 5603 264 5666 tlllls
266 5647 326 5666 .....
350 5603 391 5668 ds
413 5606 516 5682 Cyrea
539 5603 610 5665 et...
633 5602 673 5664 de
697 5600 786 5663 Pelis
805 5599 979 5665 abbatibus
1034 5602 1205 5666 stitutione
1222 5594 1360 5665 concilii
1373 5601 1540 5679 generalis
1554 5609 1617 5681 qua
1633 5605 1825 5667 caveturhe

174 1113 321 1174 indicibus
342 1113 508 1185 mandatur,
528 1123 559 1174 ut
580 1117 612 1175 G.
629 1116 657 1172 in
674 1117 900 1190 preposituram,
912 1113 971 1190 'qua

208 1203 970 1306 spoliatosluerat,iecissent-regiquecommendent.

1050 2054 1096 2131 [b'c
1111 2067 1164 2120 llas
1173 2051 1267 2128 ¹letrls,
1278 2065 1389 2120 Histoire
1401 2067 1433 2119 de
1449 2067 1501 2120 l'llc
1512 2064 1543 2120 de
1553 2069 1662 2135 Ghypre,
1674 2069 1717 2129 ΙΙΙ,
1728 2066 1775 2120 old
1787 2070 1798 2135 J
