4222 6374
307 289 366 352 163
925 287 1101 350 HONORII
1123 287 1168 350 111
1189 287 1339 352 orbus.
1457 293 1462 296 ’
1893 284 1951 348 ior

343 447 551 524 lieligiosam
579 447 679 512 vitam
706 445 908 525 eligentibus
930 446 1101 524 Apostoli·
1156 445 1309 518 inierius‚
1340 443 1500 522 praedium
1528 444 1563 505 in
1591 442 1720 510 seiani,
1739 440 1900 520 praedium
1914 441 1951 504 in

307 560 383 607 cum
412 544 567 606 convenit
593 544 711 606 adesse
734 544 938 623 praesidium,
961 559 1003 604 ne
1018 543 1102 606 torte
1156 543 1351 619 Silvaplana
1366 556 1442 604 cum
1464 539 1601 602 decimis
1618 561 1626 600 ε
1643 539 1804 616 praedium
1819 538 1854 598 in
1867 539 1951 600 Flu-

308 641 486 719 cujuslibet
509 642 706 704 temeritatis
734 643 900 714 incursus,
917 642 975 703 aut
999 655 1056 702 eos
1083 655 1102 700 a
1157 655 1282 726 menes,
1299 638 1460 714 praedium
1480 638 1515 698 in
1538 637 1717 708 Sevellum,
1738 636 1951 713 prediorum

307 739 476 818 proposito
504 741 648 812 revocet,
674 741 733 801 aut
759 739 871 812 robur,
896 737 981 816 quod
1003 737 1101 808 absit,
1158 736 1328 812 Gisingem
1345 733 1507 812 praedium
1520 735 1555 794 in
1573 734 1708 806 studea,
1732 732 1895 810 praedium
1915 732 1952 796 in

307 850 412 898 sacrae
423 835 598 911 religionis
621 835 792 913 infringat.
809 836 979 914 Eaproter,
990 834 1102 896 dilecti
1157 833 1320 906 animis,
1335 833 1496 911 praedium
1511 832 1547 892 in
1563 831 1726 902 satanica,
1743 830 1903 906 praedium
1915 830 1953 890 in

306 933 342 996 in
357 933 497 994 Domino
513 932 584 1006 iiiii,
608 935 730 996 vestris
744 935 846 1011 justis
868 931 1104 1010 postulationi·
1157 931 1351 1003 Nizzuders,
1369 930 1528 1007 praedium
1543 930 1579 990 in
1596 931 1708 1000 Lutra,
1733 927 1894 1004 praedium
1915 927 1953 988 in

307 1026 369 1090 bus
376 1029 779 1094 clementerannuimuset
786 1031 962 1092 ecclesiam
973 1029 1103 1090 Sanctae
1157 1029 1328 1106 Mospacb,
1344 1028 1506 1105 praedium
1515 1028 1549 1087 in
1560 1027 1774 1102 Bcgelingen,
1791 1024 1953 1101 predium

306 1126 423 1190 Mariae
446 1126 487 1189 de
510 1127 717 1201 Gurewalde,
747 1129 783 1189 in
804 1141 870 1204 qua
884 1125 1000 1188 divlim
1022 1125 1103 1186 estis
1158 1127 1193 1186 in
1218 1125 1380 1196 Rotebke,
1406 1124 1612 1202 praediumin
1627 1122 1841 1192 Viscebrane‚
1865 1136 1954 1198 prae·

307 1221 1103 1300 obsequiomancipati,snbbeatiPetrietnostra
1158 1221 1953 1299 uiumincasanasee,praediuminbeuure,prae-

307 1320 511 1397 proiectione
527 1321 740 1397 suscipimus,
754 1320 787 1382 et
798 1320 972 1396 praesentis
988 1319 1104 1396 scripti
1158 1321 1249 1382 dium
1264 1322 1299 1382 in
1309 1319 1525 1392 nurenzoles,
1538 1319 1699 1396 praedium
1709 1317 1744 1378 in
1755 1319 1947 1394 Gampasce,

307 1416 482 1492 privilegio
493 1417 745 1489 communimus,
758 1417 921 1494 inprimis
941 1416 1103 1494 siquidem
1158 1419 1319 1495 praedium
1339 1418 1375 1478 in
1402 1419 1530 1488 Postes,
1552 1415 1714 1495 praedium
1740 1415 1775 1476 in
1801 1414 1951 1487 Stratum,

308 1514 491 1576 statuentes
502 1514 539 1575 ut
550 1514 630 1575 ordo
644 1515 838 1585 canonicus,
849 1514 908 1590 qui
923 1513 1103 1574 secundum
1159 1515 1320 1592 praedium
1335 1515 1370 1576 in
1385 1514 1601 1584 Valzelaires,
1616 1512 1777 1590 praedium
1792 1511 1827 1572 in
1843 1511 1955 1574 Scire·

308 1612 413 1672 Deum
433 1611 466 1671 et
475 1610 565 1672 beati
574 1611 750 1687 Augustini
765 1611 915 1688 regulam
928 1611 1026 1688 atque
1034 1611 1106 1670 ins·
1159 1627 1269 1684 cenes,
1297 1612 1457 1688 praedium
1483 1611 1525 1672 ad
1551 1609 1727 1681 Naledars,
1744 1608 1904 1686 praedium
1917 1608 1954 1668 in

309 1705 497 1769 titutionem
519 1707 890 1770 Praemonstratensium
907 1707 1047 1769 fratrum
1069 1705 1104 1768 in
1159 1708 1362 1779 bummines,
1388 1723 1463 1769 cum
1481 1707 1597 1785 pratis,
1619 1707 1738 1778 uineis,
1755 1706 1867 1778 terris,
1885 1720 1950 1766 ne-

307 1803 423 1866 eodem
438 1805 511 1866 loco
524 1803 693 1867 institutus
708 1819 782 1867 esse
796 1805 1013 1882 dignoscitur,
1027 1819 1106 1881 per·
1159 1805 1321 1878 moribus,
1337 1806 1500 1882 usuagiis,
1523 1806 1557 1867 et
1578 1804 1722 1882 pascuis,
1742 1801 1904 1874 inbosco,
1920 1802 1955 1864 et

306 1900 415 1978 petuis
429 1900 552 1962 ibidem
566 1901 772 1979 temporibus
784 1902 1026 1964 inviolabiliter
1045 1900 1106 1964 cb-
1160 1902 1272 1980 plano,
1295 1905 1331 1966 in
1352 1903 1448 1980 apriis
1473 1903 1507 1964 et
1532 1900 1749 1972 molendinis,
1773 1900 1808 1962 in
1831 1899 1897 1962 ulls
1922 1898 1955 1960 et

307 1998 470 2088 servetur.
507 1999 675 2060 Praeterea
706 2013 933 2076 quascumque
970 2013 1107 2076 posses-
1160 2001 1305 2073 semitis,
1333 2003 1365 2063 et
1391 2000 1545 2063 omnibus
1576 2000 1653 2062 aliis
1684 1997 1894 2060 libertatibus
1921 1996 1956 2060 et

309 2093 434 2167 siones,
459 2111 675 2172 quaecnmque
703 2095 790 2158 bona
819 2095 935 2159 eadem
963 2095 1105 2156 ecclesia
1160 2097 1424 2160 immunitatibus
1439 2098 1521 2158 suis.
1540 2096 1807 2158 Sauenoralium
1823 2095 1954 2157 vestro-

293 2273 294 2277 Ἰ
308 2192 610 2268 inpraesentiarum
621 2193 711 2270 juste
726 2196 759 2256 et
773 2193 933 2254 canonice
946 2193 1102 2271 possidet,
1159 2210 1244 2266 rum,
1262 2210 1335 2272 quaa
1350 2194 1495 2271 propriis
1518 2193 1671 2254 manibus
1688 2193 1741 2254 vel
1769 2190 1955 2268 sumptibus

309 2290 368 2352 aut
405 2288 441 2349 ln
468 2288 616 2351 futurum
652 2290 866 2352 concessione
899 2287 1102 2368 pontificum,
1161 2292 1280 2364 colitis,
1298 2291 1368 2352 sive
1381 2293 1421 2354 de
1434 2293 1620 2357 vestrorum
1631 2289 1826 2351 animalium
1845 2287 1955 2349 nutri-

309 2385 489 2463 largitione
501 2401 617 2462 regum
638 2387 692 2450 uel
714 2387 914 2464 principum,
938 2385 1106 2450 oblatione
1160 2390 1290 2460 mentis,
1307 2389 1418 2450 nullus
1432 2405 1451 2450 a
1466 2387 1560 2449 robis
1580 2387 1727 2449 decimas
1749 2387 1885 2461 exigere
1901 2384 1956 2446 vel

310 2483 471 2555 fidelium,
495 2499 555 2544 seu
569 2483 646 2544 aliis
657 2483 758 2560 justis
782 2484 899 2556 modIs,
926 2483 1104 2560 praestante
1160 2487 1358 2563 extorquere
1379 2486 1569 2562 praesumat.
1598 2483 1712 2546 Liceat
1740 2497 1870 2560 quoque
1889 2498 1954 2544 no-

309 2579 1106 2657 Domino‚poteritadipisciiirmauoblsvestris-
1159 2582 1211 2644 bis
1231 2583 1370 2644 clericos
1389 2583 1442 2644 vel
1468 2582 1584 2652 laicos,
1613 2580 1738 2641 liberos
1763 2579 1796 2640 et
1819 2579 1956 2640 absolu·
2008 2569 2019 2581 '

310 2693 374 2756 que
399 2677 647 2740 successoribus
663 2678 696 2740 et
720 2677 850 2739 illibata
874 2677 1102 2755 permaneant.
1159 2682 1254 2741 tosa
1284 2680 1406 2742 saeculo
1436 2661 1601 2754 fugientes
1632 2676 1673 2738 ad
1703 2676 1955 2738 conversionem

308 2774 346 2836 In
359 2773 478 2851 quibus
491 2773 1105 2852 baacpropriisduximusexprimenda
1160 2777 1321 2854 recipere,
1343 2777 1376 2839 et
1389 2791 1446 2838 eos
1472 2775 1597 2852 absque
1611 2773 1873 2835 contradictione
1891 2770 1955 2832 ali-

308 2869 493 2932 rocabulis.
523 2871 647 2932 Locum
672 2871 782 2949 ipsum
808 2871 845 2932 in
874 2888 938 2949 quo
966 2871 1105 2948 praelata
1160 2889 1226 2949 qua
1247 2873 1404 2934 retinere.
1430 2871 1649 2935 Prohibemus
1669 2870 1807 2946 insuper
1821 2867 1957 2930 utnulli

311 2965 453 3030 ecclesia
475 2967 538 3030 sita
554 2968 604 3028 esi
625 2983 700 3028 cum
725 2967 878 3030 omnibus
895 2967 1105 3044 pertinentiis
1161 2971 1300 3031 iratrum
1326 2971 1512 3032 uestrorum
1541 2969 1615 3044 post
1647 2967 1768 3028 iactam
1790 2966 1824 3026 in
1841 2963 1954 3027 eccle-

312 3064 400 3138 suis;
428 3064 538 3124 curtes
550 3063 648 3140 Juxta
672 3065 854 3126 claustrum
879 3081 954 3126 cum
968 3065 1105 3126 decimis
1162 3067 1212 3128 sia
1227 3068 1340 3128 vestm
1364 3066 1604 3144 professionem
1632 3064 1682 3125 fas
1706 3065 1759 3135 sit,
1782 3063 1957 3138 sineprae-

310 3162 344 3222 et
361 3159 438 3221 aliis
465 3159 675 3236 pertinentiis
702 3161 787 3236 suis;
814 3161 976 3238 capellam
993 3163 1105 3224 Sancti
1161 3164 1260 3240 positi
1286 3164 1339 3225 sui
1364 3164 1500 3224 licentia
1523 3161 1589 3222 uisi
1608 3159 1763 3222 arctioris
1781 3159 1956 3235 religionis

312 3255 405 3318 Petri
420 3254 454 3317 in
470 3257 650 3333 Partipane
665 3271 739 3318 cum
751 3257 889 3318 decimis
900 3261 932 3320 et
944 3259 1021 3320 aliis
1029 3275 1106 3336 per·
1161 3261 1296 3322 obtentu
1328 3261 1369 3322 de
1388 3260 1504 3322 eodem
1534 3258 1608 3320 loco
1632 3255 1813 3318 discedere.
1841 3257 1957 3317 Disce-

310 3351 555 3428 tinentiissuis;
571 3353 751 3415 incivitate
764 3356 917 3417 curiensi
929 3357 1122 3432 grangiam
1161 3358 1292 3420 dentem
1316 3373 1395 3420 uero
1417 3357 1541 3433 absque
1574 3353 1798 3416 communium
1826 3353 1957 3414 littera-

310 3464 385 3512 cum
408 3449 547 3526 capella,
564 3451 776 3523 molendinis,
797 3451 916 3524 uineis,
940 3451 1106 3514 casalibus
1160 3471 1234 3516 rum
1264 3455 1450 3520 uestrarum
1485 3453 1655 3523 cautione,
1692 3449 1804 3510 nullus
1830 3449 1955 3510 audeat

309 3548 343 3608 et
365 3545 441 3608 aliis
463 3546 676 3624 pertinentiis
694 3548 780 3620 suis;
801 3548 978 3610 ecclesiam
993 3550 1106 3616 Sancti
1160 3558 1316 3620 retinere.
1337 3553 1417 3613 dum
1439 3553 1550 3612 autem
1570 3547 1726 3624 generale
1741 3547 1955 3609 interdictum

307 3643 425 3708 Jacobi
447 3641 482 3704 iu
503 3644 712 3706 Bretenliore
732 3661 807 3706 cum
822 3645 959 3708 decimis
976 3647 1008 3710 et
1030 3647 1106 3710 allis
1161 3655 1259 3716 terrae
1284 3651 1394 3718 luerit,
1419 3649 1519 3709 liceat
1549 3646 1644 3708 vobis
1678 3645 1801 3706 clausis
1826 3644 1955 3722 januis,

309 3739 520 3818 pertinentiis
547 3741 628 3814 suls,
655 3743 817 3818 capellam
837 3743 873 3804 in
890 3744 1047 3821 Laizzins3
1064 3744 1106 3806 ad
1162 3750 1308 3812 exclusis
1320 3744 1617 3810 excommunicatis
1633 3744 1665 3805 et
1675 3742 1873 3813 interdictis,
1886 3755 1953 3802 non

309 3835 438 3900 Balzols
451 3837 578 3899 curtem
589 3855 664 3899 cum
677 3840 804 3916 capella
815 3839 931 3902 stallis
940 3843 1108 3918 pertinen·
1161 3848 1301 3925 pulsatis
1324 3843 1506 3920 campanis,
1531 3855 1710 3918 suppressa
1733 3855 1815 3902 voce
1841 3839 1956 3900 divina

307 3933 1108 4014 tiissuis3adveltcbilecbengrangiamcumca·
1161 3945 1272 4008 oillcla
1312 3941 1491 4006 celebrare.
1530 3939 1682 4000 Gbrisma
1718 3953 1807 4008 vero,
1847 3936 1957 3998 oleum

310 4031 409 4109 pella,
434 4031 651 4105 molendinis,
679 4033 810 4106 vineis,
839 4035 872 4096 et
895 4036 1107 4112 pertinentiis
1161 4041 1322 4113 sanctum,
1346 4037 1613 4100 consecrationes
1640 4035 1797 4097 altarium
1818 4047 1876 4094 seu
1896 4033 1959 4096 ba-

310 4129 398 4204 suis;
415 4127 456 4188 ad
473 4128 583 4190 Sevelt
603 4130 764 4204 praedium
783 4145 857 4192 cum
881 4132 1022 4194 ecclesia
1040 4149 1105 4209 pa·
1161 4138 1343 4208 silicarum,
1360 4133 1590 4198 ordinationes
1614 4133 1813 4194 clericorum
1836 4129 1892 4207 qui
1914 4129 1956 4190 ad

308 4224 453 4286 l⁰0hi⁸li
478 4225 512 4286 θῒ
537 4226 747 4302 pertinentiis
778 4229 864 4302 suis;
890 4229 931 4289 dd
959 4231 1105 4307 Luppins
1160 4229 1822 4308 sacrosordinesiuerintpromovendia
1840 4227 1958 4288 dioece-

309 4322 483 4398 grangiam
499 4338 573 4383 cum
584 4323 692 4384 uineis
706 4324 959 4401 etpertineutiis
970 4327 1050 4388 suis.
1068 4329 1104 4389 ln
1160 4349 1242 4396 sano
1258 4331 1447 4409 suscipietis
1462 4331 1629 4407 episcopo,
1656 4327 1820 4404 siquidem
1841 4324 1958 4387 catho-

308 4421 437 4482 Stezzes
461 4419 569 4496 alpem
587 4435 697 4493 unam,
728 4437 830 4497 supra
857 4422 1039 4486 claustrum
1054 4425 1106 4486 al·
1160 4431 1244 4493 licus
1268 4430 1368 4492 luerit
1401 4430 1434 4491 et
1458 4427 1600 4503 gratiam
1632 4426 1665 4486 et
1691 4422 1957 4485 communionem

308 4531 383 4594 pam
399 4531 510 4588 unam,
534 4516 570 4578 in
593 4517 674 4578 uisa
687 4519 796 4595 aipam
809 4535 920 4593 unam,
939 4519 973 4581 in
993 4523 1106 4585 nave
1160 4529 1550 4590 saarosaaataenomanae
1566 4521 1660 4583 senia
1679 4519 1846 4592 ianuarii,
1864 4522 1897 4580 at
1915 4533 1957 4581 aa

307 4614 385 4674 nale
399 4614 506 4690 alpem
521 4617 632 4686 unam,
650 4615 684 4675 in
708 4615 908 4692 Servispaue
924 4615 1104 4698 dimidiam
1158 4625 1252 4688 vobis
1278 4623 1423 4687 voluerit
1450 4621 1522 4681 sine
1544 4615 1709 4695 pravitate
1723 4615 1836 4692 aliqua
1851 4616 1955 4676 exbi-

308 4710 436 4789 Palteffl
453 4711 555 4788 alliis,
577 4727 652 4773 cum
678 4713 794 4788 pratis.
820 4713 964 4790 pascuis,
988 4715 1102 4793 sylvis,
1158 4724 1247 4785 bere.
1275 4719 1431 4798 Alioquin
1458 4718 1558 4778 liceat
1590 4713 1685 4777 vobis
1709 4727 1952 4791 quemcumque

308 4811 342 4872 aa
376 4808 455 4872 aliis
488 4808 699 4886 pertinentiis
735 4811 823 4884 suis;
866 4812 1027 4888 uranium
1068 4815 1104 4876 ia
1158 4819 1344 4883 malueritis
1378 4813 1578 4878 catnouauin
1620 4810 1715 4874 aina
1750 4809 1951 4883 antistitem,

306 4906 490 4979 Βῖἰθῡῑθῐθ,
521 4907 683 4984 praedium
711 4907 747 4968 in
772 4909 909 4971 Wazzes
935 4911 1101 4987 superius,
1158 4918 1300 4996 gratiam
1317 4915 1349 4977 et
1364 4912 1629 4974 communionem
1645 4907 1955 4988 apostolicaesedis

305 5005 468 5079 praedium
483 5004 516 5064 in
534 5003 694 5078 Salezzes,
712 5006 874 5082 praedium
891 5007 925 5068 in
938 5009 1104 5070 Bavarin-
1158 5014 1345 5084 habentem,
1361 5011 1418 5088 qui
1434 5012 1548 5072 nostra
1561 5009 1667 5071 iratus
1681 5004 1881 5068 auctoritate
1896 5019 1956 5064 vo-

306 5115 382 5176 gen,
400 5101 562 5177 praedium
577 5102 613 5162 ³11
633 5103 778 5176 Melani,
795 5104 957 5182 praedium
971 5107 1014 5167 ad
1027 5106 1105 5168 Clu·
1157 5112 1208 5174 bis
1225 5110 1311 5189 quod
1327 5109 1513 5188 postulatur
1534 5105 1714 5183 impendat.
1731 5101 1952 5166 Prohibemus

306 5219 390 5277 sam,
406 5203 570 5283 praedium
593 5207 636 5268 ad
659 5207 842 5285 Unibliges,
871 5209 1032 5287 praedinm
1061 5213 1103 5274 ad
1158 5213 1295 5286 insuper
1328 5210 1366 5270 ut
1393 5206 1481 5268 inira
1518 5205 1602 5265 lines
1632 5200 1803 5280 parochiae
1835 5198 1956 5259 vestrae

208 5316 211 5326 ¹
305 5300 499 5371 Wotirates,
529 5303 691 5379 praedium
712 5306 754 5367 ad
779 5307 915 5381 Veders,
941 5309 1103 5385 praedium
1158 5307 1269 5368 nullus
1298 5307 1370 5368 sine
1394 5319 1533 5366 assensu
1557 5297 1738 5362 dioecesani
1760 5293 1907 5373 episcopi
1922 5295 1956 5356 et

306 5398 348 5462 ad
373 5400 522 5471 Crucem,
551 5400 711 5476 praedium
736 5405 777 5466 nd
805 5407 919 5479 Usces,
940 5405 1103 5483 praedium
1158 5404 1268 5466 vestro
1290 5402 1452 5480 capellam
1484 5415 1543 5460 seu
1578 5395 1761 5460 oratorium
1790 5392 1831 5452 de
1867 5405 1954 5452 novo

306 5497 348 5558 ad
382 5499 568 5570 dracmas,
602 5500 765 5575 praedium
797 5503 839 5564 ad
871 5503 1099 5577 castellasces,
1157 5503 1350 5563 construere
1376 5497 1507 5565 audeat,
1538 5493 1641 5557 saluis
1663 5488 1853 5568 privilegiis
1880 5490 1952 5548 Ro-

304 5593 465 5672 praedium
492 5594 526 5655 in
556 5595 699 5670 Cizzurs,
725 5599 887 5675 praedium
916 5601 952 5662 in
977 5603 1101 5664 Vanzes
1156 5611 1329 5660 manorum
1340 5591 1604 5674 pontificumnd
1617 5588 1689 5651 baec
1699 5601 1806 5650 nouas
1817 5586 1851 5648 ct
1863 5585 1953 5646 inde-
