4258 6394
338 299 394 358 ·'s‘tl
952 291 1130 353 uoxouu
1152 295 1197 354 111
1218 295 1368 356 OPERA.
1892 330 1901 336 -
1923 297 1999 355 53⁵2

337 471 422 526 moa,
445 455 560 515 mona
587 455 653 514 tarn
670 451 760 529 pium
780 449 903 510 iactum
924 453 1050 512 temere
1070 468 1131 512 re-
1184 455 1273 514 saria
1300 455 1533 531 praeberemus.
1558 455 1628 513 Nos
1653 455 1758 529 igitur
1774 455 1863 530 juris
1881 471 1997 532 super

336 555 467 616 aientes
494 567 538 614 ex
565 565 605 612 eo
631 551 761 624 sumpta
779 549 1053 625 occasioneque
1072 565 1131 625 per
1184 551 1247 612 hoc
1262 553 1407 626 rigorem
1427 551 1636 628 providentia
1659 553 1895 628 temperantes,
1910 553 1997 613 dis-

334 667 459 714 annnm
470 649 600 718 debent,
613 649 649 708 ut
659 647 792 716 dicitur,
804 645 1013 722 prebendam
1027 647 1129 706 dece·
1184 650 1325 709 crationi
1337 651 1456 709 restrae
1469 665 1528 725 per
1541 651 1730 725 apostolica
1740 651 1865 726 scripta
1880 667 1993 710 man-

337 749 446 810 dentis
468 745 620 808 carronici
640 746 858 804 carnotenses
877 743 1010 813 trabere,
1027 744 1129 803 dece-
1185 746 1312 816 damus,
1330 751 1492 822 qnatenus
1508 749 1535 805 si
1547 747 1640 806 robis
1654 748 1994 824 constiteritdepraa-

336 847 434 908 dente
446 845 618 912 canonico,
633 843 683 902 rel
699 841 890 918 vicarioqui
905 843 1038 902 tertiam
1049 857 1132 916 pras·
1185 844 1320 914 missis,
1365 845 1517 904 eumdem
1560 845 1751 920 episcopum
1790 845 1993 920 praeficiatis

335 943 451 1005 isendae
466 939 1129 1016 vestraeeorrseqnunturpmrtiouem,non
1185 943 1383 1001 auctoritate
1410 945 1525 1001 nostra
1559 942 1737 1017 L'psalensi
1762 943 1916 1004 ecclesiae
1945 944 1991 1002 in

335 1043 442 1102 mlum
458 1039 606 1100 eamdem
621 1039 763 1106 tertiam,
776 1037 833 1096 sed
858 1039 959 1096 totam
973 1035 1035 1095 sihi
1046 1051 1130 1096 con·
1186 1041 1365 1114 pastorem,
1377 1038 1585 1098 absolventes
1599 1040 1706 1115 ipsum
1721 1056 1741 1100 a
1759 1040 1991 1118 vinculoque

337 1139 477 1200 tendunt
499 1135 689 1212 lmjusrnodi
712 1134 883 1194 vindicare
905 1133 1129 1210 praebendam,
1187 1137 1380 1210 strangensi
1401 1136 1575 1196 tenebatur
1597 1136 1761 1206 ecclesiae,
1783 1138 1990 1197 uanseuudi

335 1235 661 1298 nonmrnsiderantes
672 1235 804 1310 qnantae
820 1233 863 1291 sit
875 1231 1027 1292 avaritiae
1039 1247 1133 1290 men·
1186 1232 1226 1292 ad
1243 1233 1432 1310 praedictam
1446 1234 1622 1294 ecclesiam
1633 1235 1850 1310 upsalensem
1858 1234 1991 1295 mnua-

336 1331 522 1394 dicentibus
540 1331 736 1392 subtrahere
754 1329 963 1390 necessitatis
984 1328 1132 1388 subsidia
1185 1331 1229 1390 tis
1251 1328 1470 1410 {licentiam}
1505 1334 1623 1392 Datum
1648 1333 1816 1402 Laterani,
1840 1335 1884 1392 iv
1905 1331 1989 1392 idus

336 1429 544 1501 mendicatae,
578 1443 640 1490 nec
672 1427 758 1505 quod
795 1427 959 1502 hospitale
985 1427 1131 1486 restrum
1186 1426 1607 1500 februariiannooctaso.

337 1529 452 1590 mortis
477 1527 643 1604 jaderam
663 1541 729 1586 non
754 1526 890 1602 patitur,
911 1524 1130 1585 attendentes.

338 1627 493 1688 volentes
512 1625 623 1702 itaque
644 1623 738 1684 reiis
762 1621 796 1682 in
816 1623 931 1682 eadem
954 1620 1131 1697 praebenda

330 1725 388 1802 jun
404 1725 553 1784 restrum
569 1722 698 1796 integre
713 1719 918 1789 transserram,
934 1718 1133 1778 auctoritate
1513 1670 1654 1756 GKH

335 1819 548 1898 praesentium
572 1817 756 1879 districtius
769 1815 971 1884 inhibemus,
989 1829 1031 1874 ne
1046 1829 1133 1890 prae-
1247 1815 1298 1873 Ad
1309 1816 1467 1888 priorem
1481 1813 1514 1872 et
1528 1814 1735 1874 concentum
1745 1816 1781 1874 S.
1794 1817 1923 1874 Murice

335 1915 392 1977 tati
407 1915 509 1976 atthas
524 1919 557 1978 et
572 1915 753 1976 conventus
769 1929 870 1989 snper
884 1911 1011 1972 duabus
1028 1912 1134 1988 parti-
1375 1913 1410 1970 tn
1425 1911 1538 1970 Portu
1552 1912 1789 1970 meeszenrten.

335 2013 396 2074 irus
431 2012 616 2090 praebendae
653 2011 822 2088 praedictae
863 2010 926 2070 lrao
957 2009 1132 2070 occasione
1434 2041 1468 2097 η
1486 2040 1622 2097 februarii
1642 2043 1721 2098 ,ᾗ

333 2111 480 2188 aliquam
497 2109 591 2170 volsis
612 2109 796 2170 molestiam
817 2107 990 2172 interrant,
1013 2106 1065 2166 rel
1083 2105 1097 2164 i
1115 2135 1134 2150 -

335 2208 436 2268 olunt.
449 2207 538 2268 Nulli
550 2223 641 2282 eruo,
651 2209 726 2278 eto,
735 2206 890 2283 paginam
902 2207 1024 2265 nostre
1042 2203 1133 2263 iniri-

336 2303 471 2366 bitionin
489 2304 684 2380 intringere,
700 2305 763 2364 etc.
790 2303 825 2362 Si
839 2302 913 2378 quis
928 2303 1051 2372 autern,
1067 2303 1129 2360 etc.

376 2403 494 2464 Iratum
521 2401 688 2474 Laterani,
714 2401 811 2462 nonis
842 2399 1013 2471 februarii,
1043 2413 1131 2460 anno

337 2501 467 2562 octavo,
1226 2478 1393 2539 Honorius
1405 2478 1899 2554 episcopusservusservorum
1908 2482 1981 2552 Dei,

1186 2575 1306 2637 dilecto
1322 2575 1390 2636 lilio
1403 2575 1508 2652 priori
1520 2577 1553 2636 et
1568 2577 1746 2636 conventui
1764 2579 1797 2636 S.
1814 2579 1931 2639 Mariae
1946 2579 1984 2638 iu

1187 2675 1289 2734 Portu
1305 2673 1502 2744 Ravennati,
1519 2672 1672 2744 salutem,
1689 2675 1751 2734 etc.

676 2720 794 2806 CXXI
1226 2773 1332 2843 Quum
1344 2771 1431 2832 inter
1445 2787 1504 2832 vos
1520 2785 1563 2831 ex
1573 2773 1742 2848 parteuna
1757 2771 1789 2833 et
1801 2772 1984 2834 venerabi-

337 2875 389 2934 Λα
411 2871 634 2934 lieoedtctom
655 2873 851 2944 episcopum
867 2869 1073 2931 scarensem
1098 2867 1131 2928 et
1187 2867 1251 2930 lem
1265 2867 1401 2930 tratrem
1417 2871 1567 2929 nostrum
1578 2869 1867 2946 archiepiscopum
1882 2873 1914 2932 et
1929 2887 1984 2932 oa·

455 2969 603 3032 Petrum
624 2969 767 3030 eloctum
782 2969 1010 3028 Luredeusem.
1186 2966 1326 3042 pitulum
1342 2967 1715 3038 Ravennateexaltera,
1726 2969 1867 3045 quasue
1880 2984 1984 3045 super

600 3099 634 3156 lo
648 3097 780 3156 smmi
795 3097 873 3156 liii.
1187 3064 1390 3141 subjectione
1412 3063 1563 3125 ecclesiae
1577 3065 1699 3126 vestrae
1713 3065 1832 3128 suisset
1853 3065 1982 3127 diutius

1210 2154 1350 2215 [Faciunt
1363 2155 1520 2205 Ronnmenti
1536 2157 1687 2216 Ravennati,
1701 2157 1733 2214 ll,
1746 2171 1773 2221 p.
1787 2158 1842 2216 itti,
1854 2173 1880 2208 u.
1892 2158 1959 2223 iffi]

1238 2271 1480 2344 Compositionem
1495 2287 1584 2344 super
1602 2273 1779 2345 subjectione
1794 2274 1925 2331 ecclesiae

1380 2361 1492 2417 Sanctae
1508 2361 1604 2418 itariae
1623 2360 1784 2418 confirmat.

419 3223 564 3290 [¹¹¹¹j⁹‘“'⁰¹¹'
580 3221 695 3274 seeum
707 3219 824 3286 ‘'imm''
840 3219 860 3278 ¹'
873 3219 928 3280 '³⁷’
940 3233 966 3269 ¹¹'
980 3219 1048 3284 ἥδ]
1187 3261 1249 3320 hoo
1262 3258 1366 3321 hahiti
1378 3259 1522 3330 luerunt,
1534 3259 1681 3334 legitime
1691 3263 1869 3335 revocatis,
1880 3277 1982 3323 causa

338 3349 484 3410 t'tolnmn
507 3347 711 3418 Sltflnttssssteffl
731 3345 897 3418 elimitum
911 3343 1063 3417 Uiiilfflssl
1081 3357 1130 3402 0⁰·
1186 3355 1349 3418 initianda
1374 3357 1469 3433 quasi
1493 3372 1537 3417 ex
1557 3357 1688 3432 integro
1703 3358 1884 3434 judicetur,
1902 3361 1982 3420 tan-

1186 3163 1310 3238 agitata
1326 3163 1358 3224 et
1369 3161 1563 3238 quibusdam
1577 3161 1798 3238 processibus,
1814 3163 1871 3240 qui
1882 3180 1983 3242 super
2104 3143 2105 3164 ¹

369 3437 464 3496 oleslm
482 3435 652 3510 praticiant,
678 3433 823 3490 solventes
846 3433 974 3506 ipsume
1004 3433 1130 3501 vinculo,
1186 3455 1260 3514 dem
1289 3468 1402 3514 copam
1430 3453 1551 3514 dilecto
1578 3453 1647 3514 fflio
1673 3457 1786 3516 nostro
1821 3459 1865 3527 J„
1893 3456 1982 3518 tituli
2103 3515 2104 3531 χ

369 3541 426 3601 l¹¹⁰
441 3523 609 3600 Slf⁰⁰⁸⁰¹¹⁸¹
619 3521 748 3582 ⁰⁰⁰¹⁰⁸¹oe
761 3529 900 3582 '‘mem'‘
1188 3553 1317 3612 Sanctae
1332 3549 1463 3612 Sabinae
1483 3551 1677 3628 presbytero
1690 3552 1865 3625 cardinali,
1883 3569 1982 3631 quem

372 3647 1132 3728 lionorius,eto.‚episcoposcarensietelecto
1186 3648 1984 3725 dederamusipsiarchiepiscopootC.Ramnes-

337 3751 514 3814 inmdonsi.
1188 3746 1982 3826 traeecolesiaesyndicisauditorem,talis,quum

373 3849 600 3912 intelleximus
614 3845 699 3923 quod
717 3843 1045 3923 Upsalensieoolesia
1070 3843 1132 3903 du·
1187 3845 1286 3906 iidem
1309 3843 1439 3920 syndici
1461 3844 1653 3905 mandatum
1672 3845 1739 3905 tam
1761 3845 1802 3905 ad
1818 3847 1984 3922 agendum

336 3947 413 4010 dum
428 3947 564 4010 viduata
581 3947 724 4023 pastore,
737 3943 846 4006 clerus
863 3941 895 4004 et
906 3942 1047 4019 populus
1063 3943 1132 4018 Up-
1186 3957 1284 4019 quam
1302 3942 1344 4002 ad
1357 3941 1619 4017 componendum
1633 3940 1806 4014 haherent,
1822 3945 1985 4020 composi·

332 4045 484 4118 salensis,
507 4043 665 4122 praedicta
692 4041 836 4102 ecclesia
858 4039 1039 4116 capitulum
1064 4054 1131 4100 non
1185 4040 1232 4101 tio
1253 4039 1471 4101 intervenerit
1487 4037 1573 4116 quod
1589 4038 1745 4100 videlicet
1759 4039 1851 4117 prior
1868 4043 1902 4103 et
1919 4040 1985 4102 ira·

333 4141 485 4214 habente,
495 4137 788 4204 sibivenorabiiem
801 4137 935 4199 tratrem
944 4138 1128 4198 nostrum...
1186 4139 1252 4200 tres
1265 4137 1415 4199 ecclesiae
1431 4137 1626 4198 Portuonsis
1638 4138 1818 4199 teneantur
1831 4137 1985 4215 recipere

333 4241 567 4314 strangensem
581 4237 771 4314 episcopum
788 4233 821 4294 in
837 4235 1035 4296 executione
1052 4248 1132 4309 pon·
1186 4233 1318 4296 ordines
1333 4249 1353 4294 a
1367 4231 1570 4295 Ravennatis
1584 4232 1848 4310 archiepiscopo,
1862 4237 1894 4296 et
1908 4251 1985 4297 con·

331 4336 464 4400 tidoalts
475 4333 587 4406 oltioli,
601 4333 775 4404 ntdioitur,
785 4330 1012 4408 approbatum,
1025 4331 1079 4392 cui
1091 4331 1131 4392 de
1186 4331 1405 4392 secretionem
1418 4331 1647 4402 eeclesiarum,
1658 4333 1692 4392 et
1706 4331 1862 4392 altarium
1875 4333 1910 4392 in
1922 4335 1986 4394 Ra·

331 4428 1131 4506 vitaetmoribnslandabiletestimoniumperiri·
1185 4427 1985 4507 vannetensidioecesipositorum‚oleumquoque

331 4532 484 4606 botunto
501 4527 1131 4606 archiepiscopumunanimiteretcon·
1185 4527 1336 4589 sanctum
1355 4527 1388 4588 et
1409 4525 1475 4586 alia
1500 4525 1727 4588 ecclesiastica
1751 4529 1982 4601 sacramenta,

330 4629 474 4694 corditer
498 4627 718 4706 postularunt.
752 4623 1024 4702 supplicantibus
1049 4638 1130 4700 ergo
1186 4640 1258 4701 quae
1276 4623 1444 4701 abaliquo
1461 4622 1934 4700 essentepiscoporecepturi,
1952 4626 1982 4686 si

332 4729 427 4792 nobis
437 4725 611 4789 carissimo
622 4725 654 4786 in
663 4724 792 4786 Christo
803 4723 871 4784 lilio
881 4725 1030 4784 nostro...
1039 4721 1132 4782 illus·
1185 4725 1296 4784 mmen
1307 4722 1378 4798 ipse
1391 4719 1662 4797 archiepiscopus
1672 4719 1855 4782 catholicus
1868 4720 1977 4794 luerit,

331 4827 373 4892 tri
385 4841 464 4904 roge
481 4824 620 4896 sueciae,
635 4824 669 4884 et
681 4821 848 4884 universis
862 4820 1009 4899 ejusdem
1023 4819 1132 4880 ecole-
1186 4821 1266 4881 etea
1281 4819 1385 4895 gratis
1401 4818 1434 4879 et
1448 4817 1572 4894 absque
1588 4817 1657 4878 ulla
1681 4819 1847 4894 pravitate
1864 4820 1982 4882 volue-

332 4919 890 5002 slmsuffraganeis,acoleroetiam
900 4917 1128 4994 Upsalensiut,
1185 4917 1230 4980 rit
1244 4917 1414 4988 exhibere,
1432 4915 1580 4992 alioquin
1602 4915 1787 4991 recipiendi
1802 4931 1842 4977 ea
1865 4932 1884 4977 a
1900 4933 1985 4994 quo-

335 5039 434 5104 qnnm
446 5019 639 5100 lipselensis
649 5015 841 5094 metropolis
851 5013 1132 5092 propterindomi·
1187 5031 1325 5092 cumque
1352 5013 1532 5076 maluerint
1556 5012 1720 5074 catholico
1750 5013 1905 5091 episcopo
1923 5015 1986 5076 ha-

334 5125 375 5184 tm
392 5118 603 5182 consistentis
615 5117 650 5177 in
662 5129 701 5176 ea
717 5113 824 5190 gentis
837 5111 1040 5183 induritiam,
1054 5110 1130 5172 talis
1186 5113 1287 5174 beant
1313 5111 1520 5189 potestatem.
1545 5111 1733 5172 Decedente
1759 5125 1839 5173 vero
1872 5113 1985 5189 priore
2098 5107 2099 5112 ’

332 5217 556 5282 sollicitudine
568 5211 712 5290 pastoris
723 5210 881 5286 indigeat.
892 5209 1072 5286 qrrivinum
1085 5209 1132 5268 in·
1187 5211 1292 5289 ipsius
1307 5209 1469 5280 ecclesiae,
1484 5209 1537 5270 vel
1558 5225 1656 5286 quum
1673 5209 1759 5272 alias
1771 5223 1846 5270 eam
1863 5225 1985 5272 vacare

332 5311 498 5380 inrnlondo
509 5313 545 5374 'ot
555 5311 665 5372 oleum
674 5307 798 5370 mederi
812 5308 943 5368 noverit
958 5307 1128 5378 sauciatis,
1187 5309 1372 5384 contigerit,
1387 5306 1568 5384 capitulum
1593 5305 1655 5366 sibi
1676 5307 1820 5382 priorem
1844 5307 1983 5382 eligant,

332 5412 474 5492 aliquod
496 5409 578 5471 sutis
600 5407 756 5468 idoneum
784 5405 978 5484 praedictum
1001 5404 1133 5482 episoo-
1187 5419 1282 5481 quern
1299 5402 1480 5464 secundum
1495 5403 1609 5472 Deum,
1631 5401 1665 5461 et
1682 5401 1864 5462 canonicas
1876 5403 1909 5463 et
1923 5417 1984 5463 re-

331 5527 408 5590 pnm
437 5508 652 5576 asseverant,
691 5503 906 5581 postulationi
942 5501 1131 5580 hujusmodi
1186 5501 1321 5576 gnlares
1336 5497 1723 5560 observantiasviderint
1737 5497 1939 5574 eligendum,
1954 5501 1987 5562 et

331 5623 507 5672 assensum
523 5603 720 5668 benevolum
734 5617 776 5664 ex
800 5617 900 5664 caiisa
924 5603 990 5664 tarn
1011 5615 1130 5662 neces·
1186 5599 1329 5660 electum
1347 5595 1848 5674 representantaroniepisoopo
1862 5598 1988 5659 confir-
