4222 6374
229 371 231 380 ,
292 307 349 368 lat
912 299 1087 366 uenatu]
1111 302 1155 364 ill
1176 303 1326 364 OPERA.
1862 299 1934 366 2132

291 464 440 530 crederet
465 465 664 537 evocandos,
686 461 929 528 communicato
952 476 1083 542 quoque
1178 461 1396 524 sacrosancta
1412 464 1562 524 Romana
1582 455 1731 524 Ecclesia
1752 455 1888 524 derotm
1903 457 1937 524 et

288 564 422 626 illorum
437 564 471 626 et
491 558 854 639 aliorumprudeutum
876 562 1027 632 consilio,
1053 561 1083 620 si
1138 555 1280 620 humiles
1305 560 1392 621 illios
1418 573 1462 620 ea
1487 561 1645 622 consueto
1671 561 1805 638 pletatis
1825 557 1935 621 oitlcio

289 661 457 722 constaret
470 661 588 732 eidem,
603 659 799 735 computatis
819 659 981 720 canonice
999 665 1083 734 gra·
1138 651 1338 734 propensius
1364 658 1503 734 diligere
1526 658 1709 726 consuerit,
1735 659 1768 720 et
1793 673 1835 718 ne
1857 673 1937 734 pra-

288 757 385 819 dibus
398 759 431 819 et
444 757 619 828 distinctis,
630 757 716 832 quod
725 756 876 833 praedicti
886 757 938 818 vir
951 756 1085 818 etuxor
1138 769 1254 816 vorum
1281 755 1452 816 hominum
1480 756 1643 816 molestiis
1670 755 1847 830 agitentur,
1877 769 1935 816 eos

287 855 323 916 in
338 855 444 932 gradu
458 853 521 916 sibl
531 853 696 930 prohibito
707 854 896 925 attinerent,
910 867 1009 930 super
1020 853 1083 913 hee
1114 887 1115 892 κ
1138 853 1295 926 tanquam
1310 853 1365 928 pia
1381 853 1487 912 mater
1510 867 1579 912 suae
1595 852 1813 928 protectionis
1825 852 1937 911 muni-

287 951 422 1024 laceret
439 951 537 1028 prout
554 950 735 1011 secuudum
751 954 854 1012 Deum
879 950 1085 1027 prospiceret
1137 948 1226 1008 mine
1242 947 1429 1009 contovere.
1455 951 1498 1008 Ea
1519 949 1665 1026 propter,
1690 949 1803 1010 dilecti
1815 950 1850 1008 in
1866 952 1936 1010 Do-

287 1048 454 1126 expedire.
474 1049 560 1108 Sane
572 1063 673 1124 quum
688 1047 883 1124 procurator
896 1045 1002 1123 ipsius
1016 1061 1082 1106 no·
1138 1045 1228 1105 mino
1250 1045 1322 1117 filii,
1339 1045 1460 1107 restris
1476 1046 1577 1122 justis
1591 1045 1747 1122 precihus
1769 1045 1934 1113 inclinati,

288 1141 868 1222 hilis,cumohtentisanohissuper
883 1143 1083 1205 hoclittsris
1137 1156 1297 1218 personas
1312 1144 1440 1204 vestras
1464 1144 1497 1204 et
1523 1141 1644 1214 locum,
1673 1143 1708 1202 in
1733 1157 1797 1220 quo
1822 1141 1935 1203 divino

285 1242 460 1314 remearet,
493 1241 650 1318 quoniam
676 1241 717 1302 ad
750 1237 895 1317 legatum
931 1240 1082 1301 eumdem
1137 1239 1218 1300 estis
1247 1238 1405 1316 obsequio
1434 1240 1635 1316 mancipati,
1677 1255 1751 1301 cum
1781 1239 1935 1300 omnibus

284 1338 456 1417 applicuit,
469 1353 543 1400 cum
558 1338 593 1398 in
608 1338 729 1400 itinere
755 1337 841 1399 ieret
866 1333 908 1398 ad
934 1337 1082 1398 nostram
1135 1334 1243 1406 bonis,
1258 1351 1331 1412 quae
1357 1336 1391 1396 in
1412 1337 1666 1412 presentiarum
1690 1337 1936 1398 rationabiliter

284 1436 497 1515 praesentiam
509 1435 681 1506 redeundi,
694 1435 735 1496 ad
745 1451 806 1496 nos
818 1429 1083 1509 iniectonegotlo
1137 1433 1324 1508 possidetis,
1348 1437 1406 1494 aut
1430 1434 1465 1494 in
1487 1433 1648 1502 loturum,
1664 1436 1843 1512 praestante
1862 1437 1933 1495 Do-

285 1533 405 1596 iternm
429 1535 482 1594 est
502 1547 667 1604 reversus,
691 1531 887 1609 suppliciter
910 1531 1084 1608 postulans
1137 1529 1237 1600 mino,
1253 1530 1354 1605 justis
1378 1531 1485 1590 modis
1520 1531 1672 1608 poteritis
1698 1531 1849 1609 adipisci,
1873 1531 1934 1592 suh

284 1631 502 1694 ethumiliter
526 1643 566 1692 ac
588 1627 750 1692 instanter
773 1643 968 1705 exposcens,
989 1629 1028 1690 ut
1040 1637 1084 1689 ne
1135 1625 1224 1686 beati
1233 1625 1323 1687 Petri
1337 1627 1369 1688 et
1380 1628 1493 1689 nostra
1506 1627 1713 1705 protectione
1722 1629 1932 1704 suscipimus

285 1727 499 1790 sustinuisset
508 1727 543 1788 in
551 1739 693 1788 vacuum
701 1727 750 1788 tot
757 1725 899 1799 labores,
914 1725 1082 1800 negotium
1114 1791 1116 1798 ¹
1136 1723 1327 1798 specialiter
1336 1725 1447 1784 autem
1458 1725 1499 1785 de
1510 1725 1693 1800 inningen,
1708 1725 1749 1786 de
1762 1725 1935 1802 Synzlrau-

284 1825 393 1903 ipsum
416 1824 501 1885 viris
525 1823 678 1884 discretis
693 1819 898 1884 committere
922 1821 1082 1897 dignare-
1136 1833 1196 1880 sen
1214 1821 1247 1882 et
1270 1820 1311 1880 de
1326 1821 1567 1882 Purckhausen
1582 1824 1615 1883 et
1643 1821 1684 1882 de
1711 1823 1934 1898 Ghynhausen

284 1937 370 1984 mur.
384 1921 452 1983 Nos
468 1921 578 1982 autem
591 1919 793 1982 lieetlarore
805 1917 1083 1982 matrimoniihae
1137 1915 1296 1977 ecclesias
1309 1933 1383 1978 cum
1401 1935 1516 1980 aarum
1538 1919 1759 1995 pertinentiis,
1777 1935 1858 1997 quas
1875 1936 1936 1981 re-

283 2017 450 2080 ricdtalia
471 2017 545 2078 vice
568 2016 719 2078 diiilciles
740 2016 935 2092 aliquandiu
961 2014 1084 2076 luisse-
1137 2013 1296 2074 uerabilis
1320 2014 1424 2076 irater
1453 2017 1569 2077 noster
1597 2017 1773 2093 episcopus
1800 2017 1934 2078 Frisiu-

283 2131 369 2186 mus,
385 2129 427 2176 ne
439 2115 551 2176 tarum
566 2127 766 2189 negaremus
774 2113 954 2191 justitiam,
965 2113 1001 2172 in
1016 2125 1081 2188 qua
1136 2111 1262 2184 gensis,
1276 2109 1317 2171 de
1334 2111 1474 2188 capituli
1494 2113 1547 2172 sui
1564 2127 1743 2183 consensu,
1761 2115 1816 2190 pia
1839 2113 1934 2175 robis

284 2227 398 2276 sumus
422 2210 575 2272 omnihus
604 2210 790 2283 debitores,
821 2210 855 2274 et
883 2223 980 2286 quam
1008 2209 1081 2270 deri
1137 2207 1170 2268 et
1196 2207 1334 2283 provida
1360 2207 1561 2270 liberalitate
1585 2209 1763 2281 concessit,
1787 2225 1848 2272 nec
1865 2225 1934 2271 non

284 2324 385 2386 super
398 2308 462 2370 hou
481 2309 678 2386 procurator
699 2305 770 2384 ipse
796 2306 953 2370 attentius
967 2306 1083 2383 postu-
1137 2303 1204 2364 aliu
1226 2303 1314 2364 bona
1327 2306 1449 2376 vestra,
1478 2305 1565 2366 sicut
1585 2320 1625 2366 aa
1650 2306 1762 2366 omnia
1781 2307 1874 2383 justo
1894 2321 1935 2368 ac

284 2405 384 2478 labat,
415 2404 616 2468 fraternitati
644 2404 826 2467 vestraein
854 2405 976 2466 virtute
1002 2399 1083 2464 obe-
1136 2401 1935 2479 pacificepossidetisvobis,etperrosecclesiea

284 2502 418 2566 dieutiae
446 2503 596 2565 districte
621 2502 845 2579 praecipiendo
871 2502 1079 2571 mandamus,
1135 2500 1929 2576 uestrasauctoritateapostolicaconfirmamus

284 2601 446 2679 quatenus
461 2597 608 2660 habituri
629 2611 699 2676 prae
712 2599 818 2660 oculis
842 2599 949 2660 solum
964 2599 1079 2669 Deum,
1136 2595 1169 2656 et
1181 2597 1355 2672 praesentis
1363 2597 1479 2674 scripti
1486 2598 1670 2674 patrocinio
1680 2599 1932 2659 communimus.

284 2697 490 2761 etreddituri
502 2697 543 2757 de
562 2696 625 2757 hoc
641 2697 675 2756 in
690 2696 745 2757 die
759 2695 901 2757 districti
916 2694 1080 2756 examinis
1136 2691 1226 2751 Nulli
1251 2705 1331 2767 ergo
1358 2693 1492 2754 omnino
1521 2693 1693 2753 nominum
1720 2693 1821 2755 liceat
1847 2694 1936 2754 hanc

283 2795 458 2867 rationem,
482 2793 849 2870 convocatisopiscopis
864 2791 983 2854 etaliis
997 2791 1080 2854 uiris
1135 2788 1291 2866 paginam
1317 2790 1440 2851 nostrae
1460 2790 1674 2867 protectionis
1694 2792 1727 2852 et
1750 2791 1933 2852 confirma-

283 2891 444 2964 honestis,
459 2906 542 2969 quos
556 2891 708 2954 videritis
726 2891 923 2961 evocandos,
936 2889 1080 2951 audiatis
1136 2886 1235 2947 tionis
1250 2885 1510 2962 infringereve
1525 2888 1557 2948 ei
1568 2903 1652 2948 ausu
1662 2887 1840 2952 temerario
1854 2903 1937 2949 con-

283 3005 418 3052 causam
427 2989 462 3048 in
474 3004 539 3066 qua
549 3002 622 3050 cum
631 2988 721 3050 omni
734 2988 1032 3065 circumspectione
1041 3001 1080 3047 ac
1135 2983 1248 3044 traire.
1260 2984 1377 3060 Siquis
1388 2985 1499 3046 autem
1508 2984 1570 3045 hoc
1581 2985 1745 3045 attentare
1755 2999 1937 3062 praesump=

284 3085 456 3162 diligentia
472 3086 674 3162 processuri,
692 3085 775 3146 nihil
791 3101 937 3162 unquam
950 3084 990 3145 de
1006 3101 1081 3146 cen·
1135 3081 1230 3153 serit,
1258 3081 1522 3157 indignationem
1551 3083 1788 3158 omnipotentis
1815 3083 1874 3143 Dei
1899 3082 1934 3144 et

282 3183 486 3260 tingentibus
502 3181 693 3255 omittendo,
721 3183 757 3244 ut
784 3182 1020 3243 circumveniri
1048 3183 1080 3243 et
1134 3177 1308 3240 beatorum
1327 3180 1418 3240 Petri
1433 3180 1466 3241 et
1489 3179 1586 3240 Pauli
1613 3178 1837 3256 apostolorum
1862 3182 1935 3256 ejus

282 3281 416 3343 tandem
430 3278 588 3356 redargui
603 3295 669 3342 non
695 3277 838 3356 possitis.
860 3280 940 3339 Cum
959 3279 1079 3356 hujus·
1135 3291 1172 3336 se
1201 3276 1333 3337 noverit
1363 3276 1586 3338 incursurum.
1612 3277 1731 3340 Datum
1758 3277 1931 3352 Anagniae,

283 3377 374 3440 modi
397 3377 518 3440 iactum
549 3393 592 3439 ex
623 3377 734 3438 causis
759 3375 967 3454 quibusdam,
997 3391 1080 3454 quas
1135 3373 1165 3432 ΙΙ
1180 3371 1341 3434 kalendas
1356 3373 1484 3450 aprilis,
1502 3373 1931 3450 pontificatusnostrianno

283 3474 483 3547 audivimus,
500 3489 566 3536 non
581 3473 762 3540 ualeamus
776 3487 842 3535 non
861 3473 984 3535 habere
1006 3489 1081 3536 sus·
1136 3468 1241 3531 sexto.

283 3574 426 3650 pactum,
440 3587 515 3632 cum
530 3587 581 3644 ea,
596 3587 661 3649 qua
675 3572 780 3644 decet,
796 3571 989 3634 maturitate
1000 3587 1081 3632 con-

283 3669 362 3744 silii,
375 3658 597 3748 appellatione
613 3669 807 3747 postposita,
829 3669 971 3742 faciatis,
993 3669 1080 3746 quod

284 3767 465 3830 secundum
476 3769 579 3829 Deum
590 3767 820 3829 etanimarum
831 3765 1081 3828 salutemluerit
1453 3786 1613 3904 CLVIII

284 3865 483 3927 laciendum.
501 3863 591 3937 Quod
609 3861 638 3926 si
663 3880 728 3925 non
756 3879 871 3924 omnes
895 3864 949 3924 his
977 3879 1079 3924 exse·

283 3963 423 4040 quondm
437 3961 612 4039 potuemus
640 3961 813 4033 interesse
841 3961 877 4022 tu
902 3975 953 4033 03
977 3959 1081 4021 frater
1120 3939 1187 3998 Ad
1195 3939 1372 3998 Metilium
1383 3938 1592 4000 abbatissam
1601 3940 1932 4004 monosteritsauctt

283 4059 543 4135 archiepiscope,
552 4058 875 4130 cumeorumaltero,
887 4059 951 4120 etc.
961 4059 1079 4119 Datum
1175 4037 1306 4096 0⁰Sm02'
1319 4037 1574 4108 dssT‘llleOll'Os
1587 4038 1889 4112 estlSQMSOroreS·

283 4155 454 4230 Anagniae,
473 4157 518 4215 Ill
540 4153 700 4216 kalendas
721 4153 850 4231 aprilis,
867 4157 948 4232 pont
934 4154 1080 4217 tidcatus
1421 4168 1548 4246 eapitis
1563 4175 1642 4233 liti

284 4253 391 4315 nostri
406 4264 495 4313 anno
514 4253 620 4314 sextO·
1259 4295 1383 4359 [catius
1394 4295 1458 4346 nat.
1474 4295 1560 4347 lutat.
1577 4297 1685 4358 cassin,
1698 4299 1729 4358 11,
1741 4299 1808 4362 aas]

1135 4419 1338 4479 ilonasterium
1353 4419 1421 4477 illud
1442 4420 1495 4478 sub
1509 4419 1586 4480 beati
1601 4423 1676 4480 Petri
1697 4429 1726 4480 et
1749 4437 1800 4480 sua
1827 4431 1935 4496 protec-

1426 4509 1641 4581 tionesuscipit.

615 4553 754 4642 CLVII
1176 4633 1539 4711 Honoriusepiscopus,
1548 4649 1665 4695 servus
1678 4651 1850 4697 servorum
1861 4637 1932 4710 Dei,

286 4709 339 4769 Λα
362 4705 589 4782 mimicum
613 4705 646 4766 ⁰³
666 4705 855 4777 mmmm
877 4704 995 4768 sam
1015 4705 1082 4766 Vm
1137 4727 1287 4795 dilectis
1278 4747 1313 4793 m
1323 4732 1453 4794 Chrrsto
1465 4732 1595 4793 filiabus
1603 4733 1934 4796 Mahrlraeahbatrssae

559 4803 804 4878 &⁴me
1137 4829 1376 4908 monasteriiS.
1397 4830 1522 4891 Cosmae
1538 4829 1578 4890 de
1602 4830 1809 4904 TalllacotiO,
1840 4836 1934 4909 ejus-

565 4939 598 5000 31
614 4938 708 4998 martti
721 4939 799 4999 lm.
1137 4943 1200 5004 que
1215 4923 1413 4988 sororibust
1399 4927 1466 4988 tam
1489 4927 1709 5003 praesentibus
1725 4947 1823 5008 quam
1844 4929 1934 4990 sutu-

364 5063 551 5132 [metanaeas
567 5059 675 5115 naum
689 5061 1003 5130 trisingensis,111,tto.t
1122 5024 1195 5094 ris,
1226 5023 1415 5100 regumreffl
1442 5024 1545 5086 Vitam
1570 5023 1730 5104 protessis
1752 5027 1788 5088 1¹¹
1810 5043 1933 5104 ΡθῑῬθ·

286 5191 345 5253 Sub
357 5190 434 5250 beati
444 5191 519 5250 Petri
533 5198 562 5248 et
573 5205 624 5248 sua
639 5191 814 5263 protectione
823 5189 975 5248 ecclesiam
985 5191 1081 5250 Sancti
1136 5123 1240 5183 mum‘

349 5281 376 5294 ,,
542 5279 546 5290 ,
681 5279 686 5290 ,
873 5278 879 5290 ,
1021 5279 1056 5292 ,,
1179 5209 1338 5290 Quotiens
1354 5219 1581 5281 illudanohis
1596 5223 1730 5296 petitur,
1752 5222 1837 5300 quod
1853 5222 1935 5283 reli-

324 5283 380 5344 Viti
390 5294 456 5338 cum
471 5278 604 5337 omuibus
621 5277 714 5346 bouis,
725 5292 789 5352 quae
803 5276 940 5350 possidet,
952 5287 1079 5354 suscipit.

1137 5316 1228 5391 gleni
1258 5317 1291 5376 et
1321 5315 1487 5377 honestati
1513 5318 1691 5379 convenire
1715 5317 1931 5393 dignoscitur,

326 5406 494 5480 Honorius
531 5413 723 5497 episeopus,¹
758 5426 873 5475 servus
909 5429 1080 5476 servorum
1136 5413 1248 5475 animo
1264 5427 1326 5474 nos
1342 5412 1557 5474 decetlibenti
1569 5415 1761 5486 concedere,
1776 5416 1934 5492 etpeten-

287 5515 357 5585 Dei,
387 5510 517 5574 dilectis
551 5508 630 5570 illils
662 5508 841 5586 praeposito
871 5513 904 5572 et
935 5511 1081 5588 capitulo
1135 5511 1217 5572 tium
1239 5509 1413 5571 desideriis
1442 5521 1623 5585 congruum
1646 5511 1842 5588 suffragium
1863 5513 1931 5592 im-¹

288 5610 401 5674 Sancti
416 5607 483 5671 Viti
502 5605 736 5682 Frisingensis,
756 5607 907 5679 salutem,
924 5609 986 5670 etc.
1136 5607 1264 5684 partiri.
1285 5607 1477 5684 Eaproptar,
1493 5605 1621 5668 dilecta
1637 5609 1671 5669 in
1686 5609 1825 5672 Domino
1841 5611 1930 5682 liliae,
