4226 6372
883 55 893 86 Ι
960 24 963 36 .

167 331 225 394 err
789 315 1019 391 arisvoum.
1043 315 1122 392 me.
1146 329 1186 388 x.
1748 325 1810 386 ora

166 503 277 550 coram
312 487 419 562 nobis,
443 487 543 551 nimis
569 485 683 549 stricte
709 485 958 564 interpretando
1055 487 1139 548 Vota
1151 484 1298 548 fidelium
1320 483 1575 560 pietateminse
1590 482 1808 558 continentia,

166 585 406 660 indulgentiam
431 588 579 646 nostram
595 599 781 656 asseruere,
799 585 883 660 quod
901 600 960 662 per
1014 584 1133 660 quibus
1157 584 1302 644 maxime
1326 581 1463 642 libertas
1491 580 1683 658 inquiritur,
1705 595 1814 656 quum·

166 699 240 743 eam
259 683 409 758 praedicti
433 682 554 743 tratres
581 683 702 757 praeter
715 681 957 757 episcoporum,
1014 681 1208 742 favorabilis
1223 697 1278 742 res
1300 678 1423 751 existit,
1440 677 1556 740 lavore
1569 681 1646 742 sunt
1661 693 1809 754 congruo

167 779 333 850 abbatum,
349 783 381 842 et
397 780 542 840 aliorum
559 778 772 855 praelatorum
786 794 959 838 assensum
1014 778 1256 854 prosequenda,
1280 793 1409 854 nosque
1423 777 1506 852 ipsis
1530 777 1682 838 tenemur
1696 779 1810 852 Apes*

166 875 276 938 facere
298 877 361 937 hoc
385 892 451 937 non
472 879 627 953 possunt;
648 871 783 951 propter
802 875 887 952 quod
902 889 959 935 eos
1013 876 1150 936 tolioum
1179 875 1373 950 praesidium
1400 873 1576 949 impertiri.
1606 872 1698 934 Unde
1729 871 1811 934 licet

166 973 336 1034 celebrare
353 975 451 1049 jnuta
472 972 717 1053 indulgentiam
736 972 958 1046 Apostolicam
1014 971 1313 1049 supplicationibus
1342 971 1504 1048 porrectis
1528 969 1623 1030 nobis
1647 985 1747 1045 super
1764 969 1810 1030 li-

166 1085 230 1129 non
252 1070 457 1145 permittunt.
474 1071 554 1131 Cum
570 1071 694 1140 autem,
717 1069 745 1130 si
770 1085 825 1130 res
847 1069 960 1130 taliter
1013 1070 1251 1145 bertatequam
1266 1068 1387 1129 nobilis
1398 1068 1454 1128 vir
1467 1072 1504 1129 G.
1516 1081 1625 1128 comes
1637 1067 1805 1138 Forensis,

166 1181 201 1225 se
223 1165 372 1238 haberet,
388 1167 473 1226 nihil
492 1167 541 1226 eis
566 1166 734 1227 conferret
752 1165 959 1242 indulgentia
1013 1182 1115 1242 nepos
1130 1169 1219 1238 tuus,
1231 1165 1422 1228 bominibus
1436 1164 1526 1226 villae
1544 1165 1657 1226 Sancti
1670 1167 1807 1238 Ragna-

165 1265 357 1334 memorata,
377 1264 449 1324 sine
476 1280 540 1341 qua
567 1263 599 1323 id
629 1263 804 1340 episcopis,
829 1265 861 1324 et
882 1263 958 1323 aliis
1013 1263 1111 1334 berti,
1129 1265 1161 1324 et
1186 1263 1419 1340 parochiarum
1435 1277 1583 1333 suarum,
1600 1261 1810 1322 scilicetBo-

165 1361 312 1436 praelatis
341 1360 564 1422 annuentibus
589 1359 706 1421 liceret
729 1360 865 1432 eisdem,
896 1359 959 1420 lra-

164 1456 314 1517 ternitati
329 1458 394 1518 tuae
411 1473 470 1534 per
482 1456 673 1534 apostolica
687 1457 809 1532 scripta
821 1453 960 1518 manda-

165 1569 251 1625 mus,
276 1555 440 1630 quatenus
468 1553 741 1628 interpretatione
770 1551 958 1628 hujusmodi

166 1649 355 1724 reprobata,
377 1650 454 1709 dum
476 1650 649 1710 tamenab
673 1649 761 1720 aliis,
790 1665 862 1725 quae
882 1651 958 1726 jure

164 1745 348 1822 parochiali
384 1747 595 1825 proveniunt,
624 1763 659 1806 se
683 1762 822 1822 prorsus
850 1746 957 1807 absti-

163 1843 279 1915 neant;
297 1841 406 1904 datam
435 1844 483 1903 eis
502 1844 550 1904 sic
574 1842 743 1903 licentiam
769 1843 958 1903 celebrandi
994 1841 996 1846 ’

164 1940 361 2000 auctoritate
386 1943 500 2000 nostra
524 1957 590 2000 non
615 1939 751 1999 differas
776 1939 956 2016 publicare,

163 2035 210 2095 ita
229 2036 314 2110 quod
336 2036 416 2096 dicti
431 2037 551 2098 iratres
567 2037 712 2113 aliquam
726 2052 768 2098 ex
783 2036 959 2112 indulgen—

163 2130 210 2191 tia
226 2135 340 2193 nostra
355 2133 533 2194 videantur
547 2134 582 2193 in
602 2133 665 2193 hoc
677 2133 819 2208 gratiam
836 2149 956 2194 conse-

164 2229 243 2288 cuti.
258 2229 376 2289 Datum
387 2231 501 2301 Reate,
533 2233 560 2292 V
573 2229 733 2291 kalendas
749 2229 955 2306 septembris,

164 2325 404 2386 annodecimo.

517 2550 608 2635 XXI

264 2701 315 2764 Ad
337 2701 550 2760 Gzctttelmum
565 2703 857 2774 arclatepr'scoprrm

458 2798 661 2857 Baeterrae.

428 2923 464 2980 30
483 2925 597 2996 angusti
613 2923 692 2981 litt.

266 3045 402 3106 [Sbaralea
418 3045 514 3094 Bnllar.
530 3045 666 3104 Francisc„
679 3047 700 3102 l,
713 3046 751 3104 22,
766 3060 790 3095 n.
805 3046 857 3110 20.]

165 3168 282 3226 Mandat
305 3168 520 3241 archiepiscopo
542 3169 687 3238 ilamensi,
699 3176 731 3226 ut
753 3170 897 3226 sinistram
912 3169 955 3226 in-

202 3255 432 3327 terpretationem
457 3255 599 3326 predicte
628 3255 824 3312 concessionis
849 3270 865 3311 a
894 3257 956 3327 qui·

199 3341 319 3400 busdam
343 3343 489 3400 inventam
512 3342 680 3400 auctoritate
698 3343 862 3415 Apostolica
877 3357 955 3400 corn·

176 3439 309 3502 pascat,
325 3438 353 3487 et
379 3429 480 3489 tratres
504 3432 533 3488 iu
558 3431 693 3489 exercitio
719 3432 861 3504 privilegii
886 3447 955 3489 con·

200 3526 305 3576 servet.

204 3644 372 3706 Honorius
383 3645 568 3722 episcopus,
580 3661 696 3708 servus
706 3662 876 3709 servorum
885 3647 955 3719 Dei,

164 3741 348 3802 venerabili
378 3741 474 3804 tratri
509 3743 760 3821 archiepiscopo
789 3745 955 3819 Remensi,

166 3838 585 3914 salutemetApostolicam
595 3841 870 3902 benedictionem.

205 3936 242 3992 ln
263 3933 332 4003 his,
354 3950 426 4010 quae
454 3935 495 3994 ad
522 3936 646 3997 cultum
671 3938 820 3998 divinum
847 3937 957 4000 lacere

165 4027 415 4103 dignoscuntur,
440 4033 515 4102 eta,
538 4034 577 4092 ut
592 4036 629 4092 tn
640 4036 851 4106 praecedente
866 4037 958 4108 cpis-

166 4125 242 4186 tola.
258 4127 375 4186 Datum
386 4128 500 4199 Reate,
514 4128 559 4188 lli
574 4128 735 4189 kalendas
749 4131 955 4208 septembris,

164 4220 375 4296 pontitlcatus
385 4224 492 4284 nostri
502 4240 590 4286 anno
605 4225 743 4286 decimo.

505 4480 617 4568 XXII

229 4633 280 4690 Ad
301 4633 594 4706 archiepiscopum
614 4634 887 4708 erpduneusem.

430 4761 593 4836 coangusti
613 4762 692 4820 1225.

190 4881 311 4946 stirpest,
323 4882 368 4932 lib.
381 4883 414 4944 X,
431 4883 504 4947 epist.
516 4883 555 4933 33.
572 4887 630 4936 llss.
647 4887 684 4936 La
698 4887 774 4936 Porta
788 4887 822 4936 du
837 4887 930 4952 ruat]

165 5009 219 5064 Dat
243 5007 270 5064 el
294 5014 322 5064 et
342 5007 555 5067 suecessoribus
574 5009 636 5082 ejns
660 5011 836 5083 provinciam
858 5012 956 5070 delen·

199 5095 284 5152 dendi
295 5111 329 5152 ac
342 5095 439 5153 tuendi
447 5095 606 5156 libertatem
620 5111 706 5170 quam
715 5101 848 5158 Forensis
860 5117 959 5160 comes

202 5181 366 5249 hominibus
380 5185 454 5241 villae
468 5185 563 5242 Sancti
579 5186 754 5280 ltagncberti
765 5196 956 5246 concesserat.

206 5317 876 5398 Honoriusepiscopus,servasservorum
885 5327 955 5399 Dei,

164 5413 350 5476 venerabili
374 5415 522 5478 lratri....
547 5418 799 5496 archiepiscopo
823 5423 959 5497 Lugdu·-

165 5511 274 5581 nensi,
292 5511 484 5578 salutemet
504 5516 728 5592 apostolicam
747 5517 956 5585 henedictio-

167 5623 254 5668 nem.
267 5629 270 5634 ·

1014 1360 1165 1432 nezonis,
1206 1361 1384 1427 Glramblae,
1425 1360 1538 1420 Sancti
1577 1359 1745 1436 Cypriani,
1775 1357 1813 1420 et

1015 1458 1127 1518 Sancti
1153 1457 1241 1519 Justi
1267 1457 1308 1517 ad
1339 1457 1577 1517 monasterium
1611 1455 1651 1515 de
1687 1454 1808 1516 Sancto

1014 1554 1226 1629 Ragneberto
1265 1555 1488 1630 spectantium
1514 1552 1636 1614 intuitu
1673 1551 1806 1628 pietatis

1013 1652 1158 1726 gratuita
1173 1651 1327 1714 libertate
1355 1651 1478 1714 dicitur
1500 1649 1693 1720 indulsisse,
1709 1648 1750 1708 de
1764 1647 1808 1707 li·

1013 1746 1189 1810 beralitate
1215 1747 1405 1810 dubitantes
1442 1748 1559 1808 eadem
1593 1763 1613 1807 a
1642 1743 1807 1822 principio

1013 1842 1166 1905 difficiles
1181 1843 1370 1916 fuissemus,
1387 1844 1427 1904 de
1442 1844 1515 1920 ipso
1532 1844 1641 1904 tamen
1660 1857 1719 1918 per
1732 1843 1807 1900 tuas
1902 1874 1910 1893 ι

1014 1940 1046 2000 et
1060 1940 1208 2014 ejusdem
1224 1941 1354 2002 comitis
1369 1942 1499 2002 litteras
1514 1940 1672 2000 certiores
1684 1937 1804 2008 effecti,

1013 2036 1181 2110 praedictis
1191 2038 1498 2114 supplicationibus,
1514 2037 1689 2097 devotione
1700 2034 1805 2110 ipsius

1013 2134 1142 2196 comitis
1167 2135 1529 2210 approbataduximns
1549 2133 1726 2207 benignius
1750 2147 1807 2192 an·

1013 2231 1193 2292 nuendum.
1218 2231 1367 2308 Denique
1388 2232 1475 2292 sicut
1496 2247 1555 2306 per
1583 2230 1712 2292 litteras
1736 2244 1808 2290 eas·

1013 2328 1086 2388 dem
1102 2327 1278 2390 didicimus
1290 2344 1391 2404 quum
1406 2328 1581 2389 comitibus
1603 2326 1805 2388 Forensibus

1010 2425 1078 2486 tuis
1093 2425 1126 2486 et
1140 2425 1246 2500 ipsius
1270 2425 1400 2486 comitis
1416 2425 1683 2501 progenitoribus
1698 2424 1735 2482 in
1747 2423 1807 2483 ho·

1012 2523 1149 2583 noribus
1169 2522 1258 2582 villae
1273 2522 1441 2597 praedictae
1462 2522 1575 2583 Sancti
1591 2519 1804 2597 Ragneberti,

1013 2623 1045 2682 et
1068 2621 1165 2680 dictis
1190 2620 1358 2696 parochiis
1384 2619 1468 2680 nihil
1484 2619 1571 2696 juris
1592 2617 1804 2692 competeret,

1012 2715 1229 2776 nihilominus
1263 2715 1438 2774 occasione
1467 2714 1624 2775 custodiae
1657 2714 1806 2774 locorum

1012 2813 1170 2888 ipsorum,
1188 2827 1287 2886 quarn
1313 2811 1413 2870 iidem
1438 2809 1625 2876 habuerant
1650 2808 1691 2868 ab
1714 2807 1804 2868 anti—

1013 2922 1088 2983 quo,
1106 2922 1193 2982 saepe
1213 2922 1333 2982 graves
1353 2907 1452 2968 talias
1475 2907 1637 2968 dictorum
1656 2905 1805 2965 locorum

1013 3003 1202 3064 hominibus
1230 3004 1346 3064 contra
1373 3006 1486 3074 Deum,
1504 3003 1537 3065 et
1555 3001 1720 3079 justitiam
1740 3001 1807 3060 im-

1012 3098 1189 3177 ponebant,
1213 3101 1246 3160 et
1270 3099 1336 3160 alia
1360 3101 1409 3161 eis
1437 3087 1584 3160 indebita
1609 3097 1805 3174 gravamina

1012 3196 1215 3274 irrogabant.
1242 3198 1365 3257 Verum
1405 3196 1564 3272 praelatas
1603 3195 1804 3270 comes‘pio

1012 3294 1194 3370 inspiratus
1220 3293 1341 3355 affectu
1365 3293 1405 3354 de
1425 3293 1601 3370 praeteritis
1621 3293 1749 3363 dolens,
1773 3291 1806 3352 et

1012 3407 1114 3468 super
1127 3389 1250 3454 tuturis
1261 3392 1398 3468 capiens
1412 3391 1661 3466 gravaminibus
1676 3405 1807 3467 praeca-

1012 3503 1090 3550 vere
1105 3505 1146 3552 ne
1169 3489 1203 3552 in
1223 3505 1319 3550 usura
1335 3490 1367 3551 et
1385 3489 1659 3552 consuetudinem
1680 3487 1804 3550 abusum
1832 3487 1846 3494 '

1012 3585 1201 3663 hujusmodi
1217 3586 1388 3649 deveniret
1404 3585 1444 3646 de
1457 3587 1514 3646 tuo
1532 3586 1683 3655 consilio,
1701 3587 1736 3646 et
1747 3600 1804 3646 as-

1013 3697 1123 3753 sensu,
1142 3699 1216 3742 cum
1232 3685 1304 3758 eius
1326 3683 1534 3744 dioecesanus
1556 3683 1682 3760 existas
1693 3695 1752 3756 pro
1768 3697 1805 3741 sc

1013 3794 1052 3840 ac
1067 3777 1313 3842 successoribus
1337 3779 1407 3838 suis
1422 3779 1547 3838 tallias.
1562 3779 1594 3838 et
1608 3778 1805 3852 gravamina

1013 3875 1172 3952 mediata
1206 3875 1345 3945 remisit,
1367 3875 1498 3950 plenam
1525 3873 1712 3950 libertatern
1739 3873 1807 3932 eis-

1013 3971 1088 4034 dem
1124 3971 1207 4033 locis
1235 3971 1269 4032 et
1298 3970 1487 4032 bominibus
1514 3969 1735 4042 concedendo,
1773 3969 1806 4030 et

1013 4067 1099 4144 quod
1126 4067 1218 4129 nullo
1242 4068 1389 4143 tempore
1414 4067 1661 4130 contraveniret
1688 4083 1724 4128 se
1750 4081 1810 4126 as*

1012 4165 1131 4226 trinxit
1151 4165 1285 4226 vinculo
1306 4166 1499 4241 juramenti,
1536 4165 1695 4236 statuens,
1719 4163 1806 4240 quod

878 4267 895 4326 A
1013 4261 1066 4322 sui
1081 4276 1292 4323 successores
1309 4264 1343 4324 et
1355 4263 1478 4338 posteri
1493 4263 1652 4338 praestare
1667 4261 1807 4322 debeant

1013 4358 1123 4418 simile
1138 4360 1151 4434 j
1192 4359 1383 4435 jurandum.
1401 4361 1440 4420 Et
1454 4360 1532 4436 quia
1553 4360 1651 4436 proni
1666 4359 1743 4420 sunt
1763 4357 1806 4419 ad

1014 4455 1137 4517 malum
1163 4455 1316 4534 nomines
1341 4457 1550 4533 potiusquam
1571 4457 1613 4518 ad
1637 4457 1759 4517 bonum
1774 4455 1807 4516 et

1013 4551 1127 4626 plures
1153 4553 1240 4623 sunt,
1268 4554 1326 4629 qui
1352 4554 1635 4630 praedecessorum
1670 4568 1806 4614 snorum

1013 4664 1080 4710 non
1106 4649 1245 4710 virtutes
1272 4650 1329 4712 sed
1353 4652 1436 4712 vitia
1461 4651 1644 4722 imitantur,
1662 4667 1736 4710 cum
1765 4649 1805 4710 de

1014 4745 1067 4808 die
1087 4747 1122 4806 in
1136 4746 1222 4808 diem
1238 4749 1360 4810 caritas
1377 4749 1582 4824 refrigescat,
1597 4748 1630 4808 et
1644 4747 1804 4823 iniquitas

1013 4843 1159 4906 abundet
1184 4845 1374 4917 multorum,
1397 4844 1595 4906 auctoritate
1615 4844 1804 4921 apostolica

1014 4940 1145 5002 delendi
1160 4941 1265 5004 voluit
1286 4941 1371 5019 quod
1395 4943 1449 5019 pie
1470 4957 1571 5019 super
1589 4942 1652 5003 hoc
1674 4942 1809 5003 duxerit
1903 4931 1911 4938 ’

1013 5036 1211 5100 faciendum.
1226 5040 1333 5110 Quare
1349 5040 1485 5100 concedi
1500 5055 1520 5100 a
1534 5039 1630 5100 nobis
1642 5055 1703 5116 per
1716 5039 1807 5102 litte-

1012 5151 1068 5196 ras
1084 5152 1162 5196 suas
1178 5135 1349 5198 bruniliter
1359 5137 1569 5213 supplicavit,
1583 5139 1619 5200 ut
1633 5139 1662 5198 si
1674 5137 1806 5214 quando

1013 5231 1095 5307 ipse,
1112 5247 1152 5293 ac
1180 5248 1390 5293 successores
1411 5235 1463 5294 sui
1484 5232 1672 5296 libertatem
1693 5235 1806 5310 hujus·

1014 5325 1102 5388 modi
1118 5325 1245 5388 violare
1260 5328 1544 5404 praesumpserint,
1575 5329 1805 5404 archiepisco-

1012 5439 1073 5498 pus
1090 5424 1335 5499 Lugdunensis,
1352 5425 1409 5502 qui
1435 5441 1494 5502 pro
1518 5427 1666 5502 tempore
1691 5426 1806 5499 suerit,

1013 5520 1078 5580 nisi
1091 5523 1163 5597 post
1178 5521 1436 5586 admonitionem
1448 5522 1809 5598 ipsinsemendaexhi-

905 5631 908 5638 ·
1012 5616 1130 5681 beatur
1144 5633 1164 5678 a
1179 5617 1340 5680 violatore
1356 5621 1546 5695 competens
1559 5619 1645 5681 inlra
1660 5635 1806 5683 mensem

1183 5871 1198 5968 l
