4226 6372
308 247 370 310 eto
927 243 1104 306 HONORII
1125 245 1173 306 111
1193 243 1340 306 ordita.
1915 237 1981 299 910

303 407 438 485 piscopo
452 421 546 466 suam
564 403 735 464 diaecesim
758 401 909 466 visitanti
932 417 1097 480 procura·
1153 405 1233 464 Cum
1245 404 1348 480 igitur
1361 417 1429 463 non
1451 399 1585 478 possint·
1599 400 1722 463 statuta
1737 401 1773 462 in
1797 397 1979 461 ecclesiis

302 505 411 566 bones
424 502 553 564 debitas
567 501 615 562 ita
628 501 782 562 hilariter
797 500 955 562 exhibere
975 500 1099 562 curetis
1153 501 1237 572 tisri,
1255 501 1284 560 si
1299 515 1338 562 ea
1353 501 1386 560 et
1399 499 1544 560 maxime
1560 498 1655 560 utilia
1680 513 1747 558 non
1762 497 1976 566 serventur,

304 601 390 678 quod
403 599 617 661 iacientesde
630 598 829 659 necessitate
844 599 999 659 virtutem
1013 599 1099 658 etex
1153 598 1353 660 fraternitati
1365 599 1430 658 tuae
1446 611 1505 672 per
1519 595 1710 673 Apostoliea
1725 596 1859 670 scripta
1879 609 1979 669 prae-

304 697 415 758 debito
440 696 534 758 robis
558 696 699 770 gratiam
722 699 965 770 comparantes,
990 695 1099 770 ipsum
1154 695 1305 772 cipiendo
1319 694 1526 764 mandamus,
1544 693 1708 769 quatenus
1724 691 1776 752 his
1789 707 1869 752 non
1886 689 1977 750 obs-

304 794 592 870 archiepiscopum
608 792 701 854 vobis
718 792 864 852 reddatis
883 791 1099 854 favorabilem
1153 792 1300 854 tentibus
1315 807 1389 868 quae
1409 806 1469 866 per
1484 790 1609 850 dictum
1629 789 1823 865 episcopum
1842 787 1978 848 taliter
2068 819 2069 824 κ

303 891 337 952 et
350 889 540 965 benignum.
567 891 684 950 Datum
713 890 826 958 Reate,
850 888 923 947 idus
953 889 1097 964 augusti,
1155 892 1232 952 sunt
1243 890 1454 966 praesumpta,
1468 887 1571 948 iacias
1591 887 1632 946 ad
1648 885 1872 962 praebendam
1887 883 1978 944 dicti

303 985 514 1063 pontificatus
527 985 631 1046 nostri
642 1000 729 1045 anno
745 985 884 1046 decimo.

634 1285 769 1372 XVIII

364 1448 416 1506 Ad
428 1447 719 1507 Mediolanensem
732 1445 1037 1518 arehiepiscopum.

569 1583 603 1640 lu
624 1584 737 1657 augusti
755 1583 832 1641 litt.

458 1706 532 1771 [illst.
546 1711 612 1771 patr.
623 1721 739 1756 monum.
752 1707 838 1756 chart.
854 1707 874 1765 I,
887 1707 968 1770 libb]

303 1833 339 1892 Ei
363 1830 480 1890 mandat
504 1838 534 1888 ut
556 1830 793 1903 adprehendam
817 1832 952 1890 Aimeriei
973 1831 1099 1912 cantoris

338 1921 523 1979 Novaricnsis
535 1920 670 1978 idoneum
686 1921 754 1992 eligi
770 1922 798 1977 in
813 1920 981 1978 diaconatus
996 1922 1041 1977 rel
1056 1936 1100 1978 sa-

341 2007 460 2065 cerdotii
475 2006 575 2064 ordine
591 2009 787 2064 constitutum.

342 2142 1015 2218 Honoriusepiscopus‚sarvusservorum
1027 2145 1097 2216 Dei,

305 2239 490 2302 venerabili
521 2238 654 2299 fratri...
691 2239 933 2300 Mediolanensi
964 2241 1100 2301 archie-

302 2337 451 2412 piscopo,
475 2335 616 2397 salutem
640 2337 673 2398 et
695 2337 918 2412 apostolicam
942 2337 1100 2399 benedic-

308 2433 444 2496 tionem.

345 2531 395 2590 Ex
408 2529 503 2605 parte
515 2529 717 2591 venerabilis
727 2530 841 2592 fratris
853 2531 996 2592 nostri...
1017 2533 1101 2594 Sao·

305 2627 420 2686 nensis
432 2627 631 2702 episcopt...
648 2628 817 2704 praeposIti
837 2629 870 2689 et
882 2628 1099 2704 quorumdam

305 2722 691 2786 aliorumcanonicorum
701 2725 957 2786 Novariensium
971 2725 1034 2787 suit
1045 2741 1101 2786 no-

303 2818 355 2880 bis
364 2820 500 2880 auribus
511 2821 710 2893 intimatum,
726 2822 813 2897 quod
826 2823 943 2883 cumin
952 2823 1100 2898 ipsorum

303 2917 445 2980 ecclesia
457 2933 518 2994 per
531 2919 563 2978 te
586 2919 782 2980 auctoritate
805 2921 918 2980 nostra
942 2919 1100 2981 statutum

304 3012 416 3086 tuerit,
432 3018 468 3076 ut
482 3015 528 3076 ibi
540 3015 583 3076 sit
596 3016 705 3078 certus
718 3017 1100 3078 numerus-sacerdotum

303 3109 351 3172 ita
365 3113 450 3187 quod
467 3113 495 3172 si
511 3113 621 3174 locum
633 3113 819 3174 sacerdotis
835 3129 954 3174 vacare
970 3115 1101 3176 eontin-

302 3209 397 3284 geret
419 3225 487 3269 non
507 3209 767 3272 substitueretur
782 3210 813 3270 ei
828 3210 916 3270 alius
931 3227 1029 3287 quam
1045 3225 1101 3270 sa-

303 3305 432 3376 cerdos,
446 3307 499 3366 vel
513 3307 591 3366 talis
607 3308 664 3383 gui
675 3307 739 3368 cito
751 3307 786 3366 in
802 3307 1006 3369 sacerdotem
1022 3323 1101 3384 pro·

303 3402 432 3462 moveri
452 3402 591 3469 valeret,
608 3404 640 3464 et
654 3417 715 3464 nos
728 3404 887 3465 statutum
908 3404 1099 3480 hujusmodi

304 3499 510 3574 postmodum
529 3500 722 3560 duxerimus
743 3501 1016 3572 confirmandum,
1034 3519 1100 3562 nu*

301 3594 471 3672 perbonas
486 3597 655 3658 memoriae
666 3595 862 3676 A(imerico)
879 3599 1015 3660 cantore
1030 3601 1102 3660 No-

301 3691 461 3765 vaniensi‚
492 3693 549 3770 qui
576 3693 731 3755 sacerdos
755 3691 875 3766 suerat,
906 3696 994 3757 riam
1022 3697 1100 3758 uni-

301 3805 409 3851 versae
425 3791 538 3850 carnis
553 3791 714 3866 ingresso,
733 3807 807 3852 cum
822 3792 946 3855 vellent
958 3795 999 3854 ad
1013 3809 1102 3870 prae-

301 3885 444 3948 bendam
470 3887 574 3962 ipsius
602 3887 806 3950 inhaerentes
832 3891 955 3951 statuto
983 3891 1101 3967 huJus-

301 3983 392 4045 modi
407 3983 532 4059 eligere
545 3984 750 4046 sacerdotem
766 3987 799 4047 et
818 3987 866 4046 sic
891 3988 1101 4048 convenisset

302 4081 337 4140 in
367 4083 539 4155 Hugonem
566 4083 726 4153 illaesum,
747 4083 857 4142 virum
881 4085 995 4160 utique
1023 4084 1099 4146 ritae

301 4177 482 4238 laudabilis
509 4178 542 4240 et
564 4180 829 4240 conversationis
856 4181 1016 4254 honestae,
1045 4183 1100 4258 qui

303 4289 378 4334 oum
391 4273 434 4334 sit
446 4273 607 4336 diaconus
621 4276 685 4337 cito
699 4277 812 4352 posset
822 4277 863 4336 ad
879 4277 1100 4339 sacerdotium

303 4371 504 4448 promoveri,
521 4373 722 4432 venerabilis
738 4373 841 4434 irater
860 4377 1011 4437 noster...
1026 4377 1099 4437 No-

301 4469 467 4530 variensis
517 4469 691 4546 episcopus
723 4471 910 4532 iohannem
948 4475 1100 4551 nepotem

302 4582 410 4639 suum,
424 4567 554 4642 magnis
565 4567 746 4628 redditibus
758 4569 993 4642 abundantem,
1008 4587 1101 4633 cons·

300 4664 435 4726 titutum
457 4666 493 4725 in
517 4665 701 4726 minoribus
725 4667 909 4739 ordinibus,
925 4669 1099 4730 occasione

301 4763 475 4840 eujusdam
497 4764 697 4840 receptionis
713 4765 792 4826 olim
813 4765 909 4827 iactae
924 4767 964 4825 de
989 4767 1100 4842 ipsoa

303 4859 500 4936 quibusdem
515 4861 750 4924 concanonicis
772 4862 975 4929 eorumdem,
987 4859 1101 4924 inves-

1154 989 1312 1058 cantoris,
1325 1002 1386 1063 per
1398 1001 1455 1046 eos
1471 985 1511 1046 ad
1528 999 1610 1062 quos
1627 987 1683 1060 jus
1698 983 1852 1058 eligendi
1867 997 1979 1058 spec-

1154 1087 1226 1148 tare
1248 1083 1464 1160 dignoscitur,
1491 1081 1647 1142 idoneum
1660 1081 1805 1156 aliquem
1818 1079 1915 1153 eligi
1933 1080 1972 1138 in

1155 1183 1348 1244 diaconatus
1368 1180 1422 1241 vel
1446 1178 1624 1240 sacerdotii
1649 1177 1765 1238 ordine
1788 1175 1978 1237 constitu-

1154 1281 1234 1341 tum.
1251 1279 1369 1341 Datum
1385 1279 1499 1346 Reate,
1515 1278 1606 1336 XVII
1619 1275 1687 1336 kal.
1704 1275 1801 1351 sept,
1817 1271 1976 1350 pontifi-

1155 1379 1248 1438 catus
1263 1375 1369 1437 nostri
1385 1389 1473 1435 anno
1490 1373 1629 1436 decimo.

1507 1611 1598 1699 XIX

1234 1767 1286 1825 Ad
1300 1767 1512 1826 colocensem
1527 1763 1826 1834 orebteptseopum
1841 1761 1883 1821 et

1380 1861 1623 1935 suffraganeos
1637 1861 1721 1930 ejrcs.

1419 1997 1580 2071 coangusti
1607 1997 1685 2056 liii.

1346 2123 1436 2186 OEejer,
1454 2121 1514 2174 Cod.
1526 2121 1601 2185 dipl,
1612 2121 1654 2180 111,
1667 2135 1696 2174 rr.
1707 2119 1762 2182 ts]

1154 2248 1233 2308 idem
1247 2248 1389 2306 Honorius
1401 2245 1546 2302 Andrcam
1560 2247 1593 2303 ll.
1606 2245 1833 2301 abalienationes
1843 2245 1877 2302 in
1892 2259 1965 2315 pra»

1187 2336 1325 2410 judicium
1340 2335 1421 2408 regni
1432 2333 1521 2390 iactas
1536 2348 1671 2390 revocure
1686 2332 1784 2405 jubet;
1801 2347 1837 2390 ac
1852 2331 1964 2388 officiis

1190 2425 1310 2497 publicis
1331 2437 1460 2496 paganos
1477 2429 1506 2478 et
1526 2420 1641 2478 iudaeos
1665 2428 1763 2478 coiitra
1779 2420 1961 2494 synodalem

1190 2528 1225 2569 ao
1237 2512 1319 2584 regni
1334 2511 1565 2568 constitutionem
1589 2508 1707 2580 practici,
1723 2523 1774 2580 per
1789 2511 1958 2566 Saracenos

1189 2600 1342 2658 christiana
1361 2599 1453 2656 coeuu
1472 2598 1625 2670 mancipia,
1647 2597 1676 2652 in
1695 2610 1837 2668 suamque
1857 2595 1897 2654 ab
1911 2595 1957 2651 liis

1191 2687 1263 2746 trahi
1274 2687 1515 2761 superstitionem,
1532 2685 1706 2758 expostulat.

1195 2815 1374 2886 Honorius,
1407 2811 1579 2872 colocensi
1621 2808 1890 2888 archIepiseopo,
1926 2810 1959 2870 et
2068 2867 2069 2898 ,

1155 2911 1378 2987 suffraganeis
1394 2913 1478 2985 ejus.

1195 3009 1364 3072 intellecto
1372 3009 1441 3084 jam
1453 3005 1587 3078 dudum,
1600 3007 1677 3074 etc,
1689 3005 1728 3065 ut
1740 3007 1777 3064 tn
1790 3005 1882 3066 breim
1896 3019 1957 3064 su·
2068 3013 2069 3040 ³

1152 3109 1296 3180 pertore,
1311 3106 1349 3165 15
1357 3105 1447 3181 julii,
1464 3117 1551 3164 anno
1565 3117 1663 3173 nono,
1678 3101 1741 3162 col.
1759 3102 1830 3161 887.

1194 3203 1309 3274 Reate,
1325 3203 1356 3262 X
1370 3201 1437 3262 kal.
1453 3199 1660 3276 septembris,
1675 3213 1763 3259 anno
1778 3197 1922 3259 decimo.

1517 3439 1587 3524 XX

1262 3593 1313 3654 Ad
1338 3589 1628 3652 Bartltolomoeum
1652 3590 1846 3660 episcopum

1429 3689 1681 3746 Purtstensem.

1425 3825 1460 3883 28
1475 3823 1590 3897 augusti
1606 3823 1684 3881 ltus.

1234 3947 1374 4011 [Sbaralea,
1386 3947 1528 3998 Bullarium
1542 3949 1678 4006 Francisc„
1699 3947 1770 4006 til,
1785 3961 1809 3996 n.
1825 3947 1877 4012 la]

1156 4075 1299 4148 Episcopo
1328 4073 1483 4132 Parisiensi
1505 4072 1639 4146 iniungit,
1663 4080 1693 4130 ut
1721 4071 1867 4128 sinistram
1894 4083 1950 4128 sue

1190 4164 1385 4222 concessionis
1399 4161 1662 4234 interpretationem
1680 4175 1697 4233 e
1712 4160 1856 4217 nonnullis
1866 4159 1944 4216 adin·

1191 4259 1306 4310 ventam
1327 4257 1500 4322 compescat,
1517 4255 1546 4306 ct
1565 4247 1665 4306 tratres
1680 4249 1804 4306 Minores
1818 4249 1849 4304 in
1863 4261 1944 4304 exer·

1190 4341 1256 4397 citio
1272 4338 1413 4412 privilegii
1427 4343 1587 4394 conservet.

1195 4472 1362 4536 Honorius
1371 4473 1557 4549 episcopus,
1570 4487 1687 4532 servus
1696 4487 1868 4532 seruorum
1878 4470 1944 4540 Dei,

1155 4571 1340 4632 venerabili
1354 4569 1450 4630 fratri
1464 4569 1707 4630 bartholomaeo
1720 4567 1946 4644 episcopoPa-

1154 4667 1302 4739 risiensi,
1326 4667 1468 4728 salutem
1492 4667 1526 4727 et
1547 4665 1769 4742 apostolicam
1795 4665 1948 4727 henedic-

1155 4766 1291 4827 tionem.

1195 4862 1414 4938 lanisque
1444 4860 1486 4922 ad
1515 4860 1641 4921 cultum
1666 4858 1815 4921 divinum
1841 4859 1947 4922 lacere

300 4955 388 5015 tiens
410 4955 450 5016 de
475 4957 715 5031 praenominata
742 4957 920 5034 praebenda
948 4959 1100 5020 eumdem
1155 4959 1407 5035 dignoscuntur,
1433 4973 1500 5019 non
1524 4957 1682 5032 maligna,
1716 4957 1775 5018 sed
1807 4957 1946 5034 benigna

304 5052 383 5114 fecit
397 5053 596 5115 auctoritate
609 5055 744 5130 propria
754 5055 788 5115 in
802 5055 910 5131 ipsius
920 5057 1102 5131 possessio·

301 5166 379 5210 nem
404 5149 528 5222 induci,
545 5151 578 5212 et
598 5152 634 5212 ut
657 5151 706 5214 eis
727 5151 915 5213 volentibus
940 5153 1101 5214 sacerdo·
1156 5154 1272 5215 mirari
1299 5152 1541 5230 compellimur,
1570 5151 1657 5229 quod
1691 5167 1766 5212 cum
1794 5150 1947 5214 iratribus

300 5248 366 5310 tem
383 5246 507 5323 eligere
519 5249 607 5308 viam
622 5248 843 5330 praecluderet
854 5249 1012 5325 eligendi,
1030 5267 1099 5324 eos,
1157 5251 1352 5323 Minoribus,
1364 5249 1559 5310 duxerimus
1570 5247 1820 5324 indulgendum,
1833 5251 1869 5311 ut
1880 5249 1949 5311 nbi-

301 5345 330 5404 si
358 5345 400 5406 ad
427 5345 623 5406 electionem
662 5346 880 5422 procederent
913 5347 1099 5421 interdixit,
1157 5365 1297 5426 cumque
1311 5347 1447 5416 luerint,
1464 5347 1537 5407 sine
1552 5344 1947 5424 parochialisjurisprm-

303 5443 438 5519 propter
466 5443 553 5520 quod
581 5459 658 5504 eum
684 5443 809 5519 eligere
824 5460 890 5506 non
918 5444 1101 5519 audebant,
1153 5445 1281 5524 judicio
1305 5461 1380 5507 cum
1415 5444 1516 5506 altari
1546 5443 1682 5506 ualeant
1708 5444 1829 5506 viatico
1860 5445 1947 5506 cele-

301 5539 394 5600 Sedis
419 5539 617 5616 apostolica
655 5541 838 5604 remedium
866 5543 1100 5619 implorarunt·
1159 5545 1257 5606 trare
1272 5566 1279 5604 :
1294 5544 1439 5622 quidam,
1453 5542 1539 5604 sicut
1550 5555 1657 5618 nuper
1671 5540 1734 5602 unt
1747 5541 1947 5618 propositum

1156 5059 1265 5134 potius
1295 5059 1385 5118 asset
1413 5054 1645 5131 interpretatio
1673 5053 1832 5116 iacienda.
1860 5055 1947 5116 Unde
