4226 6372
184 273 241 336 921

183 431 285 494 iidem
299 428 498 504 liberalitate
513 428 630 505 ipsius,
649 441 688 488 ac
698 425 807 502 gratia
817 437 884 486 non
897 437 978 486 con-

177 528 277 600 tenti,
293 527 395 589 multo
406 525 549 602 amplius
564 537 769 599 occupavere
783 519 824 582 de
838 521 928 580 terra
942 520 977 579 in

185 628 278 702 parte
303 623 475 701 praedicta;
502 623 575 698 ipso
605 619 840 682 contendentes
872 615 977 677 invito

185 723 312 784 armata
325 737 436 792 mauu,
451 719 536 796 quod
553 715 767 794 occuparunt,
783 715 896 776 taliter
918 727 976 774 re-

184 819 301 889 tinere,
318 818 416 894 prout
428 816 637 894 praesentatae
649 813 743 874 nobis
759 811 978 889 quorumdam

184 915 339 976 abbatum
368 912 597 975 cisterciensis
625 910 751 972 ordinis
777 910 898 970 litterae
919 909 979 968 de-

185 1014 371 1086 clarorunt;
389 1012 423 1072 in
439 1026 578 1087 quorum
595 1008 772 1086 praeseutia
788 1006 920 1084 quidam
936 1019 979 1065 ex

185 1109 411 1186 hospitalariis
433 1108 514 1184 ipsis
547 1105 791 1182 responderunt
826 1125 834 1162 :
871 1101 978 1163 eidem

185 1207 257 1281 regi
280 1205 438 1282 occupata
457 1203 629 1264 humiliter
643 1201 817 1278 repetenti,
832 1199 918 1276 quod
943 1198 978 1260 in

184 1317 294 1380 pugna
306 1300 513 1380 propterhoc
521 1301 631 1377 potius
642 1297 869 1368 morivellent,
880 1312 978 1372 quam

183 1401 359 1462 restituere
383 1399 442 1459 illa
459 1397 539 1471 sibi;
565 1397 623 1458 sed
647 1411 709 1457 nec
729 1396 792 1456 hoc
820 1392 975 1462 contenti,

184 1497 335 1558 homines
361 1499 434 1572 ejus
458 1493 605 1570 capiunt,
631 1492 786 1554 indebitis
802 1506 859 1552 eos
875 1504 979 1550 euac-

183 1593 330 1656 tionibus
343 1591 575 1667 aggravantes
587 1591 621 1652 et
632 1590 709 1650 aliis
720 1588 783 1664 ipsi
793 1586 979 1648 innumeris

183 1689 339 1767 injuriosi
367 1688 548 1750 existentes
572 1687 752 1764 plurimum
774 1686 806 1747 et
831 1685 977 1756 molesti;

184 1803 224 1848 ac
247 1786 453 1848 condItiones
480 1785 521 1846 ab
543 1785 659 1846 eodem
680 1799 760 1858 rege
785 1797 886 1859 super
907 1797 981 1842 mo-

185 1886 281 1946 nesta
293 1883 409 1960 ipsius,
422 1883 455 1944 61
464 1881 661 1959 quibusdam
676 1881 752 1942 aliis
765 1879 915 1941 articulis
931 1878 980 1939 eis

184 1981 367 2057 impositas,
406 1995 482 2040 oum
512 1979 720 2054 Hungariam
760 1975 978 2047 intraverant,

185 2093 320 2140 servare
335 2077 498 2147 nolentes,
515 2077 653 2153 propter
677 2075 796 2152 quoda
811 2073 980 2136 nonnullis

185 2175 357 2246 asseritur,
370 2174 457 2251 quod
472 2175 631 2251 unquam
647 2172 735 2248 ignis
750 2171 785 2232 in
803 2171 890 2242 sinu,
907 2186 980 2230 mus

185 2273 220 2334 in
236 2287 327 2350 pera,
339 2273 371 2332 et
382 2286 518 2347 serpens
546 2271 580 2331 in
597 2268 740 2345 gremio,
763 2269 819 2344 qui
834 2267 980 2343 hospites

186 2385 264 2432 suos
275 2385 372 2430 mane
381 2367 608 2438 remunerant,
625 2366 693 2428 sint
702 2365 809 2428 eidem
823 2365 895 2440 regi
908 2365 982 2426 hos·

186 2466 336 2542 pitalarii
348 2463 540 2542 supradicti.
558 2461 722 2525 Praelatus
732 2463 842 2538 itaque
857 2476 918 2522 rex
928 2461 981 2522 de-

186 2565 262 2625 vote
273 2563 452 2639 plurimum
465 2560 645 2637 postulavit
655 2575 675 2620 a
687 2558 793 2630 nobis,
805 2558 980 2620 uteesdem

187 2659 422 2735 hospitalarios
453 2657 654 2718 liberalitate
690 2656 798 2732 ipsius
838 2655 980 2731 quadam

186 2757 282 2818 tenus
297 2756 397 2818 etiam
408 2754 591 2826 abutentes,
608 2753 784 2829 protentae
802 2752 978 2827 ingratitu-

188 2853 275 2913 dinis
289 2852 370 2914 vitio
382 2867 417 2912 se
430 2849 646 2912 reddiderunt
660 2849 826 2924 indignos,
841 2848 982 2909 manda-

187 2965 310 3020 remus,
335 2963 408 3009 esse
429 2946 612 3017 contentos
640 2947 674 3008 et
695 2945 736 3006 ab
765 2945 980 3021 usurpatione

189 3045 337 3123 qualibet
351 3043 510 3106 cohiberi.
526 3043 729 3102 domantem
750 3041 901 3116 religiosi
916 3041 981 3102 viri

190 3143 245 3219 qui
259 3140 394 3219 propria
406 3139 620 3219 perfectionis
629 3153 742 3199 amore
755 3137 979 3209 contemnunt,

189 3238 300 3301 aliena
316 3254 382 3299 non
397 3237 517 3300 debent
532 3251 705 3312 usurpare,
721 3251 782 3296 nec
796 3235 881 3306 sunt,
899 3249 981 3312 quos

190 3352 257 3398 nou
277 3335 435 3396 dedeceat
456 3349 573 3410 aspere
599 3335 714 3394 contra
739 3331 983 3393 benefactorem

191 3449 286 3494 suum
308 3447 407 3508 super
426 3430 598 3492 beneficiis
619 3431 690 3507 ejus
711 3429 901 3506 procedere,
923 3443 984 3489 ne·

190 3530 267 3591 dum
281 3529 387 3591 eidem
402 3527 561 3604 injuriam
575 3527 629 3588 vel
643 3542 824 3602 gravamen
845 3526 980 3598 inferre,

191 3642 230 3688 ac
243 3643 303 3704 pro
317 3626 403 3688 bono
415 3624 600 3686 retribuere
613 3624 677 3684 sibi
693 3625 832 3699 malum,
846 3624 982 3688 6110111-

191 3739 292 3800 guum
307 3724 438 3794 existat,
451 3722 537 3800 quod
548 3722 622 3800 quis
631 3721 752 3784 sentiat
766 3737 810 3782 eu
819 3737 880 3782 sua
895 3721 982 3782 libe-

191 3821 324 3882 ralitate
339 3821 505 3898 jacturam
531 3841 538 3880 2
565 3818 765 3880 fraternitati
786 3818 905 3880 vestrae
925 3833 984 3896 per

192 3925 381 4001 apostolica
396 3926 519 4001 scripta
540 3924 745 3996 mandamus,
762 3925 924 4000 quatenus
942 3923 983 3984 ad

192 4022 302 4082 locum
334 4019 555 4096 personaliter
586 4020 792 4092 accedentes,
825 4021 984 4098 inquisita

193 4132 294 4197 super
306 4118 359 4178 his
367 4116 714 4188 summatimveritate‚
726 4117 984 4192 praenominatos

193 4214 440 4291 hospitalarios,
477 4214 514 4275 ut
541 4212 709 4274 concessis
738 4213 787 4274 eis
822 4216 856 4274 iu
891 4214 984 4290 regia

194 4311 373 4373 donatione
386 4309 539 4372 terminis
551 4309 618 4371 siut
631 4310 791 4385 contenti3
808 4309 841 4371 61
850 4312 985 4372 easdem

194 4409 400 4470 conditiones
424 4406 610 4478 observent,
628 4422 687 4482 per
702 4421 859 4467 censuras
875 4408 984 4468 eccle-

194 4506 360 4576 siasticas,
389 4505 612 4581 appellatione
631 4504 823 4580 postposita,
840 4505 983 4580 cogatis3

194 4602 393 4663 cumeodem
412 4615 491 4676 rege
504 4601 651 4676 insuper,
668 4601 704 4661 01
725 4601 840 4662 contra
861 4600 986 4663 libera·

194 4699 321 4761 litatem
347 4715 441 4760 suam
464 4713 531 4759 non
560 4697 674 4759 veniat
699 4697 915 4759 nihilominus
929 4698 984 4760 10-Ι

195 4797 336 4869 cientes3
351 4811 418 4856 non
432 4794 638 4856 obstantibus
652 4794 772 4856 litteris
794 4795 835 4856 ad
855 4795 983 4856 1111160-

194 4893 285 4961 welt,
301 4893 342 4952 de
356 4892 452 4967 Egris
468 4892 501 4952 et
523 4891 563 4952 de
578 4893 666 4952 Kerc
693 4891 828 4953 abbates
854 4909 874 4954 a
901 4893 985 4954 Sede

194 4988 383 5066 Apostolica
406 4987 603 5064 impetratis.
633 4986 725 5060 Quod
753 4988 782 5048 si
810 5004 876 5050 non
909 5005 984 5050 om-

195 5103 266 5155 nes,
295 5087 357 5147 etc.
382 5087 501 5146 Datum
526 5085 638 5157 Reate,
673 5084 741 5145 hal.
776 5086 984 5163 septembris,

197 5197 284 5244 anuo
298 5183 436 5245 decimo.

805 259 1031 326 EPISTOLAE.
1061 261 1137 324 LIB.
1160 257 1201 325 X.

1366 431 1493 520 XXVI

1180 584 1432 660 decapitatum
1446 586 1677 646 Orodiensem.

1298 713 1463 786 3septemb.
1481 713 1560 772 1225.

1225 837 1314 902 [FeJem
1328 837 1390 889 Cod.
1404 837 1478 902 dipl,
1489 839 1532 898 ΙΙΙ,
1546 853 1574 896 rr,
1588 837 1639 902 so]

1034 959 1230 1034 Praepositum,
1247 976 1263 1018 a
1279 977 1310 1018 se
1328 963 1517 1032 nominatum,
1536 963 1685 1020 Orodiensi
1702 967 1825 1039 capitulo

1093 1063 1158 1106 cum
1175 1050 1334 1108 reverentia
1346 1051 1560 1124 suscipiendum
1572 1054 1763 1112 commendat.

1073 1185 1251 1256 Honorius,
1266 1185 1342 1258 etc,
1354 1185 1529 1246 Orodiensi
1542 1188 1698 1262 capitulo

1073 1281 1290 1357 iampridem
1305 1284 1525 1359 praepositura
1538 1286 1649 1346 vestra
1674 1289 1828 1362 vacante,

1034 1393 1109 1439 cum
1119 1379 1243 1453 regalis
1258 1379 1389 1452 existat,
1407 1381 1441 1441 et
1454 1396 1513 1456 per
1527 1381 1590 1441 hoc
1609 1383 1651 1442 ad
1675 1399 1736 1444 nos
1756 1388 1828 1462 ejus

1035 1475 1179 1548 collatio,
1197 1477 1238 1536 ad
1260 1492 1373 1551 regem
1396 1492 1475 1538 vero
1491 1481 1704 1554 praesentatio
1718 1484 1827 1558 perti-

1034 1588 1115 1636 nere
1141 1575 1308 1644 noscatur,
1342 1588 1416 1634 eam
1442 1574 1563 1636 dilecto
1598 1575 1678 1649 tilio,
1705 1580 1827 1640 ioanni

1035 1665 1205 1748 capuciio]
1233 1668 1435 1730 subdiacono
1461 1672 1493 1732 et
1518 1672 1691 1748 capellano
1715 1675 1829 1738 nostro

1036 1766 1191 1826 duximus
1215 1765 1476 1842 concedendam
1504 1784 1694 1847 superque
1723 1773 1830 1833 caris-

1035 1863 1163 1924 simoin
1173 1863 1303 1924 Christo
1316 1863 1385 1925 lilio
1399 1865 1511 1926 nostro
1527 1864 1692 1947 [Andreae]
1705 1868 1828 1932 illustri

1035 1961 1106 2036 regi
1131 1961 1323 2035 Hungariae,
1342 1964 1413 2037 jam
1435 1961 1557 2023 dudum
1577 1965 1826 2039 destinavimus,

1036 2058 1069 2118 et
1096 2073 1184 2116 nunc
1213 2057 1312 2118 etiam
1341 2057 1517 2134 dirigimus
1546 2061 1669 2137 scripta
1696 2064 1827 2140 nostra3

1036 2155 1237 2216 comantem
1253 2153 1348 2216 uobis
1364 2157 1451 2217 esset
1466 2156 1634 2230 indecens
1647 2159 1677 2218 si
1693 2175 1829 2236 praeuo-

1037 2252 1182 2312 minatus
1213 2250 1407 2328 capellanus
1440 2253 1530 2315 circa
1562 2253 1681 2316 1601610
1713 2257 1777 2318 sibi
1809 2275 1830 2320 a

1036 2347 1131 2410 nobis
1146 2349 1336 2425 hujusmodi
1350 2350 1504 2424 gratiam,
1519 2351 1756 2427 difficultatem,
1772 2354 1827 2416 vel

1036 2445 1243 2508 obstaculum
1258 2446 1439 2508 sustineret
1462 2464 1557 2519 :nos,
1577 2449 1735 2526 quidquid
1758 2450 1830 2514 fac·

1035 2546 1104 2605 tum
1120 2543 1180 2614 est,
1197 2543 1296 2603 aliter
1306 2543 1345 2604 de
1363 2545 1579 2620 praepositura
1593 2547 1830 2622 praemiacum

1036 2641 1151 2701 contra
1191 2640 1440 2700 concessionem
1475 2643 1623 2702 nostram
1648 2644 1681 2704 id
1718 2647 1830 2710 actum

1036 2735 1165 2806 luisset,
1180 2734 1311 2795 irritum
1327 2735 1535 2797 decrevimus
1550 2741 1583 2798 et
1595 2740 1705 2801 inane.
1721 2745 1832 2813 Quare

1037 2832 1289 2894 universitatem
1303 2833 1447 2894 vestram
1459 2850 1641 2907 monemus,
1653 2852 1712 2912 per
1723 2841 1831 2914 Apos-

1036 2928 1238 2990 tolicavobis
1247 2929 1371 3005 scripta
1384 2930 1523 2991 tirmiter
1532 2933 1738 3003 mandantes,
1748 2951 1832 3012 qua·

1035 3028 1132 3087 tenus
1148 3025 1254 3086 eidem
1268 3026 1452 3103 capellano,
1478 3027 1637 3104 tanquam
1651 3032 1830 3108 praeposito

1036 3126 1147 3186 vestro
1172 3123 1270 3200 plene
1298 3123 1338 3184 de
1367 3124 1488 3186 caetero
1525 3125 1719 3204 intendatis;
1756 3133 1829 3207 ejus

1038 3219 1159 3282 nuncio
1171 3220 1211 3281 de
1226 3220 1331 3297 ipsius
1350 3222 1577 3298 praepositurae
1598 3225 1725 3286 viribus
1744 3227 1832 3288 inte-

1037 3333 1097 3393 gre
1113 3317 1364 3394 respondentes.
1387 3320 1506 3380 Datum
1528 3321 1642 3394 Reate,
1663 3324 1709 3384 Ill
1724 3339 1830 3386 nonas

1038 3415 1243 3492 septembris,
1260 3430 1349 3477 anno
1362 3415 1500 3477 decimo.

1359 3657 1506 3744 XXVII

1131 3809 1183 3868 Ad
1196 3808 1382 3876 Androcus,
1398 3821 1518 3882 reperti
1530 3811 1735 3886 Hureparioe.

1299 3935 1470 4009 lseptemb.
1492 3937 1569 3995 1225.

1178 4058 1267 4122 [Fejer,
1282 4057 1344 4108 Cod.
1356 4055 1419 4121 dipl.
1432 4041 1523 4123 liung,
1540 4059 1583 4118 Ill,
1596 4074 1625 4120 u,
1638 4061 1691 4127 51]

1039 4182 1161 4243 budreae
1186 4197 1217 4240 se
1244 4181 1427 4256 praepositum
1436 4183 1640 4325 flOrodieusem
1664 4189 1829 4248 nominasse

1357 4271 1433 4344 signi
1456 4278 1511 4329 cat.

1079 4387 1257 4458 Honorius,
1274 4387 1336 4448 etc.

1078 4484 1302 4562 iampridem
1328 4484 1502 4546 Orodiensi
1518 4489 1739 4564 praepositura
1764 4511 1828 4557 va-

1040 4583 1146 4654 cante,
1160 4598 1259 4659 quuur
1274 4583 1397 4657 regalis
1412 4583 1544 4654 existat,
1568 4599 1607 4644 ac
1628 4601 1688 4661 per
1711 4588 1773 4650 hoc
1788 4595 1830 4654 ad

1041 4697 1101 4742 nos
1128 4683 1199 4757 ejus
1219 4678 1362 4749 collatio,
1393 4679 1434 4739 ad
1459 4679 1492 4740 te
1518 4695 1597 4742 vero
1620 4688 1831 4758 praesentatio

1040 4775 1210 4856 praepositi
1224 4777 1392 4851 pertinere
1417 4777 1588 4852 noscatur;
1611 4794 1684 4840 eam
1710 4782 1830 4848 dilecto

1041 4875 1109 4936 lilio
1124 4871 1269 4936 iohanni
1284 4869 1452 4950 [capucio]
1464 4871 1705 4940 subdiaconoet
1719 4883 1832 4957 capel-

1040 4973 1117 5034 lano
1145 4971 1270 5041 nostre,
1301 4971 1334 5030 61
1356 4968 1477 5030 clerico
1506 4971 1575 5042 tuo,
1609 4972 1670 5033 tibi
1700 4976 1828 5054 devoto,

1041 5069 1199 5148 quantum
1219 5067 1253 5126 in
1267 5065 1362 5126 nobis
1380 5065 1453 5136 1011,
1468 5066 1623 5128 duximus
1642 5073 1831 5137 eonceden-

1041 5167 1132 5241 dam;
1149 5163 1321 5224 monentes
1331 5161 1560 5225 celsitudinem
1575 5167 1711 5242 regiam,
1725 5171 1756 5233 et
1769 5189 1828 5235 ro.

1041 5263 1169 5339 gentes
1185 5261 1221 5321 01
1230 5259 1372 5336 gratiam
1386 5259 1449 5320 sibi
1464 5259 1591 5323 iaceres
1602 5263 1643 5324 de
1657 5265 1730 5338 hoc,
1743 5272 1829 5345 quod

1042 5359 1084 5421 ad
1098 5362 1130 5420 te
1145 5359 1180 5418 iu
1194 5357 1412 5433 praepositura
1425 5357 1498 5434 ipsa
1512 5361 1686 5435 spectaret,
1704 5365 1831 5431 nullum

1042 5455 1102 5518 tibi
1112 5469 1171 5532 per
1183 5454 1246 5514 hoc
1258 5454 1293 5513 in
1307 5455 1475 5529 posterum
1490 5457 1719 5532 praejudicium
1733 5479 1831 5538 gene-

1043 5551 1159 5614 rando.
1173 5550 1213 5612 Ei
1225 5551 1355 5627 quidem
1370 5551 1410 5614 de
1420 5551 1532 5613 nostro
1543 5553 1576 5613 et
1588 5555 1644 5614 tuo
1653 5558 1830 5632 gratificati
