4258 6394
653 258 658 288 ³
752 291 992 354 -ueisuonm
1016 294 1095 354 nm.
1119 294 1205 355 vni.

224 606 275 664 Ad
296 608 336 666 D.
354 607 580 668 Drorzotscnm
596 609 730 669 ordinis
741 608 897 682 fratrum

464 706 652 765 Minorum.

419 832 453 890 19
468 831 601 890 novemb.
620 831 700 890 naa

354 953 511 1018 [Cherubini,
522 954 672 1014 Bullatium,
682 955 703 1015 1,
715 955 784 1054 811]ἱ

163 1072 166 1086 ¹
184 1079 364 1152 approbatio
379 1079 487 1153 regule
498 1086 527 1137 et
541 1079 647 1137 ordinis
661 1079 780 1138 fratrum
795 1067 935 1140 ltinorum

367 1169 370 1174 '
461 1169 490 1226 S.
505 1169 659 1225 Francisci.

199 1283 370 1345 Honorius
381 1284 693 1362 episcopusservus
703 1300 874 1345 servorum
884 1283 955 1357 Dei,

154 1378 293 1442 dilectis
309 1380 392 1442 filiis
401 1381 496 1442 tratri
521 1383 729 1453 FransciscO,
744 1382 777 1443 et
791 1381 867 1443 aliis
883 1381 956 1444 tra-

101 1465 104 1472 ’
152 1469 322 1538 tribusde
338 1477 454 1538 ordine
467 1475 608 1538 fratrum
620 1479 798 1550 Minorum,
816 1478 957 1539 salutem

153 1573 192 1636 et
207 1572 435 1650 apostolicam
445 1573 722 1635 benedictionem.

201 1669 295 1732 Solet
306 1685 453 1731 annuere
470 1670 572 1732 Sedes
586 1671 777 1746 Apostolica
792 1671 856 1748 piis
871 1671 958 1734 votis

154 1766 192 1828 et
222 1767 372 1828 honestis
401 1767 582 1842 petentium
604 1767 780 1829 desideriis
809 1767 957 1830 savorem

153 1861 353 1924 benivolum
381 1863 557 1940 impertiri.
582 1865 775 1940 Eapropter,
797 1863 909 1926 dilecti
921 1865 957 1924 in

154 1959 302 2020 Domino
315 1959 387 2032 tilii,
401 1960 522 2022 vestris
537 1960 601 2037 piis
622 1961 777 2038 precibus
792 1961 955 2032 inclinati,

154 2055 289 2118 ordinis
318 2056 421 2118 vestri
446 2057 596 2133 regulam
623 2057 759 2118 abonae
787 2058 957 2118 memoriae

153 2154 356 2215 Innocentio
379 2167 464 2229 papa
490 2153 736 2229 praedecessore
763 2154 876 2215 nostro
897 2169 957 2230 ap-

152 2247 344 2326 probatam,
361 2248 552 2311 annotatam
572 2248 793 2327 praesentibus
809 2251 959 2312 auctori·

152 2339 229 2407 tate
243 2345 338 2407 vobIs
349 2346 539 2422 Apostolica
552 2346 796 2420 confirmamus,
813 2347 847 2410 et
865 2363 956 2424 prae-

153 2441 265 2502 sentis
279 2443 393 2520 scripti
407 2441 592 2520 patrocinio
607 2443 858 2506 communimus.
877 2445 956 2517 Quas

156 2538 242 2600 talis
256 2538 317 2600 est.

201 2673 241 2732 In
251 2671 385 2734 nomine
399 2671 542 2734 Domini.

199 2769 321 2845 Incipit
335 2769 451 2846 regula
477 2771 512 2832 et
534 2769 603 2833 vita
623 2769 761 2832 fratrum
775 2769 953 2834 Minorum.

492 2901 570 2963 Gne.
593 2903 619 2962 I.

197 3014 329 3090 Regula
344 3015 377 3076 et
389 3015 459 3077 vita
471 3014 611 3077 tratrem
622 3016 787 3077 Minorum
803 3015 876 3077 haec
891 3013 953 3087 est,

155 3111 290 3172 scilicet
303 3111 435 3172 Domini
450 3112 556 3173 nostri
567 3115 647 3174 iesu
662 3112 787 3173 Christi
802 3113 955 3174 sanctum

154 3208 378 3284 Evangelium
394 3207 584 3278 observare,
594 3208 737 3270 vivendo
751 3208 956 3270 inobedien-

153 3305 223 3378 tia,
252 3305 325 3367 sine
353 3305 488 3382 proprio
526 3306 558 3368 et
586 3305 621 3366 in
645 3305 810 3368 castitate.
839 3307 956 3367 Frater

153 3401 359 3464 Franciscus
374 3403 537 3479 promittit
559 3401 792 3475 obedientiam,
809 3403 843 3464 et
853 3417 954 3466 reve·

153 3498 303 3561 rentiam
327 3497 461 3560 domino
476 3515 569 3576 papae
593 3500 753 3572 Honorio,
768 3515 955 3561 acsucces·

153 3593 291 3656 soribus
311 3597 385 3670 ejus
400 3595 560 3656 canonice
573 3594 789 3665 intrantibus
802 3596 835 3657 et
845 3595 956 3656 Eccle-

154 3691 217 3752 siae
233 3693 403 3754 Romanae.
414 3692 453 3752 Et
467 3689 526 3754 alii
536 3690 656 3754 tratres
667 3691 844 3753 teneantur
858 3691 955 3753 tratri

1750 299 1810 375 466

1014 451 1044 512 si
1059 449 1170 514 iacere
1180 469 1247 514 non
1257 453 1437 531 potuerint,
1453 455 1578 524 sutilcit
1591 457 1641 518 eis
1655 454 1743 519 bona
1756 474 1813 520 vo·

1014 549 1137 610 lunias.
1155 551 1194 612 et
1204 552 1345 614 caveant
1356 551 1476 615 tratres
1491 557 1524 617 et
1537 569 1650 616 eorum
1665 555 1811 617 ministri

1014 661 1055 730 ne
1071 646 1207 709 solliciti
1222 648 1290 710 sint
1304 649 1344 710 de
1359 649 1458 710 rebus
1473 651 1545 712 suis
1557 652 1808 728 temporalibus,
1912 707 1930 724 χ

1014 743 1047 804 et
1063 742 1167 806 libere
1181 743 1307 807 iaciant
1320 746 1360 807 de
1372 747 1470 808 rebus
1481 747 1552 808 suis
1568 749 1727 826 quidquid
1742 752 1811 811 Do·

1013 839 1123 900 minus
1138 839 1353 918 inspiraverit
1372 844 1433 904 eis.
1449 843 1485 904 Si
1498 844 1609 906 mmen
1632 846 1813 906 consilium¹

1012 937 1214 1013 requiratur,
1228 938 1397 1000 licentiam
1413 940 1559 1002 babeant
1571 941 1717 1002 ministri
1727 943 1810 1004 mit-

1013 1032 1104 1094 tendi
1119 1049 1176 1096 eos
1189 1035 1230 1094 ad
1241 1035 1370 1114 aliquos
1378 1039 1483 1098 Deum
1495 1037 1660 1110 timentes,
1669 1054 1810 1114 quorum

1013 1130 1152 1191 consilio
1176 1130 1264 1192 bona
1291 1149 1352 1196 sua
1383 1132 1586 1211 pauperibus
1617 1135 1808 1210 erogentur.

1012 1227 1131 1288 Postea
1145 1229 1327 1291 concedant
1342 1231 1391 1291 eis
1406 1246 1512 1291 annos
1524 1230 1742 1308 probationis,
1756 1231 1810 1292 vi-

1012 1323 1133 1386 delicet
1146 1324 1228 1386 duas
1241 1326 1372 1389 tunicas
1387 1327 1459 1390 sine
1475 1328 1625 1404 capucio,
1641 1328 1675 1389 et
1685 1329 1810 1405 cingu-

1012 1422 1081 1481 lum
1097 1421 1129 1482 et
1143 1420 1281 1482 braccas
1300 1423 1333 1484 et
1346 1439 1545 1500 caperonem
1559 1440 1664 1500 usque
1681 1424 1723 1486 ad
1738 1425 1813 1486 cin-

1011 1517 1137 1592 guium,
1148 1517 1215 1578 nisi
1227 1519 1810 1584 eisdemministrisaliudsecundum

1011 1615 1114 1673 Deum
1130 1614 1309 1690 aliquando
1323 1616 1487 1679 videatur.
1504 1618 1614 1679 Finito
1627 1633 1706 1679 vero
1721 1633 1814 1688 anno,

1012 1709 1234 1785 probationis,
1269 1712 1474 1788 recipiantur
1498 1714 1539 1774 ad
1574 1713 1809 1790 obedientiam,

1012 1807 1242 1882 promittentes
1251 1809 1354 1870 vitam
1367 1809 1465 1871 istam
1477 1809 1510 1871 et
1519 1811 1669 1886 regulam
1680 1825 1811 1890 semper

1012 1901 1203 1972 observare.
1219 1905 1259 1965 nt
1272 1905 1363 1968 nullo
1376 1906 1473 1967 modo
1488 1906 1603 1968 licebit
1625 1908 1674 1968 eis
1688 1907 1729 1968 de
1743 1908 1811 1970 ista

1012 1998 1175 2074 religione
1203 2001 1307 2073 exire,
1335 2003 1434 2078 juxta
1457 2003 1649 2064 mandatum
1681 2003 1808 2064 domini

1012 2111 1118 2172 papae,
1136 2097 1214 2173 quia
1228 2097 1408 2159 secundum
1425 2101 1576 2161 sanctum
1592 2099 1810 2176 Evangelium
1844 2103 1848 2112 '

1011 2209 1111 2256 nemo
1126 2195 1269 2256 mittans
1291 2210 1437 2256 moutam
1452 2199 1498 2258 ad
1516 2198 1691 2268 aratrum,
1703 2197 1736 2258 ct
1750 2211 1812 2258 os-

1009 2293 1142 2364 pictens
1162 2291 1260 2352 retro
1282 2293 1384 2366 aptos
1407 2293 1459 2354 est
1480 2307 1588 2369 reptio
1609 2297 1682 2354 Det.
1696 2295 1736 2355 ut
1751 2293 1808 2370 qui

1007 2388 1078 2464 jam
1118 2387 1342 2464 promiserunt
1377 2388 1620 2462 obedientiam,
1664 2389 1811 2452 habeant

1011 2489 1111 2544 unam
1134 2485 1282 2546 tunicam
1306 2500 1381 2546 cum
1399 2487 1549 2563 capucio,
1566 2487 1600 2548 et
1616 2487 1716 2548 aliam
1737 2487 1811 2548 sine

1011 2581 1149 2656 capucio
1163 2581 1219 2659 qui
1233 2581 1402 2644 voluerint
1415 2581 1550 2644 habere.
1567 2583 1607 2646 ut
1622 2585 1682 2661 qui
1697 2598 1811 2648 neces·

1011 2677 1109 2738 sitate
1153 2679 1318 2754 coguntur
1351 2679 1481 2754 possint
1512 2681 1647 2757 portare
1682 2680 1811 2742 calcia-

1010 2775 1134 2835 menta.
1148 2774 1187 2836 nt
1198 2775 1318 2836 iratres
1334 2790 1449 2836 omnes
1463 2776 1672 2838 vestimentis
1684 2776 1814 2838 vilibus·

1011 2869 1203 2941 induantur,
1216 2873 1249 2932 et
1261 2871 1390 2947 possint
1400 2887 1439 2934 ea
1453 2873 1619 2948 repetiere
1634 2873 1675 2934 de
1690 2873 1809 2942 saccis,

1010 2967 1043 3027 et
1063 2967 1138 3027 aliis
1163 2967 1261 3043 petiis
1286 2982 1361 3028 cum
1384 2967 1616 3032 benedictione
1631 2970 1702 3030 Dei.
1719 2971 1809 3042 Quos

1011 3078 1129 3124 moneo
1144 3065 1177 3125 et
1191 3063 1350 3125 exhortor
1362 3079 1403 3125 ne
1417 3065 1613 3142 despiciant,
1629 3081 1737 3144 neque
1751 3068 1812 3148 jue

1011 3158 1122 3221 dicent
1135 3159 1287 3252 homines
1307 3177 1390 3238 quos
1409 3161 1565 3223 mollibus
1577 3162 1724 3224 viderint
1738 3177 1810 3244 ves·

1009 3257 1169 3338 timentis,
1186 3257 1219 3319 et
1247 3256 1403 3321 coloratis
1433 3259 1578 3332 indutos,
1592 3259 1641 3321 uti
1669 3259 1752 3320 cibis
1773 3260 1806 3321 et

1010 3353 1141 3430 potibus
1165 3353 1335 3427 delicatis;
1362 3355 1418 3416 sed
1445 3355 1552 3432 magis
1576 3357 1806 3435 unusquisque

1006 3451 1134 3528 judicet
1145 3452 1179 3513 et
1189 3450 1352 3529 despiciat
1366 3453 1595 3532 semetipsum.

1334 3611 1412 3674 Car.
1427 3614 1484 3673 111.

1050 3741 1171 3804 Clerici
1180 3741 1459 3805 iaciantdivinum
1472 3743 1618 3806 officium
1628 3743 1810 3806 secundum

154 3787 358 3850 Franscisco
373 3789 487 3866 etejus
502 3789 751 3851 successoribus
767 3787 913 3851 obedire.
1010 3839 1160 3900 ordinem
1174 3841 1298 3900 sanetae
1311 3843 1469 3902 Romana,
1488 3841 1657 3912 Ecclesia
1669 3842 1809 3918 excepto

489 3922 567 3984 CAP·
581 3923 623 3981 Π·
1009 3936 1180 4013 psalterio,
1194 3952 1238 3997 ex
1250 3951 1315 4012 quo
1326 3927 1450 3997 habere
1461 3937 1615 4013 poterunt
1624 3936 1808 3999 breviante.

197 4036 232 4097 Si
250 4035 308 4112 qui
321 4035 489 4097 voluerint
517 4035 604 4096 banc
618 4035 721 4097 vitam
736 4036 898 4111 accipere,
922 4036 954 4096 et
1009 4033 1102 4094 inici
1138 4048 1219 4095 vero
1246 4031 1359 4094 dicant
1385 4033 1505 4109 viginti
1533 4033 1676 4110 quatuor
1698 4034 1810 4095 Potor

153 4131 313 4194 venerint
327 4132 367 4192 ad
381 4131 500 4194 tratres
522 4133 665 4204 nostros,
692 4131 824 4193 mittant
837 4147 894 4192 eos
912 4131 954 4192 ad
1009 4131 1128 4191 noster
1141 4145 1202 4206 pro
1216 4130 1390 4202 matutine,
1405 4147 1465 4208 pro
1475 4130 1630 4192 laudibus
1648 4131 1805 4208 quinque,

154 4245 237 4291 suos
252 4228 421 4290 ministros
437 4227 671 4304 provinciales,
692 4227 811 4306 quibus
829 4227 956 4290 solum·
1009 4241 1068 4304 pro
1082 4227 1200 4303 prima,
1215 4225 1326 4300 tertia,
1340 4230 1446 4300 sexta,
1464 4241 1566 4300 nona,
1581 4243 1641 4306 pro
1661 4219 1809 4306 qualibet

153 4327 255 4388 modo
271 4330 304 4387 et
318 4340 384 4385 non
399 4325 487 4398 aliis,
504 4323 624 4386 tratres
643 4325 827 4402 recipiendi
847 4326 954 4386 licen·
1008 4324 1148 4384 istarum
1161 4324 1297 4400 septem,
1315 4340 1374 4401 pro
1388 4325 1539 4403 vesperis
1551 4327 1662 4386 autem
1677 4325 1808 4388 duode-

154 4425 204 4486 tla
234 4423 451 4485 concedatur.
482 4422 629 4484 Ministri
655 4437 736 4484 vero
772 4422 954 4498 diligenter
1008 4421 1810 4499 cim;procompletorioseptem,etorentprode-

154 4520 351 4582 examinent
366 4535 422 4580 eos
436 4517 546 4580 deilde
561 4517 726 4581 catholica
737 4518 771 4581 et
782 4519 955 4580 ecclesias·
1008 4517 1142 4580 iunctis.
1153 4519 1193 4578 Et
1202 4519 1357 4594 jejunent
1371 4518 1485 4582 atesto
1499 4519 1653 4582 Omnium
1669 4520 1810 4584 Sancto-

154 4618 232 4678 ticis
249 4617 479 4678 sacramentis.
505 4617 574 4678 Etsi
587 4616 784 4678 haecomnia
804 4617 952 4690 credant,
1007 4614 1478 4692 rum,usqueadNativitatem
1491 4617 1636 4677 Domini.
1651 4617 1808 4678 Sanctam

155 4717 189 4776 et
202 4709 308 4776 velint
323 4729 363 4774 ea
392 4711 534 4776 fideliter
557 4713 721 4787 confiteri,
749 4715 783 4774 et
797 4729 902 4790 usque
917 4714 952 4774 in
1007 4727 1086 4772 vero
1098 4710 1810 4790 Quadragesimam,quaeincipitabEpipha-

154 4811 257 4873 tlnem
273 4810 411 4871 tirmiter
424 4810 602 4871 observare
620 4811 652 4872 et
669 4825 791 4871 uxores
806 4825 873 4872 non
887 4809 952 4872 ha·
1007 4808 1213 4881 niaDomini,
1224 4824 1328 4886 usque
1342 4808 1383 4869 ad
1397 4809 1572 4870 continuos
1587 4807 1808 4887 quadraginta

155 4908 268 4980 beant,
286 4907 339 4970 vel
355 4907 384 4968 si
404 4906 539 4980 babent,
562 4907 595 4970 et
622 4908 862 4969 monasterium
882 4910 952 4984 jam
1007 4906 1089 4978 dies,
1107 4921 1206 4983 quam
1216 4905 1376 4967 Dominus
1389 4921 1449 4966 suo
1465 4905 1579 4968 sancto
1586 4905 1716 4982 jejunio
1732 4922 1809 4968 con·

156 5005 368 5078 intraverint,
381 5020 515 5075 uxores,
530 5004 582 5065 vel
598 5004 768 5066 licentiam
783 5005 832 5065 eis
847 5005 951 5066 dede·
1007 5001 1162 5074 sacravit,
1179 5001 1236 5078 qui
1262 5001 1451 5064 voluntarie
1476 5016 1550 5062 eam
1567 5001 1733 5078 jejunant,
1748 4999 1810 5064 be·

157 5103 236 5174 rint,
265 5101 464 5162 auctoritate
492 5100 673 5162 dioecesani
700 5100 848 5178 episcopi
876 5102 951 5163 voto
1007 5098 1130 5161 nedicti
1153 5099 1262 5160 sinte
1286 5099 1437 5170 Domino,
1469 5098 1502 5159 et
1526 5097 1582 5175 qui
1603 5098 1721 5162 nolunt
1741 5116 1809 5162 non

157 5198 369 5261 continentiae
381 5201 451 5273 jam
462 5198 594 5269 emisso,
608 5201 641 5259 et
655 5195 746 5258 illius
764 5198 832 5258 sint
844 5198 952 5259 aetatis
1007 5196 1084 5257 sunt
1109 5195 1280 5270 adstricti3
1298 5195 1356 5256 sed
1380 5193 1480 5256 etiam
1494 5210 1599 5270 usque
1618 5193 1660 5255 ad
1683 5195 1810 5258 Resur-

158 5311 292 5367 uxores,
310 5294 396 5372 quod
412 5311 478 5357 non
500 5295 605 5372 possit
622 5294 662 5356 de
677 5294 725 5355 eis
739 5295 820 5356 oriri
836 5295 951 5372 suspi-
1006 5292 1187 5353 rectionem
1220 5291 1349 5353 Domini
1378 5293 1542 5368 jejunent.
1575 5292 1658 5354 Aliis
1692 5295 1803 5356 autem

158 5392 222 5464 cio,
248 5392 360 5454 dicant
380 5390 449 5452 illis
472 5391 611 5453 verbum
639 5390 747 5453 sancti
766 5389 951 5466 Evangelii,
1006 5388 1210 5466 temporibus
1227 5404 1293 5451 non
1307 5390 1483 5451 teneantur
1499 5389 1620 5453 iratres
1633 5389 1699 5451 nisi
1720 5391 1806 5452 teria

159 5488 245 5564 quod
266 5489 391 5550 vadant
412 5489 445 5552 et
469 5487 615 5551 vendant
641 5487 753 5549 omnia
779 5503 841 5549 sua
865 5487 952 5550 bona
1007 5487 1101 5548 sexta
1108 5487 1285 5564 jeJunare;
1303 5487 1449 5564 tempore
1462 5503 1542 5549 vero
1553 5486 1803 5550 manitestaene-

160 5585 193 5644 et
215 5600 254 5646 ea
274 5585 429 5650 studeant
454 5585 656 5664 pauperibus
679 5599 830 5661 erogare.
859 5584 951 5657 Quod
1006 5583 1171 5647 cessitatis
1184 5598 1250 5645 non
1261 5585 1437 5648 teneantur
1452 5584 1571 5647 tratres
1586 5585 1717 5662 jejunio
1729 5601 1805 5648 cor-
