4244 6374
335 231 391 292 551

333 390 410 452 tuor
420 385 596 468 [sacculos]
607 387 921 464 sigillis...episcopi
932 387 1126 449 Bellioensis

333 489 366 548 et
380 484 598 560 diotiAEgidii
613 484 836 560 consignatos,
855 485 891 544 in
912 484 1030 561 quibus
1049 499 1128 560 qua·

332 583 408 643 tuor
420 580 563 641 sacculis
587 581 737 642 ducentae
754 596 875 641 marcae
899 581 974 640 auri
994 580 1034 640 de
1050 580 1128 640 Pel-

331 678 414 748 losa,
427 678 514 740 siout
526 678 597 753 ipss
611 677 834 738 subdiaconus
850 677 1004 748 asseruit,
1019 676 1128 738 conti-

332 774 463 845 nentur,
489 776 523 834 et
547 775 603 852 qui
628 775 770 850 quatuor
791 774 916 834 sacculi
931 773 1030 850 positi
1050 773 1128 834 sunt

273 883 280 894 ·
330 871 366 932 in
382 869 509 932 duobus
522 870 664 932 bisaccis
675 869 715 931 de
730 869 833 942 corio,
846 869 965 945 sigillis
979 869 1126 946 ejusdem

331 967 496 1044 capellani
520 967 736 1042 consignatis,
758 968 791 1028 et
814 968 935 1029 vestro.
964 966 1125 1037 Quocirca

331 1063 525 1125 discretioni
552 1065 672 1126 vestras
705 1079 765 1139 per
783 1063 974 1140 apostolica
999 1062 1124 1138 scripta

332 1160 541 1232 mandamus,
564 1163 801 1236 quatenusper
818 1175 936 1220 manus
948 1158 1126 1220 venerabi-

225 1246 234 1322 ]
330 1256 1125 1334 lisfratrisnostri...Mutinensisepisoopidspo-

330 1354 430 1415 situm
458 1354 650 1430 hujusmodi
679 1352 783 1414 nobili
804 1353 907 1415 viri...
937 1351 1124 1414 marchioni

328 1449 569 1512 Montisferrati
593 1451 768 1526 assignare
786 1450 922 1510 curetis.
948 1451 1036 1510 Sane
1059 1465 1123 1511 vo·

328 1547 449 1618 lumus,
462 1547 549 1609 sicut
559 1546 719 1624 petistisa
734 1545 842 1619 nobis,
858 1546 895 1607 ut
907 1561 966 1623 pro
982 1545 1122 1619 abbatis,

327 1644 381 1705 vel
397 1644 502 1716 illius,
517 1645 574 1722 qui
587 1643 716 1705 abbatis
732 1645 841 1706 locum
855 1643 991 1716 tenebit,
1008 1643 1124 1704 absen-

327 1741 386 1813 tia,
403 1740 606 1818 mandatum
617 1742 769 1801 nostrum
785 1756 886 1817 super
900 1740 963 1801 boc
979 1755 1045 1801 non
1060 1740 1121 1800 de-

329 1835 406 1900 beat
420 1837 597 1899 retardari.
614 1838 732 1898 Datum
748 1839 783 1898 ut
799 1851 911 1913 snpra.

665 2103 782 2190 CXLI

417 2255 470 2314 Ad
484 2255 778 2327 arehiepiscopum
788 2253 1031 2314 senonensem.

587 2383 621 2442 27
633 2380 766 2440 februarii
779 2382 858 2440 litt.

327 2505 446 2570 [Regnat.
462 2505 507 2558 lib.
519 2506 585 2565 Vlll,
596 2505 670 2570 epist.
687 2505 742 2556 sos.
757 2506 815 2556 llss.
835 2507 871 2556 La
884 2506 959 2556 Porta
971 2503 1006 2555 dn
1025 2503 1119 2569 rhein]

360 2630 476 2690 Mandat
490 2637 530 2699 ut,
546 2630 702 2688 secundum
720 2629 870 2688 facultates
887 2629 1084 2700 ecclesiarum,

377 2734 565 2794 personarum
580 2733 716 2778 numerus
731 2719 759 2776 in
774 2717 883 2776 eisdem
897 2718 1069 2774 instituatur.

362 2855 543 2923 Honorius,
579 2855 656 2925 etc„
681 2853 867 2915 venerabili
892 2852 988 2913 fratri
1005 2851 1120 2913 archi·

323 2951 479 3030 epIscopo
493 2951 689 3012 senonensi.

363 3051 413 3108 Ex
427 3047 521 3125 parte
545 3050 603 3108 tua
624 3047 688 3109 tuit
703 3047 909 3123 propositum
925 3062 1037 3108 coram
1052 3061 1118 3106 no-

323 3145 386 3218 bis,
403 3144 489 3222 quod
502 3146 537 3204 in
551 3143 747 3220 quibusdam
762 3143 995 3219 religiosorum
1006 3144 1118 3205 eccle-

324 3243 395 3314 siis,
409 3241 471 3304 tibi
486 3242 559 3316 lege
570 3241 761 3302 dioecesana
775 3240 943 3317 subjectis,
957 3240 1118 3316 inquibus

323 3341 436 3418 plures
459 3339 704 3400 consueverunt
723 3337 877 3400 monachi
897 3337 951 3398 vel
966 3338 1119 3399 canonici

323 3437 534 3507 commorari,
570 3434 611 3497 ob
642 3435 835 3496 aviditatem
863 3433 1018 3495 abbatum
1048 3434 1119 3495 sive

322 3534 471 3613 priorum
485 3533 688 3604 cluniacen,
705 3535 739 3593 et
752 3532 894 3592 aliorum
908 3531 1061 3592 ordinum
1077 3532 1118 3592 ad

323 3649 405 3710 quas
420 3631 544 3692 eaedem
557 3629 707 3691 ecclesiae
715 3629 945 3706 temporaliter
955 3629 1116 3706 spectant,

322 3729 585 3792 convertentium
610 3728 645 3787 in
664 3726 824 3788 utilitates
840 3727 992 3802 proprias
1006 3727 1120 3788 reddi-

322 3828 376 3889 tus
390 3825 592 3896 earumdem,
610 3825 656 3886 ita
668 3825 718 3886 est
732 3824 926 3887 imminutus
941 3825 1118 3886 consuetus

323 3939 480 3985 numerus
493 3937 722 4000 personarum,
748 3919 834 3997 quod
859 3921 1009 3982 ecclesiae
1036 3920 1118 3999 ipsae

323 4022 431 4083 solitis
450 4019 691 4081 defraudantur
705 4016 885 4094 obsequiis,
906 4019 940 4080 et
958 4019 1044 4095 apud
1058 4035 1119 4081 eo·

323 4134 398 4179 rum
412 4119 570 4193 patronos
581 4131 621 4176 uc
636 4115 813 4176 nonnullos
825 4114 910 4176 alios
927 4115 1118 4176 scandalum

325 4215 515 4292 generatur.
556 4212 698 4288 Ideoque
727 4211 928 4272 fraternitati
959 4213 1026 4272 tuae
1061 4228 1120 4288 per

326 4309 516 4388 apostolica
527 4309 649 4384 scripta
660 4307 866 4379 mandamus,
878 4309 1040 4384 qnatenus
1049 4324 1117 4382 eos,

326 4407 368 4471 ad
381 4421 463 4485 quos
478 4405 627 4467 scelestae
642 4404 725 4481 ipsas
741 4405 900 4482 spectant,
917 4420 1053 4466 moneas
1067 4407 1121 4466 di-

289 4534 295 4542 ·
325 4501 1121 4582 ligenter,ut,seoundumfacultatesearum‚par·

326 4619 486 4666 scnarnm
512 4615 642 4678 qnoque
678 4615 852 4660 numerum
879 4599 1054 4661 instituant
1083 4601 1119 4662 in

326 4701 463 4764 eisdem.
479 4699 650 4771 Quodnisi
669 4697 788 4775 primo,
806 4696 962 4769 secundo,
979 4696 1118 4759 tertiove

326 4797 518 4862 commoniti
538 4797 731 4859 curaverint
745 4793 939 4870 adimplere,
956 4793 991 4854 tu
1011 4794 1046 4854 in
1063 4810 1120 4858 ec-

326 4897 439 4960 clesiis
462 4895 545 4972 ipsis
574 4893 798 4971 appellatione
818 4892 945 4953 remota
969 4891 1119 4953 refirmes

326 5009 500 5057 nnmerum
518 4990 724 5060 consuetum,
747 4987 923 5048 dummodo
945 4986 1119 5052 facultates

327 5107 441 5154 earum
457 5105 524 5150 non
537 5089 603 5149 sint
618 5087 757 5148 forsitan
777 5084 1119 5162 disiectamque

327 5185 461 5250 solitum
491 5201 664 5246 nnmerum
690 5183 855 5244 sustinere
885 5197 952 5242 non
978 5183 1116 5258 possint.

327 5288 446 5350 Datum
462 5283 630 5354 Laterani,
647 5282 692 5344 111
708 5279 868 5344 kalendas
891 5279 1013 5352 martii,
1031 5295 1118 5343 anno

328 5385 456 5450 octavo.

952 227 1127 289 HONORII
1150 227 1194 286 111
1217 229 1363 290 OPERA.

1501 393 1646 482 ‘CXLII

1220 544 1937 616 Anasnodraoonnmnotanomnostmm

1424 641 1458 702 et
1472 645 1511 702 A.
1524 644 1558 703 S.
1573 642 1734 716 aaaron.

1441 771 1476 828 27
1491 770 1624 829 februarii
1634 769 1711 828 liii.

1235 893 1363 958 [Tbeiner‚
1376 892 1461 944 Codex
1473 894 1536 958 dipl.
1547 894 1617 944 dom.
1630 901 1719 958 temp,
1732 895 1751 949 l,
1762 893 1801 952 79,
1811 907 1839 944 n.
1851 891 1919 959 tto]

1215 1018 1249 1076 Ei
1266 1017 1392 1084 mandat,
1411 1025 1442 1075 nt
1465 1018 1602 1091 episcopo
1619 1020 1752 1076 firmano
1771 1019 1939 1076 comitatum

1245 1107 1409 1164 firmanum
1420 1106 1449 1162 in
1461 1105 1576 1188 feudum
1587 1121 1757 1164 mucessum
1770 1107 1907 1165 restituat

1219 1241 1386 1302 Honorius
1397 1241 1583 1318 episcopus,
1594 1255 1709 1302 servus
1720 1241 1972 1313 servorumltei,

1179 1336 1299 1398 dilecto
1314 1337 1384 1397 filio
1400 1340 1437 1396 P.
1445 1336 1648 1398 subdiacono
1662 1337 1833 1399 etnotario
1845 1339 1973 1408 nostro,

1178 1433 1479 1509 apostolicaesedis
1494 1434 1616 1509 legato,
1628 1434 1816 1496 salutemet
1831 1435 1974 1511 Aposto-

1179 1530 1277 1590 licam
1288 1529 1563 1591 benedictionem.

1217 1626 1427 1688 Venerabilis
1437 1626 1558 1690 fratrer
1569 1629 1684 1688 noster
1693 1627 1870 1689 Firmanus
1885 1628 1973 1704 epis-

1178 1739 1280 1800 copus
1293 1724 1389 1784 nobis
1404 1723 1576 1786 humiliter
1593 1725 1803 1801 supplicarit,
1819 1728 1971 1802 ntupum

1178 1837 1238 1882 nos
1253 1821 1294 1882 de
1309 1820 1466 1882 comitatu
1479 1821 1635 1882 Firmano
1649 1837 1718 1883 sues
1741 1837 1762 1882 a
1785 1821 1881 1883 nobis
1897 1837 1974 1883 res-

1177 1919 1273 1980 tituto
1284 1917 1435 1979 ecclesiae
1449 1933 1489 1978 ac
1504 1933 1661 1979 concesso
1683 1933 1758 1978 eum
1773 1918 1971 1981 investieri-

1178 2031 1251 2076 mus
1263 2015 1304 2077 de
1318 2015 1458 2076 fratrum
1469 2015 1618 2076 nostrum
1634 2015 1774 2077 consilio
1788 2031 1849 2092 per
1861 2017 1974 2078 vexil-

1178 2114 1258 2183 lum,
1277 2113 1468 2174 comitatum
1486 2112 1637 2173 eumdem
1657 2112 1699 2183 ei,
1716 2112 1773 2189 qui
1787 2112 1828 2174 ds
1842 2113 1972 2174 familia

1177 2211 1291 2270 nostra
1302 2207 1422 2280 extitit,
1435 2223 1531 2284 quem
1538 2222 1598 2268 nos
1607 2208 1836 2270 creavimusin
1845 2210 1973 2270 Firma-

1176 2314 1256 2367 num
1278 2306 1480 2382 episcopum,
1504 2305 1571 2366 ate
1583 2305 1618 2366 in
1636 2321 1718 2382 pace
1732 2306 1866 2378 dimitti,
1884 2307 1974 2368 sicut

1176 2404 1314 2480 praefata
1330 2403 1470 2464 ecclesia
1485 2403 1616 2479 plenius
1628 2403 1756 2476 babuit,
1771 2403 1970 2466 faceremus.

1176 2503 1244 2563 Nos
1259 2503 1368 2562 autern
1385 2501 1545 2572 volentes,
1562 2501 1598 2562 ut
1612 2517 1651 2562 eo
1673 2501 1805 2578 plenius
1821 2518 1883 2564 sua
1904 2502 1973 2564 sibi

1171 2601 1248 2676 iura
1262 2599 1447 2668 serventur,
1464 2613 1530 2674 quo
1544 2613 1681 2673 sperare
1695 2597 1934 2674 benignitatem
1949 2615 1971 2660 a

1174 2695 1270 2756 nobis
1283 2694 1379 2756 debet
1394 2710 1437 2755 ex
1449 2694 1608 2756 familiari
1615 2695 1785 2758 nobiscum
1796 2711 1975 2758 conversa·

1173 2793 1263 2855 tione
1275 2794 1446 2868 majorem,
1464 2791 1657 2854 discretioni
1675 2794 1741 2854 tuas
1754 2809 1815 2869 per
1828 2794 1974 2870 Aposto-

1174 2889 1239 2949 lica
1252 2888 1374 2964 scripta
1387 2888 1592 2960 mandamus,
1603 2890 1766 2966 quatenus
1776 2890 1972 2951 comitatum

1174 2984 1323 3046 eumdem
1348 3000 1424 3046 curn
1447 2986 1517 3046 suis
1540 2985 1683 3060 juribus,
1711 2986 1799 3048 sicut
1826 2986 1861 3048 in
1886 3002 1973 3063 pace

1173 3083 1434 3160 praedecessores
1455 3083 1507 3142 sui
1522 3083 1652 3158 plantus
1676 3082 1875 3156 babuerunt,
1889 3085 1973 3145 etin

1173 3181 1296 3242 nostris
1322 3180 1507 3256 privilegiis
1538 3179 1742 3252 continetur,
1771 3181 1875 3243 libere
1903 3181 1973 3242 sibi

1173 3279 1246 3338 sine
1259 3276 1406 3353 qualibet
1416 3276 1576 3337 dilatione
1586 3291 1625 3338 ac
1638 3275 1834 3339 difficultate
1853 3278 1972 3340 dimit-

1172 3377 1235 3446 tas‚
1252 3375 1286 3436 et
1297 3375 1405 3449 ipsun
1426 3373 1617 3450 episcopum
1630 3374 1750 3449 diligas
1762 3375 1795 3436 at
1810 3375 1970 3446 bonores,

1173 3471 1280 3532 eidem
1296 3471 1330 3530 in
1346 3471 1410 3542 bis,
1428 3487 1500 3547 qnae
1516 3485 1584 3532 sum
1604 3471 1787 3548 respiciunt
1807 3471 1973 3534 bonorem

1174 3567 1323 3630 ecclesias
1347 3583 1387 3629 ac
1414 3567 1608 3644 profectum,
1637 3568 1833 3644 requisitum
1860 3569 1902 3629 ab
1929 3585 1974 3630 eo

1174 3665 1443 3727 tuumauxilinm
1464 3664 1683 3726 stconsilium
1708 3665 1890 3726 efficaciter
1900 3666 1974 3726 im·-

1173 3779 1350 3840 pensurus.
1381 3762 1498 3824 Datum
1531 3761 1699 3833 Laterani,
1733 3764 1775 3822 IV
1806 3761 1975 3826 kalendas

1174 3860 1297 3931 martii,
1314 3859 1639 3934 pontificatusnostri
1654 3875 1741 3921 anno
1756 3860 1884 3922 octavo.

1491 4187 1649 4275 CXLIII

1195 4339 1246 4398 Ad
1257 4339 1437 4399 Nicomnm
1450 4340 1647 4412 episcopum
1660 4339 1947 4402 Rcesbttdensem.

1430 4467 1465 4524 28
1479 4465 1612 4524 februarii
1629 4467 1707 4524 ital.

1375 4588 1481 4654 [Skand
1494 4589 1618 4649 Litterat.,
1632 4591 1700 4649 XXl,
1715 4591 1765 4656 ll.]

1220 4716 1253 4773 Ei
1269 4712 1456 4788 predicando
1472 4713 1565 4771 crucis
1587 4713 1712 4773 officium
1727 4716 1755 4773 in
1771 4717 1920 4790 procincta

1407 4801 1556 4860 bundensi'
1572 4803 1730 4861 committit.

1214 4928 1380 4990 Honorius
1388 4927 1575 5004 episcopan,
1585 4943 1702 4990 servus
1711 4943 1883 4992 servorum
1893 4935 1967 5009 Dei,

1174 5024 1358 5088 venerabili
1372 5025 1467 5087 fratri
1485 5026 1640 5101 episcopo
1653 5025 1898 5102 Roeskildensi,
1912 5047 1970 5094 sa-

1173 5123 1276 5184 lutem
1290 5123 1324 5184 st
1337 5121 1560 5198 apostolicam
1573 5122 1846 5184 benedictionem.

1213 5222 1319 5291 Quum
1356 5218 1576 5294 praedicandae
1608 5219 1716 5280 crucis
1751 5219 1898 5282 officium
1932 5225 1970 5286 in
2073 5297 2074 5306 ἵ

1173 5316 1344 5394 prouincia
1370 5315 1536 5378 bundensi
1550 5314 1611 5376 tibi
1636 5316 1791 5376 duximus
1814 5321 1972 5400 commit-¹

1173 5413 1317 5485 tendum,
1332 5413 1368 5473 ut
1388 5411 1550 5473 inoffense
1569 5411 1673 5488 possit
1692 5429 1827 5476 currere
1856 5431 1970 5482 sermo

1173 5513 1260 5582 tuus,
1275 5512 1307 5572 et
1329 5508 1425 5570 labor
1447 5508 1590 5571 fructum
1615 5509 1800 5572 uberiorem
1830 5512 1967 5589 afferre,
2071 5559 2072 5595 ᾗ
