4226 6372
134 267 205 336 953

134 430 286 493 beantur
302 429 458 509 deinceps
478 447 595 494 manus
610 431 797 494 temerariae
817 431 938 494 formi-

135 527 223 590 dine
238 529 386 598 ultionis,
403 545 485 606 quos
504 529 564 589 Dei
579 527 633 590 vel
649 531 774 602 nostra,
792 546 851 590 seu
866 529 940 589 fra·-

136 626 234 686 trum
249 627 438 687 nostrorum
457 625 645 687 reverentia
663 641 730 686 nou
746 625 886 686 coercet.
906 625 941 686 Si

138 723 222 799 quis
248 739 327 784 1110
351 722 403 783 111
427 737 487 799 per
510 739 556 794 se,
582 723 635 784 vel
651 723 838 798 paralium,
854 721 941 799 quod

139 819 245 892 absit,
263 820 421 881 occiderit
440 819 653 891 cardinalem,
677 820 731 880 vel
755 820 941 881 evidentem

140 915 276 978 dederit
287 916 941 993 causammortis,nltraquampraemissa

141 1015 351 1082 contineant,
364 1014 457 1074 sicin
470 1029 544 1074 eum
561 1013 705 1090 potestas
716 1013 941 1090 juridictionis

140 1109 310 1186 insurgat,
341 1111 389 1171 sic
415 1111 507 1186 rigor
528 1110 664 1171 ultiouis
689 1111 827 1178 insiliat,
855 1108 941 1186 quod

141 1208 264 1268 contra
280 1208 357 1268 vitae
377 1206 560 1266 subsidium
580 1207 696 1268 mortis
712 1207 868 1268 solatium
883 1207 941 1266 in-

140 1304 260 1376 vocet,
286 1304 401 1365 111111
423 1319 529 1381 poenae
553 1319 620 1363 101
644 1304 761 1381 culpae,
788 1304 942 1364 vindictae

143 1400 317 1477 speculum
331 1415 399 1461 non
416 1399 564 1461 offensae.

188 1501 288 1558 «Per
309 1499 381 1558 haec
400 1513 530 1574 quoque
555 1496 770 1557 saecularibus
795 1498 944 1574 potesta-

142 1595 236 1656 tibus
249 1610 316 1654 101
335 1594 511 1655 adimimus
524 1593 715 1654 facultatem
731 1593 843 1654 utendi
858 1594 944 1668 legi-

142 1691 209 1750 bus
234 1693 349 1752 oontra
364 1691 459 1763 tales,
477 1705 559 1768 quas
575 1690 736 1752 adversus
761 1691 942 1766 sacrilegos

143 1787 308 1850 Catholici
330 1788 497 1865 principes
526 1787 711 1850 ediderunt.
742 1788 822 1858 Quis
854 1788 943 1848 enim

144 1885 243 1946 locus
270 1885 445 1960 regiminis
477 1885 597 1960 poterit
629 1899 703 1946 esse
733 1885 842 1946 tutust
864 1885 943 1956 Quis

144 1983 259 2044 rector
269 1982 446 2043 securitate
456 1981 623 2058 gaudebit,
634 1983 662 2042 si
675 1985 768 2044 Rom.
781 1982 941 2056 Ecclesia,

146 2095 222 2155 quae
247 2079 394 2140 omnium
413 2079 643 2148 ecclesiarum,
664 2079 945 2156 (1111011111Βο-

148 2176 254 2247 mino,
270 2176 368 2252 caput
393 2177 444 2237 est
467 2175 499 2238 et
522 2176 693 2252 magistra,
715 2176 846 2238 casibus
870 2175 944 2237 istis

146 2273 346 2349 subjiciturt
365 2272 400 2333 si
415 2275 486 2349 ejus
499 2273 559 2332 tilii
576 2273 738 2350 speciales
753 2273 945 2351 hujusmodi

146 2370 308 2447 periculis
332 2371 560 2446 exponunturt
586 2373 689 2442 Quem
715 2371 872 2431 Ecclesiae
899 2371 942 2430 li-

146 2467 243 2537 lium,
257 2483 353 2545 quem
365 2467 441 2527 fidei
451 2468 628 2528 zelatorem
639 2468 839 2529 contumelia
851 2467 944 2528 tanta

146 2579 217 2624 non
237 2564 401 2639 tangeret,
425 2565 458 2625 et
482 2563 630 2626 confusio
653 2565 721 2626 tam
743 2579 862 2642 aspera
878 2580 945 2624 101

145 2663 315 2722 moveretl
333 2664 438 2722 Porro
462 2661 519 2738 qui
540 2661 629 2721 tilius
653 2663 713 2733 est,
736 2661 869 2733 dolebit,
888 2661 945 2739 qui

146 2757 947 2836 fidelis,matretldeilaesa‚laedetur.Quapropter

147 2856 179 2915 si
199 2855 364 2933 princeps,
391 2854 535 2926 senator,
556 2854 684 2924 consul,
710 2856 867 2932 potestas,
892 2855 946 2916 vel

146 2952 237 3012 alius
253 2952 416 3024 dominus,
434 2966 494 3010 seu
508 2951 628 3021 rector,
653 2967 860 3028 quocumque
885 2967 947 3011 10-

147 3049 241 3109 mine
256 3046 445 3119 conseatur,
460 3048 573 3109 contra
590 3050 845 3125 praesumptores
861 3063 947 3125 prae-

148 3144 269 3215 dictos,
305 3145 478 3221 praesentis
512 3143 763 3205 constitutionis
797 3144 947 3206 tenorem

149 3257 220 3302 non
243 3241 361 3302 fecerit
380 3241 562 3313 observari,
577 3243 645 3302 tam
665 3241 736 3318 ipse
755 3257 853 3318 quarn
873 3239 948 3301 offl-

151 3338 257 3400 ciales
276 3338 381 3414 ipsius
403 3338 491 3398 iufra
513 3354 671 3410 mensem,
695 3339 868 3415 postquam
891 3353 947 3398 res

151 3436 195 3498 ad
218 3437 368 3498 notitiam
394 3451 509 3497 eorum
533 3437 733 3512 pervenerit,
757 3452 949 3496 excommu-

154 3533 325 3594 nicatione
347 3534 488 3595 notetur.
515 3533 606 3605 Quod
634 3533 662 3594 si
687 3533 827 3610 populus
849 3533 950 3594 fuerit

152 3631 243 3691 circa
269 3631 333 3691 ista
359 3631 531 3702 remissus
558 3632 591 3692 11
612 3630 653 3690 ad
676 3630 948 3692 satisfaciendum

152 3729 300 3789 rectores
323 3729 355 3789 11
376 3727 536 3788 officiales
560 3731 631 3804 ejus
660 3743 727 3788 non
754 3727 950 3805 compulerit

154 3827 249 3885 Rom.
267 3825 421 3886 Pontifex
436 3842 510 3886 cum
529 3825 598 3887 suis
614 3824 773 3886 fratribus
796 3825 948 3886 omnibus

155 3920 244 3981 infra
259 3938 407 3982 mensem
429 3923 537 3994 111111,
562 3923 590 3982 11
615 3939 690 3983 eum
705 3923 827 3984 ibidem
842 3924 950 3984 conti-

155 4017 241 4093 gerit
268 4019 347 4078 tunc
371 4019 515 4092 morari;
541 4020 574 4079 et
600 4021 777 4097 antequam
799 4020 949 4096 plenarie

157 4114 299 4175 satisfiat
330 4115 466 4176 minime
500 4117 697 4187 revertatur,
733 4117 799 4176 nisi
832 4117 948 4178 forsan

156 4211 359 4272 inevitabilis
374 4211 530 4272 Ecclesiae
546 4213 727 4274 necessitas
748 4213 948 4284 immineret,

155 4308 290 4385 propter
311 4323 408 4386 quam
428 4309 537 4371 exitus
557 4311 629 4386 eius
644 4311 676 4371 11
695 4309 836 4371 fratrum
858 4312 951 4387 peri-

157 4405 290 4465 culosus
317 4405 533 4481 proculdubio
554 4406 757 4468 redderetur.
785 4409 950 4469 Praeterea

158 4501 187 4561 si
208 4503 349 4578 populus
374 4502 536 4564 rectorem
557 4504 606 4564 sic
628 4505 950 4565 excommunicatum

157 4596 254 4658 tertio
288 4598 442 4670 monitus
473 4597 560 4660 sicut
590 4599 712 4676 poterit
735 4601 948 4672 commoneri,

159 4708 178 4753 a
204 4694 366 4769 regimine
398 4709 553 4757 amovere
585 4696 840 4774 contempserit,
872 4697 952 4758 sub-

155 4789 292 4866 jiciatur
322 4791 440 4852 civitas
473 4793 651 4856 interdicto
676 4809 845 4872 usquequo
872 4810 952 4856 con-

158 4902 241 4962 grue
261 4887 465 4950 satisfaciat..

198 4986 347 5046 «uatum
359 4986 473 5059 Reate,
488 4984 651 5048 kalendas
666 4988 861 5060 decembris,
875 5004 953 5066 pon·

159 5079 304 5144 titicatus
317 5081 422 5143 nostri
436 5098 522 5143 anno
539 5083 677 5146 decimo.
695 5102 714 5145 a

769 273 998 336 EPISTOLAE.
1021 273 1099 334 LIB.
1122 273 1162 334 X.

1349 464 1437 550 LVI

996 619 1048 678 Ad
1059 616 1287 691 praepositum
1299 615 1332 675 et
1348 613 1536 686 capitutum
1553 616 1588 674 s.
1602 614 1792 676 Decetiam

1075 716 1280 789 Brupcnsts,
1298 713 1523 772 romanensis
1543 713 1708 774 1111111111.

1244 843 1279 900 20
1298 841 1431 898 novemb.
1453 839 1533 898 1111.

1013 965 1133 1030 [Regest.,
1154 965 1198 1014 lib.
1211 965 1245 1028 X,
1256 965 1328 1030 epist.
1343 964 1396 1013 tio.
1412 967 1469 1016 llss.
1489 963 1526 1014 Le
1540 964 1616 1014 Porta
1636 963 1671 1014 du
1682 965 1776 1028 Thalli

996 1092 1010 1147 J
1014 1088 1079 1146 ubet
1089 1103 1140 1146 eos
1154 1089 1348 1162 provisionem
1364 1103 1380 1146 a
1396 1089 1529 1161 pontifice
1540 1090 1570 1145 in
1586 1087 1713 1146 favorem
1728 1103 1789 1146 ma-

1032 1177 1115 1250 gistri
1135 1177 1250 1234 ltoberti
1263 1177 1369 1246 clerici,
1387 1175 1538 1248 prebenda
1559 1177 1588 1232 in
1604 1177 1790 1248 1110111111-

1032 1266 1118 1322 clesia
1134 1263 1312 1338 providendi,
1328 1263 1433 1321 facient
1449 1263 1569 1321 fideliter
1584 1263 1749 1322 observare.

1037 1399 1205 1461 Honorius
1216 1401 1528 1476 episcopusservus
1540 1414 1712 1462 servorum
1721 1400 1793 1470 Dei,

997 1496 1128 1558 dilectis
1143 1497 1262 1558 filiis...
1273 1496 1463 1573 praeposito,
1476 1499 1509 1557 et
1524 1497 1668 1572 capitulo
1678 1497 1793 1558 Sancti

998 1593 1175 1655 Donatiani
1188 1594 1378 1670 Brugensis,
1388 1593 1610 1656 ‘tornacensis
1622 1593 1788 1664 diaecesis,

998 1691 1138 1751 salutem
1153 1691 1187 1751 et
1199 1691 1423 1767 apostoticam
1437 1689 1712 1752 benedictionem.

1038 1788 1185 1848 Dilectus
1195 1788 1284 1849 filius
1297 1789 1457 1863 magister
1472 1786 1636 1850 ucbertus
1648 1787 1794 1850 clericus

997 1885 1033 1946 11
1057 1885 1171 1946 nostra
1196 1885 1369 1962 proposuit
1388 1884 1565 1960 praesentia
1581 1885 1793 1956 constitutus,

999 1976 1176 2058 quodcum
1195 1983 1266 2058 ipse
1288 1983 1367 2043 olim
1391 1983 1511 2043 advos
1536 1998 1556 2042 a
1576 1981 1672 2043 nobis
1687 1982 1796 2058 primo

998 2079 1205 2148 monitorias,
1220 2096 1259 2140 ac
1277 2079 1484 2156 postmodum
1504 2080 1714 2140 executorias
1734 2078 1794 2139 lit-

998 2177 1088 2238 teras
1103 2176 1323 2254 impetrasset,
1337 2178 1373 2237 ut
1391 2191 1466 2236 cum
1479 2176 1677 2252 recipientes
1691 2177 1725 2236 11
1740 2191 1798 2237 11-

999 2275 1102 2334 111111
1121 2275 1231 2335 111111
1246 2273 1282 2333 11
1305 2272 1512 2345 canonicum,
1534 2273 1624 2334 etin
1645 2273 1795 2346 fratrem,

1000 2372 1218 2448 provideretis
1240 2370 1347 2431 eidem
1376 2386 1474 2447 quam
1498 2370 1563 2432 cito
1585 2385 1621 2431 se
1651 2369 1793 2432 facultas

999 2468 1135 2530 offerret
1159 2469 1196 2528 in
1230 2467 1392 2529 beneficio
1418 2466 1634 2543 praebendali,
1665 2468 1796 2529 dilectis

999 2565 1129 2626 filiis...
1150 2564 1269 2626 abbate
1285 2565 1397 2626 Sancti
1414 2565 1551 2626 Martini
1566 2564 1607 2625 de
1627 2566 1794 2638 Gemellis,

1000 2665 1033 2723 et
1065 2665 1137 2738 ejus
1171 2661 1309 2736 collegis
1342 2661 1449 2737 primo
1485 2661 1719 2734 monitoribus,
1756 2677 1797 2724 11

1000 2758 1119 2820 deinde
1135 2773 1235 2834 super
1251 2758 1315 2818 boc
1328 2757 1391 2818 sibi
1405 2758 1640 2818 executoribus
1653 2758 1795 2834 deputa·

1000 2857 1053 2927 tis,
1068 2870 1109 2915 ac
1125 2870 1184 2914 vos
1205 2853 1246 2915 ab
1270 2855 1318 2915 eis
1338 2856 1413 2930 post
1424 2855 1681 2930 disceptationes
1697 2871 1796 2932 quam

1000 2952 1161 3028 plurimas
1195 2951 1236 3011 ad
1272 2951 1390 3012 sedem
1418 2952 1640 3029 apostolicam
1676 2953 1796 3030 appel-

1001 3049 1145 3108 lantes...
1161 3046 1271 3108 abbati
1292 3048 1404 3108 Sancti
1427 3049 1579 3120 Andreae,
1604 3052 1797 3110 'fornacen-

1002 3145 1047 3206 sis
1063 3145 1227 3216 dioecesis,
1245 3147 1278 3206 et
1292 3145 1517 3221 condelegatis
1539 3146 1645 3222 ipsius
1660 3163 1795 3209 causam

1002 3242 1236 3319 appellationis
1251 3242 1478 3304 obtinuissetis
1489 3260 1509 3304 a
1522 3243 1617 3304 nobis
1631 3244 1690 3304 sub
1707 3244 1797 3305 certa

1002 3339 1109 3400 forma
1136 3340 1307 3412 committi,
1324 3340 1457 3401 tandem
1487 3342 1643 3418 praedicto
1667 3343 1796 3418 magis-

1001 3439 1064 3508 tro,
1082 3453 1121 3498 ac
1136 3440 1352 3514 procuratore
1371 3439 1507 3515 propter
1526 3438 1588 3500 hoc
1617 3439 1703 3516 apud
1733 3441 1796 3500 Se-

1002 3535 1077 3596 dem
1100 3535 1324 3612 apostolicam
1358 3536 1596 3598 constitutis...
1628 3537 1734 3613 priori
1756 3536 1797 3596 de

1003 3635 1124 3705 Fuere,
1134 3634 1166 3695 et
1181 3637 1253 3710 ejus
1269 3633 1407 3708 collegis
1419 3633 1612 3710 huiusmodi
1626 3634 1796 3708 negotium
1874 3614 1877 3640 ¹

1003 3730 1043 3791 de
1054 3730 1158 3806 ipsius
1174 3730 1326 3806 magistri
1341 3731 1373 3791 et
1386 3731 1489 3792 vestri
1501 3732 1728 3806 procuratoris
1741 3746 1798 3790 as-

1004 3843 1103 3888 sensu
1132 3827 1192 3888 sub
1221 3829 1310 3889 certa
1334 3825 1441 3888 forma
1470 3827 1625 3887 duximus
1651 3827 1798 3888 commit-

1004 3925 1148 3986 tendum.
1178 3927 1294 3986 Coram
1323 3924 1443 4000 quibus
1472 3941 1545 3986 cum
1567 3925 1688 3986 fuisset
1716 3925 1796 3986 hinc

1004 4021 1080 4082 inde
1109 4020 1303 4100 aliquandiu
1328 4021 1557 4098 disceptatum,
1586 4023 1635 4082 eis
1664 4022 1796 4082 tandem

1004 4119 1227 4181 mediantibus
1238 4120 1405 4190 intervos,
1422 4124 1455 4181 et
1467 4119 1590 4180 dictum
1604 4120 1798 4195 magistrum

1004 4217 1194 4295 hujusmodi
1210 4217 1405 4294 compositio
1418 4217 1607 4288 intervenit,
1623 4217 1658 4278 ut
1672 4215 1796 4277 videli-

1005 4317 1058 4378 cet
1078 4315 1258 4376 secundam
1274 4314 1485 4392 praebendam
1508 4314 1614 4390 primo
1637 4314 1673 4375 in
1685 4315 1798 4377 vestra

1005 4413 1146 4474 ecclesia
1157 4416 1352 4476 vacaturam
1368 4412 1544 4476 dummodo
1560 4412 1798 4490 presbyteralis

1005 4527 1071 4572 101
1096 4511 1194 4581 11111,
1215 4510 1252 4571 11
1276 4509 1335 4582 fiii,
1360 4511 1548 4586 praeposite,
1577 4510 1675 4586 prout
1702 4509 1743 4569 ad
1766 4509 1800 4570 11

1005 4608 1149 4684 pertinet
1174 4605 1343 4669 conferres
1372 4608 1491 4679 eidem,
1521 4607 1555 4668 et
1592 4607 1632 4666 ad
1662 4604 1799 4682 majoris

1005 4705 1083 4765 fidei
1096 4704 1286 4765 firmitatem
1303 4704 1513 4783 praebendam
1534 4704 1640 4780 ipsam
1654 4703 1689 4762 iu
1704 4705 1798 4779 ejus-

1006 4802 1079 4863 dem
1099 4801 1231 4879 prioris,
1248 4801 1282 4861 et
1305 4800 1507 4875 collegarum
1531 4815 1667 4860 suorum
1687 4800 1798 4860 mani-

1006 4898 1067 4959 bus
1083 4897 1225 4975 posuisti
1238 4912 1312 4959 eam
1327 4897 1368 4957 ab
1381 4896 1463 4973 ipsis
1479 4897 1661 4958 memorato
1673 4897 1799 4972 magis-

1006 4997 1059 5058 tro
1088 5011 1162 5056 cum
1192 5010 1313 5058 vacare
1339 4995 1517 5070 contigerit
1549 4993 1795 5056 conferendam.

1008 5091 1070 5166 Qui
1094 5092 1207 5153 audito
1231 5091 1438 5168 postmodum
1459 5090 1544 5167 quod
1564 5089 1659 5152 bonae
1674 5106 1801 5151 memo-

1007 5190 1067 5251 riae
1085 5189 1244 5265 magister
1266 5191 1295 5249 J.
1312 5189 1352 5248 de
1368 5189 1503 5250 civitate
1522 5187 1634 5250 11111.
1660 5188 1802 5264 11111101

1008 5289 1132 5357 101111,
1163 5286 1408 5347 concanonicus
1432 5285 1553 5357 vester,
1571 5284 1716 5346 debitum
1743 5287 1803 5346 hu·

1008 5383 1177 5446 munitatis
1206 5384 1397 5445 exsolverat
1424 5384 1576 5445 eumdem
1605 5383 1801 5458 magistrum

1008 5481 1112 5557 recipi
1137 5479 1320 5542 fecerunta
1335 5481 1430 5543 vobis
1445 5481 1479 5541 in
1495 5481 1702 5552 canonicum,
1720 5481 1801 5542 etin

946 5668 951 5674 Ι
1009 5577 1156 5649 fratrem,
1173 5579 1206 5639 et
1220 5579 1251 5639 ei
1267 5579 1402 5640 stallum
1418 5579 1453 5640 in
1467 5579 1580 5650 111010,
1595 5577 1627 5638 11
1641 5576 1749 5639 locum
1765 5577 1801 5638 in
