4262 6382
148 261 217 326 789·
761 253 989 327 nemean.
1013 255 1091 324 Lm.
1116 261 1170 323 ni.
1728 261 1801 324 790·

188 421 267 483 Gom
292 421 471 483 seculares
493 421 563 482 viri*
578 420 757 496 assurgunt
778 422 819 482 ud
839 429 942 497 opera·
993 421 1057 492 tos,
1069 419 1232 493 veientes,
1247 420 1334 498 quod
1349 435 1433 497 opus
1445 421 1641 499 eujusmodi
1658 421 1794 484 amede

149 520 336 597 spiritualia
361 519 445 580 tacti·
459 519 588 580 timore
608 517 717 578 divini·
736 519 891 589 nominis,
907 520 945 579 et·
997 516 1088 597 [non]
1116 518 1318 590 cesenaten,
1338 518 1598 596 dummodeipse
1618 517 1739 590 eomes,
1757 517 1790 578 et

149 626 272 687 amere,
287 629 352 678 non
368 617 419 679 ost
435 627 555 678 euram·
573 615 780 691 impedienda
796 615 938 687 devotio,
995 616 1146 677 aecimis
1159 617 1333 694 jamdictae
1355 617 1513 677 canonici
1532 615 1793 693 jerannenu-

149 716 210 775 sed
231 715 340 791 petius
367 705 487 775 lavore
507 713 669 775 benivolo
698 713 937 790 prosequenda.
995 714 1121 773 sionem
1148 727 1245 774 suam
1256 714 1362 774 velint
1375 713 1645 774 indemnitatibus
1666 713 1788 775 nstris

151 811 450 873 Sanevenerabiiis
468 810 578 872 mater
586 811 698 871 noster
710 811 941 887 Lugdunensis
995 825 1141 886 congrue
1164 811 1349 888 providere,
1378 810 1572 872 discretioni
1594 813 1713 871 vedrae
1729 823 1794 887 per

149 909 419 986 archiepiscopus
434 908 503 968 suis
520 907 938 979 notislitterisindmavit,
995 909 1182 982 apostolica
1192 909 1317 984 scripte
1329 908 1535 978 mandamns,
1546 908 1709 983 quemnus
1721 921 1793 968 una¹

150 1007 235 1083 qtiod
247 1018 324 1067 cum·
336 1005 483 1066 dilectus·
502 1005 591 1064 tilius
606 1004 727 1065 nobilis
741 1005 796 1065 vir
812 1009 861 1076 Gt,
879 1019 942 1066 ce·-
995 1021 1074 1066 cnm-
1085 1005 1233 1082 praelatis
1245 1005 1374 1078 comite,
1403 1006 1438 1066 et·
1450 1004 1622 1066 canonicis
1646 1005 1681 1064 in
1696 1004 1791 1064 ariti-

149 1117 218 1164 mes
236 1101 402 1172 Forensis,
418 1102 536 1164 divine·
553 1102 661 1163 tactus
684 1103 802 1178 spiritu
826 1101 942 1163 eccle·
996 1106 1066 1163 tros
1082 1103 1301 1174 concordatis,
1331 1104 1481 1180 quicum
1505 1103 1579 1178 ipso
1603 1101 1791 1178 archiepis-
1901 1181 1902 1196 χ

149 1201 236 1260 siam
257 1200 292 1260 in
310 1200 436 1260 honere
460 1199 530 1271 Ilei,
554 1200 587 1261 et
609 1199 946 1260 lteatissimaeltdariee
997 1213 1083 1277 copo·
1093 1201 1306 1272 arbitrentur,
1324 1201 1404 1277 quid
1414 1198 1603 1263 detrimenti
1618 1197 1726 1260 dicans
1746 1212 1790 1260 en

148 1296 307 1372 Virginis,
324 1297 363 1356 in·
388 1297 523 1373 proprio
545 1296 648 1357 tiinde
671 1297 865 1357 construere
881 1296 947 1356 de·-
997 1296 1059 1356 hoc
1072 1298 1238 1376 prioratus
1254 1298 1414 1368 incurrat,
1443 1297 1476 1358 et
1489 1295 1688 1374 insanitur
1707 1311 1793 1373 pro-

150 1393 310 1454 crevisset
319 1395 353 1454 et
363 1395 394 1453 ei
410 1394 588 1467 assignare.
596 1391 756 1464 redditus,
771 1392 941 1468 dequilius
996 1395 1078 1458 vide
1085 1397 1203 1458 taxent
1220 1397 1562 1472 recompensationem
1579 1395 1687 1457 eidem
1700 1393 1799 1471 prio--

150 1496 295 1565 congrue
312 1478 496 1550 sustentari
518 1490 629 1564 posset
652 1489 832 1549 honestum·
845 1501 943 1549 cano·
997 1495 1084 1555 ratui
1108 1494 1305 1566 faciendam,
1323 1507 1431 1574 eaque*
1443 1495 1576 1570 recepta
1596 1493 1639 1554 ab
1652 1491 1792 1553 intesta-

150 1588 300 1649 nicorum
322 1586 499 1661 collegium
514 1588 550 1647 in
564 1587 690 1658 eodem,
706 1587 807 1663 idque
821 1585 896 1658 silli,
911 1587 944 1648 et
997 1593 1087 1653 tione
1098 1591 1362 1668 ipsiusecclesiae
1369 1592 1561 1668 senescatis,
1574 1591 1793 1650 scientes-nos

149 1683 395 1745 venerabilibus
406 1683 565 1744 iratribus
577 1683 940 1755 nostris...Viennensi,
998 1687 1117 1749 dilecto
1142 1688 1211 1748 tilio
1227 1692 1279 1759 R„
1298 1690 1411 1748 Sancti
1423 1688 1542 1762 Angeii
1557 1687 1697 1747 diacono
1711 1701 1787 1746 car-

150 1783 219 1841 et...
236 1780 734 1858 Ebredansusi-archiepiscopis
748 1781 940 1850 revelasset,
986 1785 1113 1860 ,dinali,
1131 1785 1328 1861 apostolica
1341 1784 1435 1846 Sedis
1447 1785 1567 1860 legato,
1581 1783 1791 1844 mandavisse

149 1875 945 1954 ipsesupradictorumarchiepiscoporumcon·
998 1883 1034 1943 ut
1044 1881 1249 1954 si,mandato
1260 1883 1373 1943 nostro
1385 1883 1582 1957 contempte,
1593 1882 1708 1942 contra
1718 1883 1790 1956 ejus

150 1974 237 2044 silio,
254 1991 328 2034 cnm
345 1975 435 2034 locus
451 1974 487 2033 in·
509 1989 573 2050 que
602 1974 743 2034 fundare
757 1975 863 2050 ipsam
885 1987 945 2034 ec·-
998 1979 1137 2041 sormam
1152 1979 1544 2042 ecolosiamvexaveritis
1554 1977 1788 2056 supradictam,

150 2070 284 2130 clesiain
307 2067 518 2146 disposuerat
538 2073 626 2134 esset
641 2071 679 2130 in
691 2073 762 2146 ejus
789 2070 942 2130 dioecesis
998 2075 1200 2154 ipsevosan
1219 2077 1483 2152 epus-vexatione
1499 2075 1698 2151 compescat,
1723 2089 1790 2134 non

150 2167 347 2228 constitutus
376 2164 440 2227 sihi
467 2165 635 2229 licentiam
653 2167 769 2228 trienii
794 2169 829 2227 ut
857 2167 942 2243 quod
998 2173 1203 2234 obstantibus
1214 2173 1334 2234 litteris
1346 2157 1545 2248 supradictis
1556 2171 1608 2232 vel
1619 2186 1788 2247 processu,

149 2281 209 2342 pro
230 2266 339 2326 cordis
360 2265 481 2326 arcem
510 2265 718 2341 conceperat,
747 2264 949 2340 perduceret
998 2271 1026 2331 si
1042 2271 1115 2347 quis
1128 2270 1178 2331 est
1193 2269 1656 2331 autemhahitnsearnmdem.
1671 2269 1790 2328 Datum

149 2363 194 2422 au·
206 2363 371 2433 enectum,
387 2361 944 2438 saneneminemne-Lingoni-
997 2367 1164 2438 Laterani,
1182 2366 1241 2429 vii
1257 2366 1421 2430 kalendas,
1445 2365 1788 2440 mantuanorum.

149 2459 195 2519 sls
208 2459 368 2530 ecclesiae,
380 2475 418 2520 ac
434 2459 601 2535 priora-tus
612 2459 783 2520 savin-iaci·
796 2459 831 2519 in
846 2462 941 2535 cujus

73 2607 83 2621 ,
149 2556 308 2632 parochia
328 2557 446 2616 caulem
458 2557 529 2617 erat
553 2555 693 2616 eccesia
707 2555 940 2617 construenda.

149 2653 239 2713 idem
252 2654 354 2728 igitur
364 2654 520 2714 nemesin
531 2653 781 2715 lecedestinato
792 2652 945 2714 undant
1160 2704 1162 2708 .
1297 2665 1491 2758 LXXXIV

149 2750 334 2822 ecclesiam,
357 2751 454 2826 ei‘pue
480 2750 629 2811 redditus
650 2751 855 2812 sufficientes
869 2751 946 2811 tre-

149 2848 254 2908 necin
269 2847 444 2908 ιιιοιιιιιι
460 2847 621 2907 inscientis
637 2847 671 2905 in
687 2861 726 2906 en
745 2837 942 2923 deprensis
997 2830 1400 2894 AddlauSS·Peetde
1416 2827 1789 2902 veneracionem,

150 2944 571 3018 iacrnltatilusassignavlt.
588 2945 673 3014 Qviia
684 2957 765 3005 vero
775 2943 942 3019 prioratus
1107 2939 1148 2990 (Μ
1161 2929 1405 2988 Cdiwfflall'iim
1420 2926 1683 2988 curiw‘eiiseme

148 3042 182 3101 in
196 3045 294 3118 cujus
308 3041 465 3116 paroelnia
480 3040 624 3100 ecclesia
647 3041 721 3116 ipsa
745 3041 809 3100 sita
826 3043 878 3101 est
900 3039 944 3100 ad
1254 3065 1288 3123 ᾖ
1303 3063 1437 3122 februm
1453 3065 1532 3122 itit.

149 3135 389 3198 monasterinm
415 3135 561 3197 vestrum
595 3137 730 3212 spectat,
764 3151 848 3212 opus
875 3137 943 3198 eam

148 3233 408 3295 commendabile
438 3232 620 3294 dissolvere
647 3232 816 3294 attentatis
842 3247 944 3293 occa-

149 3332 241 3391 sione
279 3329 494 3405 indulgentiae
526 3329 633 3402 vohis,
664 3330 701 3391 nt
729 3329 861 3402 dicitnr,
900 3329 941 3391 ab
997 3324 1184 3396 nnnnnen
1204 3323 1321 3382 utinirn
1340 3322 1412 3380 dnos
1431 3324 1707 3392 numennumen
1727 3335 1792 3395 ew

147 3428 335 3504 Apostolica
363 3427 446 3488 Sede
462 3443 641 3498 concaesae,
671 3443 713 3487 ne
727 3427 884 3489 videlicet
906 3427 941 3488 in
1013 3415 1104 3470 inter
1127 3412 1376 3513 immilem&
1397 3414 1594 3512 Tssl⁰ss0sseeffl
1616 3412 1650 3470 ih
1669 3426 1744 3480 une,
1762 3417 1794 3468 et

147 3525 315 3601 parochiis
331 3525 453 3586 vestris
476 3537 562 3586 nova
577 3525 649 3585 sine
672 3539 836 3585 consensu
858 3525 942 3586 dioe-
1030 3503 1149 3560 imm
1159 3504 1256 3560 ⁵⁰¹¹&
1266 3501 1791 3600 Mfflflfflmfflefflffiflbmalam

148 3623 271 3693 cesari,
294 3627 327 3683 et
345 3623 455 3683 vestro
477 3619 619 3682 ecclesia
640 3623 862 3694 construatur,
886 3620 941 3684 at-'
1032 3589 1202 3690 vefsphw’
1224 3604 1310 3660 ⁸¹¹9&
1333 3589 1446 3648 abbana
1468 3589 1504 3646 ‘¹⁶
1523 3589 1600 3646 Belle
1622 3590 1727 3658 mmet
1744 3586 1791 3645 d&

148 3720 263 3796 quoad
278 3719 428 3780 abbatem
447 3719 559 3780 Sancti
571 3719 716 3787 Genesii,
730 3720 846 3796 atejus
860 3735 942 3780 con·
1031 3677 1141 3736 fimum
1154 3677 1318 3750 wedam·

144 3817 274 3893 jndices
288 3817 495 3893 apostolicas
507 3817 864 3894 litterasimpetrastis,
882 3831 941 3893 per
1035 3811 1213 3883 Honorius,
1242 3813 1317 3878 etc„
1343 3811 1477 3873 dsseetis·
1502 3813 1643 3872 liliisn...
1676 3812 1790 3872 sandi

148 3929 229 3988 quas
246 3913 369 3973 dictum
384 3929 466 3988 opus
488 3913 634 3976 nitimini
659 3915 833 3985 annulare,
862 3914 941 3975 licet
995 3911 1088 3971 Petri
1107 3909 1147 3970 de
1168 3909 1280 3980 velie,
1304 3909 1338 3969 et
1360 3907 1399 3968 de
1421 3909 1588 3984 iosaphat.
1603 3909 1788 3980 mactmus,

147 4009 218 4085 ipse
240 4023 360 4079 comae,
378 4011 410 4070 et
423 4007 572 4071 ecclesiae
596 4009 763 4085 praedictae
787 4013 941 4073 canionici
995 4006 1093 4067 et..m
1108 4005 1311 4065 cancellario
1331 4005 1541 4076 carnotensi,
1557 4005 1787 4072 salutem,.ete

148 4107 287 4167 tirmiter
321 4106 536 4182 promiserint
567 4107 631 4182 ipsi
671 4107 938 4185 archiepiscopo,
1036 4101 1574 4178 Significavilnohisveneralsilis
1593 4102 1792 4164 fraternos«

148 4204 301 4281 qnodjus
316 4203 510 4279 parochiale
521 4205 671 4280 praedicti
683 4205 942 4280 prioratuscon-
995 4201 1122 4260 ter-m..
1158 4199 1363 4260 Turonensis
1393 4198 1677 4276 archiepiscopus,
1704 4201 1791 4277 quod

148 4300 486 4371 servarentilleeenm,
496 4303 529 4361 et
540 4303 615 4376 ejus
625 4299 835 4362 indemnitati
842 4303 940 4378 justa
995 4313 1069 4357 cnm
1092 4311 1210 4368 causa,
1225 4313 1299 4374 quae
1319 4296 1406 4356 inter
1420 4295 1533 4371 ipsum
1545 4311 1587 4356 ex
1602 4297 1695 4373 parte
1710 4313 1787 4370 una,

146 4397 252 4472 ipsius
276 4397 531 4472 archiepiscopi,
563 4398 597 4456 et
614 4396 759 4457 aliorum
778 4395 943 4458 benonim
995 4394 1029 4455 et
1052 4393 1194 4455 clericos
1217 4393 1330 4455 Sancti
1354 4395 1490 4456 Martini
1513 4395 1719 4456 Turonensis
1746 4411 1792 4456 ex

146 4495 293 4554 virorum
309 4494 485 4554 arbitrium
500 4493 692 4570 plenissime
713 4495 937 4570 providerant.
995 4493 1114 4564 altera,
1134 4507 1233 4568 super
1252 4491 1384 4552 abbatia
1399 4492 1440 4554 de
1454 4492 1545 4553 Bello
1561 4495 1673 4552 Monte
1687 4493 1792 4553 veiti-

147 4595 254 4664 Quare
273 4592 362 4651 idem
388 4591 658 4668 archiepiscopus
673 4607 740 4652 nna
766 4607 840 4652 cum
866 4593 939 4668 ipso
994 4592 1070 4661 tar,
1090 4589 1243 4652 examini
1264 4591 1375 4652 vestro
1401 4589 1556 4652 duximus
1581 4590 1790 4650 committen-

146 4688 267 4750 comits
279 4687 375 4748 nobis
388 4687 588 4764 supplicavit
605 4688 781 4759 instanter,
806 4689 842 4749 ut
856 4705 938 4766 pro·-
994 4688 1083 4759 dum,
1100 4703 1143 4749 ac
1155 4685 1249 4748 vohis
1265 4701 1424 4763 expresse
1436 4687 1626 4755 dedenmus
1639 4687 1675 4746 in
1689 4702 1789 4747 man·-

145 4787 261 4847 videre
287 4786 548 4848 misericorditer
561 4785 786 4860 dignaremur,
808 4802 850 4846 ne
869 4786 942 4847 die-
994 4785 1090 4856 datis,
1116 4789 1155 4846 ut
1178 4801 1253 4845 cum¹
1276 4799 1295 4844 a
1319 4785 1467 4860 tempore
1490 4783 1597 4844 felicis
1621 4785 1789 4846 memoriae

146 4885 214 4946 tum
229 4899 311 4960 opus
326 4883 502 4944 occasione
527 4883 718 4960 hujusmodi
739 4884 940 4945 dissolvatur
995 4883 1179 4944 innocentii
1215 4885 1332 4958 Papae,
1374 4880 1634 4957 predecessoris
1670 4882 1790 4954 nostri,

146 4985 178 5043 et
192 4983 297 5058 ipsius
310 4981 442 5042 comitis
457 4981 513 5057 pia
523 4983 556 5042 et
567 4979 711 5044 salubris
726 4981 868 5044 intentio
878 4997 940 5043 sno
994 4983 1083 5041 incia
1096 4980 1199 5041 luerit
1209 4995 1311 5040 causa
1323 4979 1409 5054 ipsa,
1424 4994 1485 5038 nec
1505 4978 1613 5039 adnue
1629 4994 1735 5055 visque
1746 4979 1788 5040 ad

146 5079 360 5142 defraudetur
374 5078 503 5139 effectu.
525 5079 687 5151 Quoniam
713 5079 817 5154 igitur
840 5079 938 5140 vide·
994 5078 1062 5139 litis
1098 5077 1370 5138 contemtionem
1406 5091 1597 5151 processum
1626 5075 1728 5139 inerit
1754 5077 1789 5136 in

145 5177 237 5237 retur
260 5177 429 5248 indecens,
459 5178 491 5239 et
512 5177 695 5252 indignum,
713 5177 742 5236 si
763 5178 892 5238 tantum
908 5181 941 5238 et
994 5175 1224 5246 eadem,litem
1248 5173 1428 5234 contestari
1454 5173 1540 5234 inira
1565 5175 1634 5234 ees
1658 5189 1789 5235 menses

146 5273 491 5350 tamiandabileopus,
500 5274 939 5351 jamquinquasilinelauda·
994 5275 1068 5350 posi
1088 5272 1193 5334 nostri
1215 5272 1439 5349 receptionem
1462 5271 1610 5332 mandati
1627 5271 1791 5332 nen-obs-

146 5369 204 5429 biii
221 5372 494 5442 consummatum,
506 5372 745 5446 evacuaretur3
763 5372 805 5432 de
818 5377 939 5434 caetero
993 5371 1142 5433 tentibus
1169 5369 1392 5432 frustratoriis
1417 5370 1669 5446 exceptionibus
1698 5369 1790 5430 tace

146 5483 219 5528 cum
235 5468 316 5529 etin
340 5467 567 5530 contractibus
592 5469 696 5531 multa
721 5469 937 5532 celebrandos
994 5470 1087 5544 retis,
1104 5485 1163 5530 vos
1183 5467 1215 5529 id
1237 5466 1381 5528 nondum
1405 5466 1538 5528 effectui
1561 5465 1788 5543 mancipastis.

146 5565 337 5642 impediant,
348 5568 538 5642 quaetanen
549 5582 614 5628 non
625 5567 784 5630 dirimunt
795 5568 939 5630 celebra·
995 5569 1136 5646 Ideoque
1150 5566 1356 5638 mandamus,
1370 5565 1532 5644 quatenus
1544 5565 1645 5627 salvis
1657 5564 1788 5642 utrique

1028 3199 1152 3264 [Ressest.,
1165 3198 1209 3248 lib.
1216 3198 1260 3258 IX,
1270 3198 1343 3263 epist.
1355 3197 1408 3250 iao.
1418 3199 1474 3250 lissi
1487 3201 1523 3250 La
1534 3199 1610 3248 Porto
1620 3197 1654 3248 du
1664 3197 1764 3260 Thetin
