4262 6382
319 297 387 357 tta·

321 455 519 533 appenditiIs
535 458 617 528 suis,
630 457 722 518 salvo
736 458 960 520 moderamine
973 449 1114 520 Con'cllii¹

320 553 506 628 generalis;
538 556 649 630 partes
684 555 838 618 villarum
871 555 911 616 de
944 557 1110 632 Salsign0,

320 651 506 722 Machinco,
542 651 729 724 Flasslano,
770 654 903 738 Bazino,
944 654 1109 724 Pomario',

319 748 512 820 Vilaldrico,
531 750 563 809 et
579 751 699 810 Sancto
717 750 874 811 Adriano,
894 753 980 810 Sane
1002 765 1110 810 nova-

320 845 400 906 lium
420 849 607 906 vestrorum
627 862 699 924 quae
715 849 858 924 propriis
879 847 1042 918 manibus,
1058 847 1110 908 vel

320 942 505 1018 sumptibus
520 943 640 1016 colitis,
658 945 728 1004 sive
740 945 779 1005 de
790 947 974 1006 vestrorum
987 945 1112 1006 anima·

319 1040 1111 1113 liumnutrimentis,nullusavobisdecimaseni·

319 1153 398 1212 gere
409 1137 462 1198 vel
477 1141 674 1216 extorquere
688 1142 878 1218 praesumat.
893 1139 1109 1202 Liceat'vobis

318 1235 457 1295 clericos
475 1235 527 1296 sel
553 1237 668 1307 laicos
695 1237 819 1298 liberos
839 1239 872 1300 et
887 1237 1066 1311 absolutae,
1091 1254 1109 1299 e

317 1331 1106 1412 saeculofugientes,au'conversionemrecipere,

317 1430 428 1490 91993
455 1429 578 1506 absque
604 1431 868 1492 contradictione
891 1432 1001 1510 aliqua
1025 1433 1108 1494 reti-

316 1543 407 1586 nere.
432 1527 648 1588 Probibemus
664 1528 801 1605 insuper
816 1531 852 1590 ut
871 1530 953 1589 nulli
970 1529 1107 1592 fratrum

315 1625 512 1696 vestrorum,
524 1627 596 1701 post
607 1626 726 1687 iactam
738 1627 772 1686 in
785 1627 987 1688 monasterio
998 1629 1108 1688 vestro

315 1721 565 1810 professionem,
576 1723 674 1784 liceat
689 1724 761 1784 sine
774 1723 901 1786 abbatis
911 1725 1057 1796 licentia,
1068 1725 1108 1784 de

316 1820 430 1879 eodem
460 1820 545 1890 1999,
578 1821 642 1881 9131
669 1821 823 1881 arctioris
851 1822 1023 1897 religionis
1049 1821 1110 1882 ob-

217 1989 220 1996 ,
313 1917 405 1980 19919
421 1917 602 1978 discedere.
620 1917 851 1978 Discedentem
875 1935 955 1979 vero
983 1918 1108 1995 absque

314 2016 538 2076 communium
552 2016 737 2077 litterarum
753 2019 938 2078 vestrarum
955 2017 1108 2078 cautione

316 2114 426 2172 nullus
440 2114 561 2173 audeat
576 2114 731 2174 retinere.
750 2116 856 2186 Quum
873 2115 983 2174 autem
1005 2129 1109 2190 geue-

314 2210 385 2272 rale
400 2209 613 2270 interdictum
633 2212 731 2270 terrae
759 2203 868 2283 suerit,
883 2211 982 2273 liceat
1001 2211 1105 2284 vobis,

315 2307 439 2370 clausis
456 2306 582 2382 januis,
599 2307 744 2366 exclusis
768 2309 1062 2369 excommunicatis
1075 2312 1107 2370 et

313 2403 510 2470 interdictis,
544 2417 609 2464 non
641 2404 781 2480 pulsatis
812 2406 992 2481 campanis,
1028 2421 1108 2481 sup·

313 2515 428 2577 pressa
444 2515 534 2570 voce,
552 2501 662 2562 omnia
678 2500 788 2562 officia
803 2502 982 2563 celebrare.
1000 2505 1107 2564 luter-

313 2599 453 2658 dicimus
477 2598 577 2659 etiam
600 2614 641 2659 ne
666 2599 831 2675 99139999,
856 2599 909 2660 vel
938 2601 1107 2661 archidia-

313 2710 396 2756 cono
408 2694 507 2756 liceat
516 2696 551 2755 in
562 2711 632 2767 vos,
644 2697 697 2756 vel
709 2696 867 2757 ecclesias
880 2699 1021 2769 vestras,
1033 2699 1105 2760 sine

311 2792 486 2853 manifesta
502 2791 535 2853 et
549 2791 739 2854 rationabili
756 2809 870 2865 causa,
883 2797 1106 2856 excommuni-

311 2889 463 2960 cationis,
476 2889 527 2950 rel
539 2888 706 2950 interdicti
719 2891 916 2951 sententiam
932 2891 1031 2964 ferre,
1046 2908 1105 2954 seu

309 3003 368 3048 vos
384 2987 478 3047 novis
493 2990 527 3048 et
541 2985 696 3048 indebitis
708 2988 938 3049 exactionibus
950 2989 1101 3066 fatigare.

311 3085 348 3144 ln
366 3084 613 3160 parochialibus
637 3099 716 3145 vero
735 3086 886 3146 ecclesiis
901 3103 983 3162 quas
997 3087 1104 3148 babe-

310 3182 364 3252 tis,
380 3181 478 3242 liceat
488 3197 546 3242 vos
560 3181 749 3243 sacerdotes
764 3182 899 3258 eligere,
917 3184 1104 3246 dioecesano

308 3280 465 3355 episcope
479 3281 692 3354 prasentare,
709 3279 829 3355 quibus
844 3281 874 3339 si
896 3281 1008 3342 idonei
1029 3281 1104 3342 iue-

307 3376 386 3444 rint,
396 3375 573 3450 episcopus
588 3391 703 3434 curam
718 3377 905 3436 animarum
922 3378 1104 3439 committat

309 3472 389 3532 9191
413 3471 452 3531 de
468 3470 708 3546 spiritualibus,
723 3471 816 3532 uobis
832 3489 910 3534 vero
923 3474 963 3534 de
977 3475 1104 3551 tempo-

308 3566 446 3638 ralibus,
464 3566 605 3627 debeant
618 3568 837 3644 respondere;
855 3569 1000 3630 chrisma
1010 3585 1100 3645 vere,

307 3664 416 3725 oleum
450 3666 611 3736 sanctum,
650 3667 916 3728 consecrationes
946 3668 1101 3728 altarium

306 3777 365 3824 seu
393 3762 622 3834 basilicarum,
651 3763 877 3825 ordinationes
904 3765 1100 3826 clericorum

306 3861 361 3937 qui
377 3859 417 3920 ad
438 3875 551 3920 sacros
576 3860 709 3920 ordines
735 3861 859 3922 luerint
872 3865 1098 3940 promovendi,

305 3960 340 4020 at
364 3958 551 4019 dioecesano
583 3958 773 4034 suscipietis
801 3959 1099 4038 99139999,319919

305 4057 378 4116 dem
394 4055 578 4117 catholicus
590 4055 691 4117 brerit
706 4056 739 4117 et
748 4058 890 4132 gratiam
904 4061 937 4118 91
949 4063 1099 4119 999999-

303 4155 436 4214 nionem
450 4153 671 4214 sacrosanctae
693 4156 851 4215 Romanae
870 4155 964 4215 Sedis
979 4155 1100 4216 babue-

304 4251 359 4322 rit,
376 4253 408 4311 et
427 4265 466 4310 ea
488 4250 582 4310 vobis
598 4250 741 4311 voluerit
766 4252 839 4312 sine
859 4253 1025 4328 pravitate
1034 4254 1101 4313 ab«

304 4363 369 4424 qua
396 4347 565 4407 exhibere.
596 4348 806 4424 sepulturam
839 4363 970 4427 quoque
993 4351 1097 4426 ipsius

303 4445 368 4505 loci
397 4443 536 4506 liberam
567 4457 640 4505 esse
671 4446 890 4518 decernimus,
919 4449 955 4509 ot
982 4463 1096 4508 eorum

303 4542 468 4604 ‹levottoni
491 4543 523 4604 et
541 4543 690 4604 extrema
703 4545 874 4606 voluntate
891 4545 947 4620 qui
964 4559 1000 4606 se
1026 4545 1097 4607 illic

301 4641 436 4717 sepeliri
453 4639 733 4713 deliberaverunt,
758 4642 821 4702 nisi
851 4641 935 4702 torte
962 4652 1097 4703 eiacum-⁴

300 4737 459 4800 manicati
474 4738 526 4798 vel
542 4737 708 4799 interdicti
725 4739 802 4805 sint,
818 4737 928 4798 nullus
944 4737 1094 4806 obsistat,

300 4837 393 4898 salva
425 4839 536 4896 tamen
567 4837 698 4912 justitia
727 4850 843 4898 earum
878 4834 1095 4903 ecclesiarum

299 4934 420 5012 quibus
449 4937 652 4995 mortuorum
689 4947 829 5008 corpora
866 4937 1093 4995 assumuntur,

300 5032 447 5094 Obeunte
462 5047 540 5092 vero
555 5034 588 5093 19
601 5047 690 5091 9999
712 5030 859 5106 ejusdem
874 5030 938 5091 1991
963 5030 1093 5104 911919,

298 5132 351 5191 vel
380 5133 512 5192 tuorum
540 5127 686 5206 quolibet
716 5143 955 5199 successorum,
983 5129 1094 5189 nullus

298 5229 344 5298 ibi
370 5227 515 5306 qtralibet
542 5224 766 5302 subreptionis
793 5225 926 5297 astutia,
944 5237 1003 5288 seu
1019 5227 1093 5288 sio-

933 299 1108 362 HONORll
1129 289 1175 361 ll'l
1196 290 1342 367 0111119.

1902 295 1972 360 780*

1167 455 1268 522 tentia
1285 459 1507 536 praeponatur,
1524 457 1704 536 91319999
1712 453 1844 530 tratres,
1863 461 1958 520 com-

1167 557 1257 616 muni
1274 569 1448 628 consensu,
1476 554 1530 616 vel
1556 555 1694 616 fratrum
1719 566 1797 631 pars
1821 557 1964 632 majoris

1166 652 1199 713 et'
1213 653 1361 713 sanioris
1380 653 1510 714 consilii
1536 653 1716 712 secundum
1742 655 1851 713 Deum·
1872 653 1904 714 91
1919 655 1957 714 Β.

1165 749 1333 810 Benedicti
1348 750 1497 824 regulam
1522 744 1735 826 providerent
1756 749 1956 826 eligendum.

1165 846 1349 908 Libertates
1365 862 1494 924 quoque
1507 849 1540 907 et
1563 847 1789 907 immimitates
1804 847 1958 924 antiquas

1165 944 1196 1004 et
1211 943 1428 1004 rationabiles
1446 943 1701 1004 consuetudines
1716 943 1868 1006 ecclesiae
1882 961 1960 1006 ses·

1164 1043 1225 1102 troe
1240 1057 1425 1112 concessas,
1450 1042 1483 1102 et
1504 1041 1664 1102 hactenus
1680 1040 1882 1114 observatas,
1896 1051 1957 1102 ra-

1163 1141 1214 1198 tas
1230 1137 1379 1198 babenus
1393 1139 1425 1199 et
1440 1153 1497 1198 aas
1512 1139 1680 1215 perpetuis
1695 1135 1900 1214 temporibus
1915 1137 1960 1200 il-

1164 1234 1284 1296 libatas
1313 1250 1509 1312 permanere
1536 1235 1715 1296 sancimus.
1750 1235 1896 1312 Pacique
1925 1238 1959 1297 et

1162 1330 1397 1408 tranquillitati
1417 1331 1548 1404 vestra,
1575 1333 1764 1408 paternam
1790 1335 1956 1410 posterum

1164 1428 1386 1490 sollicitudine
1397 1429 1742 1506 provideretolentes,
1760 1423 1956 1492 auctoritate

1162 1525 1646 1602 1993191199919191199193,91
1670 1525 1758 1586 intra
1783 1527 1956 1588 clausuras

1164 1624 1311 1685 locorum
1338 1625 1533 1694 vestrorum,
1564 1623 1676 1684 nullus
1707 1623 1870 1700 rapinam,
1898 1637 1957 1685 seu

1163 1719 1289 1780 furtum'
1301 1719 1422 1791 facere,
1440 1721 1550 1795 ignem
1564 1730 1742 1796 apponere,
1760 1721 1957 1796 sanguinem

1163 1816 1311 1888 sundere,
1339 1814 1507 1877 bominem
1534 1819 1658 1878 temere
1687 1811 1958 1894 9999939119-

1161 1913 1324 1984 terticere,
1340 1929 1398 1974 seu
1418 1913 1611 1976 violentiam
1637 1913 1759 1975 audeat
1782 1922 1953 1975 exercere.

1163 2011 1376 2072 Decernimus
1390 2027 1469 2086 ergo
1484 2014 1520 2072 ut
1540 2011 1625 2072 nulli
1635 2011 1769 2072 omnino
1785 2013 1959 2072 bominum·

1162 2107 1261 2168 liceat
1275 2109 1449 2184 praelatum
1469 2109 1705 2170 monasterium
1731 2110 1855 2170 temere
1878 2123 1956 2185 per-

1164 2205 1307 2276 turbare,
1323 2207 1380 2266 aut
1390 2209 1462 2283 ejus
1473 2206 1700 2282 possessiones
1711 2205 1880 2266 auterre...
1895 2218 1958 2266 399

1162 2301 1362 2378 quibuslibet
1388 2303 1621 2364 vexationibus
1645 2302 1823 2379 fatigare...
1838 2306 1953 2374 Amen,

1161 2414 1394 2469 amemamen.
1427 2403 1484 2462 Ss.
1515 2401 1644 2472 Petrus,
1675 2401 1953 2474 Ρ99193,Ηο999

1161 2497 1331 2557 3193111...

1200 2595 1318 2655 Datum
1334 2594 1501 2666 Laterani,
1528 2595 1574 2655 ΙΙΙ
1594 2609 1698 2654 99993
1714 2587 1883 2667 februarii,
1901 2595 1956 2655 in·

1160 2681 1305 2751 dictione
1355 2688 1443 2763 Xlll,
1488 2691 1731 2752 incarnationis
1772 2692 1953 2754 Dominicae

1160 2803 1247 2848 anno
1274 2782 1457 2859 MGCXXV,
1485 2787 1697 2865 pontificatus
1725 2803 1804 2850 vero
1827 2783 1954 2850 domini

1160 2885 1299 2945 Honorii
1312 2897 1406 2963 papae
1422 2887 1468 2946 Ill
1482 2897 1570 2946 anno
1588 2901 1686 2948 nono.

1475 3101 1633 3203 LXXVI

1179 3269 1230 3327 Ad
1250 3269 1455 3336 Romanam,
1479 3268 1596 3328 salicti
1611 3269 1732 3343 999911
1751 3270 1933 3329 diaconum

1197 3367 1418 3434 cardinalem,
1431 3367 1470 3424 A.
1483 3365 1517 3424 d.
1530 3366 1681 3440 19991991
1696 3367 1731 3425 iu
1747 3369 1909 3429 Francia.

1405 3495 1440 3552 13
1459 3493 1593 3552 bbrusrii
1612 3495 1690 3552 liat.

1185 3619 1304 3681 [aegest.
1319 3618 1364 3667 lib.
1378 3617 1422 3676 lX,
1435 3617 1508 3683 epist.
1521 3617 1573 3668 180.
1587 3621 1644 3669 1133.
1654 3619 1775 3669 LaPorte
1785 3619 1819 3669 du
1829 3619 1923 3684 rheti]

1192 3744 1224 3800 Ei
1239 3741 1356 3800 mandat
1370 3746 1400 3799 91
1419 3744 1447 3799 19
1466 3751 1538 3800 tarro
1560 3743 1717 3800 Provincia
1734 3743 1914 3816 praelatorum

1392 3832 1577 3888 electioribus
1594 3833 1712 3890 intersit.

1195 3955 1373 4028 Hortorius,
1391 3960 1424 4019 91
1442 3958 1562 4019 dilecto
1578 3958 1647 4019 filio
1663 3961 1812 4020 Romano
1835 3959 1949 4022 Sancti

1154 4056 1272 4129 nugati
1290 4055 1430 4116 diacono
1445 4056 1619 4128 cardinali,
1636 4057 1947 4132 apostolicaesedis

1153 4153 1274 4228 legate,
1292 4153 1481 4215 salutemet
1500 4153 1724 4230 apostolicam
1741 4153 1949 4218 benedictio-

1154 4267 1240 4312 nem,

1193 4348 1276 4420 Quia
1292 4351 1414 4426 quanto
1430 4349 1618 4425 corruptior
1631 4351 1682 4412 est
1697 4351 1788 4412 terra
1803 4351 1947 4413 Provin-

1153 4445 1223 4518 9199,
1246 4447 1339 4508 tauto
1359 4447 1411 4510 931
1430 4447 1610 4508 studiosius
1633 4447 1884 4524 providendum,
1910 4449 1946 4512 91

1151 4544 1281 4618 praelati
1294 4544 1378 4605 tales
1393 4545 1611 4606 instituantur
1625 4545 1759 4616 ibidem,
1772 4547 1828 4622 qui
1843 4547 1943 4608 verbo

1152 4643 1185 4703 91
1205 4643 1357 4718 exemplo
1374 4643 1503 4720 possint
1522 4643 1563 4703 ad
1585 4641 1708 4704 bonum
1732 4644 1817 4706 alios
1839 4643 1946 4706 lnior-

1150 4751 1262 4810 niare,
1296 4740 1470 4812 volumus,
1499 4741 1535 4801 ut
1563 4740 1698 4802 intersis
1730 4741 1945 4818 praelatorum

1150 4837 1378 4909 electionibus,
1400 4853 1483 4914 quas
1499 4837 1535 4899 in
1550 4839 1738 4910 Provincia,
1756 4840 1788 4902 te
1808 4839 1945 4902 111991-

1150 4935 1266 5006 stente,
1284 4935 1460 5010 contigerit
1470 4935 1645 5004 celebrari,
1662 4937 1695 4998 91
1711 4937 1748 4997 91
1763 4935 1944 4998 electiones

1149 5031 1230 5107 ipsae
1251 5049 1325 5092 curn
1340 5033 1398 5093 tuo
1413 5043 1545 5109 semper
1563 5033 1704 5094 consilio
1719 5033 1941 5096 celebrentur.

1149 5130 1268 5190 batum
1297 5131 1475 5201 Laterani,
1511 5129 1621 5192 idibus
1650 5131 1831 5204 februarii,
1854 5148 1945 5195 anno

1147 5243 1249 5294 nono,
