4244 6374
132 311 192 372 545

133 469 269 544 dignum
290 465 379 526 esset
402 479 422 524 a
445 457 641 524 celsitudine
660 457 718 519 tua
740 455 923 526 terendum,

134 565 164 626 si
178 562 328 641 praedicti
344 559 518 622 occasione
533 554 734 633 hujusmodi,
749 553 835 614 unde
847 567 927 628 gra-

132 661 180 722 tia
191 662 250 722 tua
262 657 435 720 reddidere
448 671 484 715 se
499 654 627 729 dignos
645 652 788 728 aliquem
801 650 837 710 in
850 664 928 724 per-

134 758 236 827 sonis,
251 757 303 816 vel
318 754 417 815 rebus
434 752 504 812 suis
519 749 706 811 molestiam
720 747 924 824 paterentur,

133 855 277 917 sciturus
301 851 387 929 quod
414 850 443 910 si
469 865 512 910 en
535 848 598 908 hoc
621 847 698 907 illos
721 844 928 919 contingeret

133 950 316 1024 molestari,
354 946 472 1008 merito
502 959 686 1020 possemus,
723 940 809 1019 quod
840 940 926 1001 idem

134 1044 373 1125 primogenitus
384 1043 461 1104 tuus
472 1041 562 1102 circa
576 1039 800 1116 receptionem
812 1033 926 1097 uxoris

135 1160 204 1206 suae
225 1141 390 1204 mandatis
414 1138 538 1200 nostris
563 1137 678 1198 contra
698 1136 788 1196 tuam
807 1132 928 1195 volun-

133 1241 235 1302 tatem
263 1237 422 1315 paruerit,
455 1233 630 1311 suspicari.
663 1235 772 1304 Quare
799 1225 929 1290 sereni-

134 1338 235 1399 tatem
248 1336 339 1397 tuam
349 1347 532 1404 monemus,
545 1345 702 1406 rogamus
713 1329 746 1389 et
755 1328 928 1388 hortamur

136 1433 270 1505 attente,
294 1431 457 1510 quatenus
478 1428 637 1506 praedicto
659 1425 783 1495 comiti,
805 1424 837 1484 et
851 1422 927 1484 aliis

134 1530 282 1592 savorem
296 1530 390 1590 tuum
406 1525 583 1588 ostendens
601 1524 634 1585 et
650 1523 791 1598 gratiam
805 1534 865 1598 per
879 1518 930 1580 et-

135 1628 268 1698 iectum,
285 1627 318 1688 et
330 1626 365 1687 tu
383 1625 419 1685 in
434 1623 526 1684 nullo
546 1622 595 1682 eis
612 1621 770 1682 molestus
785 1617 926 1689 existam

135 1724 168 1786 et
183 1723 307 1786 attente
318 1720 507 1798 providens,
524 1734 566 1779 ne
580 1718 653 1795 quis
664 1717 705 1778 ad
716 1731 832 1776 eorum
842 1714 929 1774 bona

134 1817 314 1880 minuenda
325 1831 443 1878 manus
454 1814 625 1886 extendat;
643 1813 689 1874 ita
700 1811 786 1888 quod
798 1809 929 1871 sincera

135 1932 216 1990 erga
235 1915 340 1975 lilium
362 1914 454 1975 tuum
474 1910 684 1988 paternitatis
700 1906 833 1970 affectio
847 1907 880 1968 et
894 1907 929 1966 in

136 2027 209 2084 sua,
235 2011 268 2073 et
288 2013 324 2072 in
345 2011 478 2072 illorum
500 2007 651 2085 personis
673 2005 799 2084 liquido
826 2005 930 2081 possit

136 2108 284 2185 agnosci.
301 2108 419 2170 Datum
434 2107 473 2168 at
488 2119 607 2180 supra.

447 2399 623 2488 CXXXH

235 2556 288 2614 Ad
299 2555 474 2614 andream
489 2565 608 2628 repam
624 2550 827 2624 nuapartoe.

393 2682 426 2739 il
443 2679 577 2737 februarii
592 2679 671 2738 itti.

300 2804 393 2870 [Fejen
404 2802 465 2853 Cod.
479 2801 596 2868 diplom,
612 2801 654 2859 ΙΙΙ,
669 2815 687 2860 t,
698 2791 766 2864 tait

137 2923 209 2978 lium
219 2917 347 2976 hortatur
357 2925 387 2976 ut
396 2918 493 2976 Belem
504 2931 603 2990 regem
615 2916 835 2988 primogenitum
846 2915 929 2972 su'urn

173 3007 404 3066 commendatum
417 3006 522 3063 habeat
536 3013 564 3063 et
577 3004 613 3062 ad
625 3003 688 3077 ejus
699 3011 727 3060 et
737 3018 852 3060 suorum
866 3017 929 3076 pro·

172 3097 312 3154 visionem
326 3095 477 3152 honestam
492 3093 527 3151 de
544 3107 634 3165 regno
649 3107 701 3149 suo
715 3092 741 3149 ei
756 3098 849 3150 certos
864 3092 927 3149 red·

173 3181 249 3242 ditus
262 3184 399 3256 assignet.

178 3309 357 3381 Honorius,
374 3309 449 3380 etc,
467 3308 619 3381 salutem,
636 3307 698 3369 etc.

177 3407 310 3469 Ventris
332 3423 351 3466 a
371 3405 467 3467 nohis
491 3405 623 3466 viscera
643 3405 927 3476 commendantur,

136 3505 217 3566 dum
231 3503 440 3565 carissimum
457 3503 493 3564 in
508 3502 639 3563 Christo
658 3501 761 3562 tilium
779 3505 928 3564 nostrum

136 3604 174 3662 Β.
190 3615 314 3676 regem,
331 3599 588 3676 primogenitum
608 3600 711 3670 tuum,
729 3599 785 3676 qui
800 3615 860 3676 pro
876 3615 926 3672 ec,

136 3698 224 3774 quod
240 3689 378 3757 'atrorem
398 3711 493 3756 suam
508 3695 550 3756 ad
572 3696 763 3758 mandatum
779 3696 929 3757 nostrum

135 3794 273 3872 recepit,
295 3796 428 3856 coactus
450 3792 556 3854 estin
579 3794 703 3854 terram
724 3791 846 3854 nobilis
864 3793 929 3854 viri

139 3891 234 3952 ducis
246 3889 400 3963 nustria,
418 3905 454 3950 se
467 3888 644 3961 nanterre,
657 3891 724 3950 tuae
740 3889 930 3951 celsitudini

136 3986 415 4050 commendamus.
433 3987 482 4048 Ne
494 3987 597 4064 igitur
606 3986 708 4062 regiae
719 3985 929 4062 displicuisse

138 4084 311 4146 serenitati
330 4083 494 4153 credatur,
511 4083 597 4160 qnod
612 4082 790 4158 praedictus
805 4084 930 4161 primo-

110 4246 113 4256 ,
136 4182 270 4256 genitus
283 4181 361 4242 tuus
377 4179 499 4240 nostris
514 4178 685 4242 humiliter
702 4179 814 4256 paruit
829 4181 931 4241 bene-

135 4277 281 4356 placitis,
305 4278 338 4339 et
359 4276 538 4350 mandatis3
557 4278 648 4337 tuam
666 4276 812 4353 prolecto
837 4277 941 4339 decet.

137 4375 359 4452 prudentiam,
380 4373 416 4434 ut
439 4373 480 4434 de
501 4372 659 4449 praedicto
679 4373 747 4434 dlio
762 4374 831 4447 tuo,
853 4374 930 4434 dum

136 4473 277 4534 interra
298 4471 447 4532 moratur
463 4470 585 4542 aliena,
607 4470 716 4531 Patris
738 4469 858 4532 affectu
873 4487 931 4533 co-

136 4569 223 4646 gites
236 4571 384 4644 assueto,
400 4567 509 4644 ipsum
523 4567 610 4628 sicut
619 4567 703 4628 tanti
713 4567 802 4644 regis
811 4567 927 4642 filium,

138 4744 205 4804 inde
220 4744 337 4802 iecerint
348 4760 384 4801 ex
403 4752 482 4818 parte
497 4754 603 4802 nostra.
618 4749 649 4803 ln
670 4745 750 4817 ouius
766 4745 861 4814 noem,
873 4753 928 4803 etc.

137 4818 223 4873 'leste
253 4815 309 4871 mei
330 4831 362 4871 so
391 4816 466 4871 aud
493 4817 604 4872 Novum
633 4817 782 4888 Templum
816 4817 928 4872 Londo-

138 4887 250 4954 niense,
320 4888 384 4944 Vlll
400 4831 446 4942 die
461 4886 568 4956 aprilis,
587 4899 663 4942 anno
677 4888 760 4958 regni
776 4888 865 4944 nostri
880 4902 928 4944 oc·

138 4963 217 5025 tave,
232 4970 327 5012 coram
344 4956 461 5012 domino
481 4957 677 5014 cantuariensi
702 4957 928 5040 archiepiscopo,

139 5026 265 5083 Huberto
276 5025 311 5082 de
331 5027 425 5098 Burgo
438 5024 605 5097 justiciario,
621 5027 685 5084 etl.
707 5026 891 5084 Bathonienst
903 5035 932 5085 et

139 5097 174 5153 n.
191 5097 291 5154 Sarum
306 5111 325 5152 e
343 5096 458 5168 iscopis.
476 5117 488 5145 ι

176 5167 254 5234 itan,
275 5167 311 5221 ΙΙΙ·
332 5181 383 5223 ent.
402 5188 412 5216 ι
431 5168 491 5224 lter
504 5165 713 5223 venerabilibus
730 5168 799 5225 viris
817 5175 845 5225 et
860 5169 930 5224 emi·

140 5236 182 5293 cis
197 5237 224 5292 in
240 5235 349 5294 Christo
360 5236 524 5304 carissimis,
541 5236 755 5308 archiepiscopo
773 5240 931 5296 senonensi

141 5313 170 5363 et
185 5307 319 5378 episcopo
337 5307 552 5374 silvanectensi,
569 5309 700 5364 salutem.
721 5309 821 5365 Grates
836 5317 928 5380 pater·

140 5377 222 5434 nitati
237 5385 339 5434 vestrae
356 5376 504 5434 referimus
527 5377 563 5434 de
585 5377 630 5435 his
647 5392 720 5449 que,
742 5376 777 5434 de
798 5379 932 5436 mandato

140 5447 250 5504 domini
273 5449 367 5518 Papae,
388 5448 470 5504 nobis
484 5447 602 5505 duxistis
624 5463 674 5521 per
695 5449 802 5506 litteras
823 5457 933 5506 vestras

140 5515 310 5579 intimanda.
322 5518 357 5574 de
371 5519 480 5590 treugis
494 5519 566 5576 iuter
579 5519 724 5578 dominum
738 5534 836 5592 regern
846 5522 931 5576 Fren-

140 5589 194 5644 ciae
214 5593 242 5642 et
268 5601 320 5643 nos
348 5587 545 5662 prorogandis.
567 5591 601 5647 Et
628 5590 710 5646 vobis
736 5590 934 5663 significamus

268 5726 381 5769 airaon.
400 5727 472 5770 roua
487 5713 534 5773 IV.

736 295 962 362 EPISTOLAE.
986 297 1064 355 LlB.
1089 295 1174 354 l'lll.

1710 295 1772 352 5⁴6

980 455 1012 516 et
1025 455 1152 530 partem
1166 455 1298 514 tuorum
1311 453 1487 520 viscerum,
1504 449 1647 524 benigne
1659 468 1699 510 ac
1708 451 1772 512 lio-

980 554 1073 611 neste
1088 550 1271 620 tractando,
1288 565 1327 608 ac
1341 549 1373 608 ei
1391 547 1585 616 liberaliter,
1605 547 1692 607 unde
1707 548 1771 608 sibi

980 648 1013 709 et
1036 647 1106 707 suis
1129 647 1286 707 decenter
1309 643 1484 721 providere
1508 643 1628 712 valeat,
1654 645 1771 719 provi-

981 744 1098 806 dendo.
1116 747 1225 815 Quare
1244 743 1455 802 serenitatem
1477 743 1568 802 tuam
1587 756 1771 811 monemus,

981 856 1135 916 rogamus
1152 841 1184 900 et
1198 840 1371 900 hortamur
1385 839 1521 910 attente,
1540 843 1713 914 quatenus.
1732 853 1773 898 ne

981 939 1155 1016 quisquam
1171 936 1335 1013 suspicari
1349 936 1471 1002 valeat,
1487 937 1572 1012 quod
1593 937 1682 996 filius
1696 939 1773 998 tuus

981 1035 1169 1112 praedictus,
1180 1034 1275 1094 nobis
1287 1033 1404 1095 deuote
1414 1034 1570 1110 parendo,
1583 1039 1671 1095 certe
1681 1037 1773 1095 tuam

982 1131 1096 1193 lecerit
1123 1132 1342 1204 voluntatem
1378 1131 1435 1190 sed
1468 1132 1578 1206 potius
1612 1133 1772 1208 tanquam

982 1229 1137 1305 princeps
1148 1227 1559 1290 catholicusindevotione
1570 1229 1775 1306 Sedisnpos-

981 1325 1090 1386 tolicae
1109 1325 1277 1386 radicatus
1297 1323 1419 1384 iactum
1441 1324 1630 1400 hujusmodi
1646 1326 1774 1388 hahue-

981 1423 1040 1493 ris,
1065 1423 1152 1484 sicut
1179 1437 1362 1499 speramus,
1389 1422 1578 1496 acceptum;
1602 1424 1775 1497 paternam

982 1517 1192 1579 affectionem
1207 1517 1249 1578 ad
1261 1517 1354 1578 illum
1368 1532 1427 1593 per
1440 1517 1592 1577 effectum
1603 1517 1773 1591 exhibeas,

983 1615 1016 1675 et
1030 1613 1071 1675 ad
1087 1631 1192 1685 suam,
1209 1614 1242 1675 et
1260 1629 1395 1674 suorum
1411 1613 1633 1689 provisionem
1649 1614 1775 1676 hones-

982 1713 1050 1774 tam
1069 1712 1110 1772 de
1131 1727 1234 1786 regno
1255 1711 1313 1772 tuo
1327 1709 1476 1771 redditus
1495 1711 1526 1770 ei
1553 1714 1661 1773 certos
1686 1713 1775 1773 assi·

983 1809 1143 1884 gnes3ita
1153 1807 1238 1885 quod
1250 1806 1511 1883 magnitudinem
1522 1806 1775 1870 etdevotionem

983 1906 1074 1966 tuam
1100 1905 1136 1966 in
1162 1904 1303 1966 Domino
1332 1903 1564 1964 commendare
1591 1905 1773 1980 possimus;

983 2017 1045 2062 nec
1057 2001 1233 2079 quisquam
1247 2000 1333 2064 dete
1347 2001 1450 2072 aliud,
1465 2015 1564 2077 quam
1575 2001 1614 2061 de
1627 2001 1776 2078 principe

984 2099 1147 2160 catholico
1169 2098 1201 2159 et
1218 2098 1336 2160 devoto
1357 2097 1520 2176 suspicari
1536 2099 1682 2174 cogatur.
1701 2099 1776 2160 Sci-

984 2197 1079 2258 tnrus
1095 2195 1177 2257 satis
1191 2211 1280 2271 aegre
1292 2211 1352 2256 nos
1367 2194 1466 2267 ferre,
1481 2195 1566 2272 quod
1581 2195 1777 2271 saepedictus

984 2289 1072 2354 tilius
1088 2293 1165 2354 tuus
1180 2292 1221 2353 de
1238 2292 1423 2354 devotionis
1443 2294 1476 2354 et
1497 2291 1692 2353 obedientiae
1708 2309 1776 2353 suae
1831 2363 1832 2368 ἵ

984 2389 1113 2468 merito,
1129 2389 1216 2450 unde
1226 2389 1322 2451 debet
1337 2389 1460 2452 sentire
1471 2389 1624 2466 gratiam,
1637 2389 1778 2451 sustinet

985 2487 1229 2550 detrimentum.
1244 2487 1363 2549 Datum
1376 2486 1543 2560 Laterani,
1557 2488 1602 2547 IX
1616 2485 1776 2547 kalendas

985 2585 1107 2658 martii,
1124 2599 1213 2646 anno
1228 2585 1356 2646 octavo.

1281 2878 1478 2966 GXXXHI

985 3031 1035 3090 Ad
1055 3030 1241 3091 liebertum
1260 3033 1456 3104 episcopam
1478 3031 1775 3103 vesprimiensem.

1239 3160 1274 3217 ii
1288 3159 1422 3218 februarii
1440 3159 1518 3218 itti.

1149 3281 1242 3348 [licien
1252 3281 1312 3333 Cod.
1327 3283 1444 3348 diplom,
1458 3283 1502 3341 ΙΙΙ,
1514 3281 1611 3347 1,let.]

984 3397 1126 3456 Honorius
1145 3397 1265 3456 lieberto
1284 3398 1419 3470 episcopo
1434 3397 1642 3469 vesprimiensi
1657 3405 1688 3455 ut
1702 3399 1777 3456 Belsa

1018 3485 1090 3560 regi,
1112 3485 1147 3542 ad
1169 3484 1354 3548 avertendum
1374 3485 1536 3556 divortium,
1560 3487 1632 3544 ultro
1663 3501 1777 3559 queque

1019 3575 1180 3647 opituletur,
1196 3573 1389 3631 commendat.

1023 3683 1190 3760 Honorius
1199 3700 1386 3776 episcopus,
1397 3714 1513 3760 servus
1522 3715 1693 3761 servorum
1704 3701 1774 3772 Dei,

984 3795 1166 3858 venerabili
1201 3796 1309 3868 fratri,
1342 3795 1497 3872 episeopo
1521 3795 1774 3873 vesprimiensi,

984 3894 1124 3955 salutem
1137 3894 1170 3953 et
1182 3892 1405 3970 apostolicam
1420 3891 1694 3956 benedictionem.

1024 3990 1279 4052 Fraternitatem
1312 3977 1404 4051 tuam
1430 3989 1540 4066 dignis
1569 3991 1604 4051 in
1636 3993 1776 4056 Domino

983 4084 1137 4147 laudibus
1175 4083 1460 4156 commendamus,
1502 4085 1588 4161 quod
1623 4087 1709 4148 sicut
1735 4105 1779 4151 ex

984 4184 1078 4260 parte
1101 4179 1270 4243 carissimi
1297 4181 1332 4241 in
1354 4179 1484 4242 Christo
1514 4180 1576 4241 lilii
1596 4185 1713 4257 nostri,
1738 4187 1775 4248 Β.

984 4280 1073 4356 regis
1093 4278 1304 4355 primogeniti
1320 4275 1485 4339 carissimi
1508 4279 1543 4340 in
1563 4281 1692 4343 Christo
1715 4283 1778 4344 tilii

985 4375 1090 4438 nostri
1105 4375 1285 4450 Hungariae
1300 4375 1390 4450 regis
1402 4375 1554 4449 illustria,
1571 4376 1633 4440 suit
1651 4396 1776 4456 propo-

984 4473 1084 4534 situm
1110 4487 1222 4532 coram
1250 4470 1358 4543 nobis,
1384 4475 1420 4533 tu
1444 4473 1552 4534 eidem
1573 4477 1610 4535 Β.
1633 4477 1715 4551 rogi,
1744 4480 1779 4540 et

985 4567 1083 4630 uxori
1100 4585 1169 4630 suae
1182 4583 1312 4647 semper
1327 4567 1469 4630 fideliter
1483 4569 1628 4643 astitisti,
1645 4589 1705 4648 pro
1724 4574 1778 4650 ip-

985 4744 1059 4818 quod
1083 4745 1203 4802 nuncios
1222 4753 1343 4813 nostros,
1367 4759 1417 4817 per
1436 4746 1486 4801 Doi
1502 4746 1635 4818 gratiam,
1656 4747 1691 4805 ad
1705 4763 1774 4807 con·

984 4817 1081 4873 cilium
1094 4817 1255 4872 Parisiense
1272 4815 1306 4872 ad
1322 4823 1379 4872 tres
1398 4817 1574 4887 septimanas
1589 4817 1706 4884 Paschae
1718 4819 1777 4890 (do-

985 4887 1089 4944 minica
1104 4887 1186 4944 tertia
1209 4894 1273 4959 post
1295 4884 1417 4956 Pascha)
1438 4887 1582 4943 mittemus
1601 4886 1637 4943 ad
1656 4888 1775 4947 audien·

985 4956 1052 5013 dum
1068 4956 1132 5013 inde
1145 4971 1195 5028 per
1207 4971 1259 5012 ros
1269 4955 1444 5012 voluntalem
1459 4964 1488 5013 et
1502 4971 1669 5028 responsum
1686 4961 1777 5032 ipsius

985 5027 1062 5099 regis
1072 5028 1208 5083 Francia.
1224 5027 1367 5082 Noveritis
1383 5032 1478 5082 autem
1493 5026 1569 5097 quod
1584 5041 1637 5084 nos
1655 5045 1711 5087 non
1731 5033 1774 5088 in·

984 5098 1067 5153 terim
1088 5097 1302 5167 intercipiemus
1315 5109 1385 5168 erga
1404 5097 1498 5167 ipsum
1518 5111 1617 5169 regem
1638 5101 1683 5156 vel
1708 5117 1776 5159 suos

986 5169 1014 5224 in
1035 5167 1152 5239 treugis,
1175 5167 1230 5222 uisi
1253 5180 1288 5222 ex
1310 5175 1390 5238 parte
1412 5181 1462 5223 sua
1490 5168 1568 5238 prius
1589 5167 1672 5227 luerit
1694 5172 1779 5231 inter·

985 5245 1109 5308 ceptum.
1127 5238 1185 5294 Nos
1200 5243 1294 5292 autem
1321 5251 1354 5293 ex
1375 5244 1455 5307 parte
1469 5236 1576 5294 domini
1592 5241 1677 5312 Papae
1696 5258 1776 5301 man·

986 5308 1082 5364 datum
1096 5307 1258 5378 accepimus
1288 5321 1319 5362 er
1329 5307 1437 5362 litteras
1453 5321 1529 5377 suas,
1541 5307 1576 5365 de
1586 5312 1695 5384 treugis
1710 5329 1775 5386 pro·

986 5378 1122 5451 rogandis
1136 5391 1256 5449 usquea
1310 5377 1518 5446 uadriennium,
1534 5380 1606 5437 sicut
1621 5382 1682 5454 ipse
1696 5399 1777 5442 rece·

987 5450 1036 5522 pit.
1057 5451 1140 5530 Teste
1157 5462 1226 5528 rege
1236 5392 1313 5529 apud
1328 5449 1625 5520 westmonasterium,
1641 5454 1779 5512 vicesimo

987 5525 1088 5577 octavo
1101 5518 1146 5576 dte
1162 5518 1270 5591 aprilis.
1289 5537 1301 5568 s

1578 5715 1610 5772 ta
