4258 6394
197 339 259 402 425

196 515 279 577 quas
299 498 439 562 dilectus
458 499 547 562 111111
566 503 679 564 noster
692 503 735 576 J.,
748 501 837 564 tituli
859 504 988 564 Sanctae

195 597 358 658 Praxedis
378 597 550 676 presbyter
565 599 745 660 cardinalis
765 600 928 662 intervos
947 599 988 660 de

193 693 350 756 mandato
372 698 486 756 nostro
512 695 692 772 prudenter
720 711 759 757 ac
778 696 914 774 provide
936 695 987 756 f-

194 791 282 852 11111
319 791 543 866 dignoscitur,
570 792 768 855 auctoritate
797 793 985 870 apostolica

193 887 440 960 confirmamus,
461 889 494 951 et
513 890 687 966 praesentis
706 891 821 966 scripti
840 891 988 968 patroci-

192 985 249 1046 nio
261 985 515 1046 communimus.
533 985 642 1048 1111111
658 986 735 1049 sunt
749 987 830 1049 11111
844 1004 851 1048 :

232 1085 304 1142 «ln
330 1083 465 1143 nomine
481 1083 623 1144 Domini.
642 1088 757 1145 Amen.
784 1087 889 1156 Quum
910 1101 982 1156 noa,

190 1181 221 1242 J.
232 1179 292 1240 Dei
304 1179 414 1254 gratia
427 1180 517 1241 tituli
529 1181 658 1242 Sanctae
670 1181 832 1244 Praxedis
847 1181 985 1259 presby-

193 1276 243 1338 ter
253 1275 432 1338 cardinalis
443 1277 484 1338 ad
496 1277 675 1339 sedandam
687 1278 888 1340 discordiam
899 1279 985 1340 inter

190 1373 312 1434 milites
325 1373 358 1435 11
376 1389 535 1452 sequaces
557 1390 671 1436 eorum
685 1391 728 1436 ex
749 1378 842 1452 parte
857 1391 935 1447 una,
952 1377 985 1436 et

189 1470 366 1547 populares
387 1471 569 1532 Perusinos
583 1470 615 1533 et
630 1471 798 1547 adjutores
814 1488 929 1534 eorum
942 1487 985 1533 ex

188 1567 307 1640 altera,
325 1566 535 1628 demandato
554 1567 680 1628 domini
691 1571 790 1647 Papae
808 1569 983 1630 Perusium

186 1664 410 1735 venissemus,
423 1662 546 1724 habitis
560 1663 601 1724 ab
613 1665 663 1726 eis
675 1665 715 1726 de
727 1666 874 1742 parendo
884 1681 984 1742 supra

186 1759 356 1822 discordia
378 1759 452 1837 ipsa
478 1761 644 1822 mandatis
665 1761 866 1840 Apostoliois
885 1762 1005 1838 atque·

187 1857 322 1930 nostris,
343 1858 555 1934 juramentis,
580 1857 787 1935 pignoribus
815 1857 983 1920 obsidibus

187 1971 228 2016 11
242 1954 378 2026 tenutis,
396 1956 429 2017 et
443 1953 622 2016 intellectis
641 1957 841 2032 quaepartes
853 1956 888 2016 in
905 1972 984 2017 nos-

188 2053 240 2114 tra
267 2067 469 2130 proposuere
493 2053 686 2128 praesentia,
710 2053 869 2115 universa
886 2055 983 2130 jura-

187 2152 311 2220 menta,
332 2149 514 2226 pactiones
536 2147 766 2224 obligationes
792 2149 982 2226 colligatio-

187 2261 247 2306 nes
264 2246 298 2307 et
314 2243 563 2322 promissiones,
580 2262 653 2323 quae
668 2245 875 2319 societatum,
891 2262 983 2308 com-

187 2341 983 2421 munitatum,seufraternitatum,cadonum,pel·

188 2440 396 2516 lipariorum,
412 2437 594 2513 lanifloum,
612 2441 645 2502 et
661 2440 805 2501 aliorum
818 2439 981 2503 artificum

188 2537 363 2598 occasione
372 2536 577 2612 generaliter
590 2536 643 2598 vel
659 2537 875 2614 singulariter
887 2537 982 2600 factae

187 2637 266 2696 sunt
276 2635 345 2696 tam
358 2649 401 2696 ex
412 2634 519 2712 parte,
531 2649 630 2711 quam
642 2634 676 2696 in
690 2635 782 2712 11111
795 2635 937 2697 militum
950 2637 983 2698 et

188 2730 334 2808 peditum
355 2731 390 2792 in
416 2731 551 2794 civitate
574 2733 738 2793 Perusina
765 2733 798 2796 et
821 2733 983 2810 11111111-

187 2829 448 2906 111111,1111111
472 2828 656 2902 irritamus,
675 2845 715 2891 ac
735 2829 776 2890 ab
791 2846 904 2892 eorum
920 2829 982 2891 ob-

189 2925 380 2986 servatione
396 2924 598 2986 absolvimus
614 2926 787 2988 universos
799 2926 859 2988 sub
873 2926 982 2988 debito

188 3020 370 3095 fidelitatis,
387 3037 451 3098 qua
466 3022 625 3084 Ecclesiae
641 3024 799 3084 Romanae
814 3024 980 3095 tenentur,

184 3119 367 3196 iuramenti
384 3118 479 3180 nobis
501 3119 650 3196 praestiti,
668 3122 703 3182 'et
725 3119 826 3182 trium
842 3120 982 3182 millium

189 3231 377 3278 marcarum
390 3231 487 3294 poena
500 3215 640 3277 firmiter
654 3217 877 3295 praecipiendo
888 3233 984 3280 man-

188 3311 317 3383 dantes,
332 3327 374 3374 ne
394 3313 566 3388 praemissa
590 3311 768 3374 observent
786 3313 826 3375 de
848 3314 980 3385 caetero,

187 3407 242 3470 vel
253 3409 377 3470 similia
389 3409 546 3486 deinceps
556 3410 703 3471 audeant
713 3411 886 3472 attentare.
903 3413 983 3472 Pro·

188 3505 340 3568 bibemus
356 3505 504 3583 insuper,
521 3523 564 3569 nc
579 3507 752 3584 quisquam
764 3508 983 3570 communiter

187 3603 243 3664 vel
261 3603 393 3664 divisim
409 3603 535 3682 aliquid
555 3605 678 3666 malum
700 3604 863 3667 retribuat
882 3605 980 3682 parti,

187 3700 241 3762 vel
260 3700 363 3762 alicui
382 3700 423 3762 de
440 3702 534 3778 parte
553 3717 613 3764 seu
632 3701 818 3764 fautoribus
833 3704 865 3766 et
880 3702 980 3779 adju-

187 3797 317 3860 toribus
335 3797 405 3859 suis
418 3798 581 3860 dictorum
593 3799 738 3861 civitatis
751 3800 784 3862 et
798 3799 979 3871 districtus,

188 3895 363 3957 occasione
383 3895 557 3957 discordiae
582 3896 742 3958 hactenus
765 3897 909 3974 agitatae.
933 3897 981 3960 Ad

188 3992 272 4064 haec,
287 4008 388 4070 quum
402 4008 446 4053 ex
461 3992 719 4071 praesumptione
731 3995 983 4056 constitutario-

187 4105 262 4150 1111
281 4090 496 4152 statuentium
515 4089 697 4152 secundum
717 4091 840 4154 motum
856 4091 990 4164 volun-⁴

187 4186 267 4250 tatis
280 4186 425 4264 propriae
445 4187 605 4265 quidquid
627 4187 754 4258 volunt,
776 4189 879 4252 multa
906 4191 984 4251 1111

188 4283 397 4346 incommoda
416 4283 605 4357 subsecuta,
626 4283 778 4346 volumus
791 4289 825 4348 11
839 4285 981 4348 mauda-

188 4397 273 4454 mus,
295 4381 332 4443 ut
354 4381 440 4444 111111
465 4397 611 4459 unquam
638 4383 803 4444 statuatur
827 4382 982 4461 deinceps

188 4481 305 4542 contra
331 4479 454 4541 milites
473 4481 507 4541 et
530 4479 657 4556 pedites
677 4481 896 4558 supradictae,
924 4497 983 4543 seu

188 4577 290 4639 etiam
310 4575 397 4638 bona
422 4593 537 4639 eorum
560 4578 676 4639 contra
690 4578 781 4654 leges
797 4579 831 4640 et
845 4579 985 4642 canoni·

188 4689 245 4736 cas
270 4674 473 4746 sanctiones,
496 4674 713 4736 rationabiles
734 4677 767 4737 et
785 4675 983 4754 approbatas

187 4771 456 4844 consuetudines
476 4772 508 4834 et
522 4788 637 4849 pacem
660 4773 780 4835 factam
793 4789 852 4850 per
872 4773 984 4835 domi-

188 4885 269 4930 num
289 4869 412 4930 sanctae
434 4867 582 4930 basilicae
609 4863 984 4946 Duodecim'Apostolo·

188 4983 262 5026 rum
277 4965 506 5044 presbyterum
518 4966 732 5039 cardinalem,
749 4967 844 5028 bonae
858 4983 985 5030 memo-

188 5063 248 5125 1111
266 5063 391 5124 domini
416 5065 441 5124 Ι.
458 5065 558 5140 Papae
580 5065 811 5138 camerarium,
829 5066 862 5126 et
876 5063 985 5127 Bobo-

187 5177 264 5224 nem
287 5161 433 5222 Oddonis
447 5159 591 5222 Bobonis
606 5162 684 5222 tune
702 5162 900 5237 potestatem
916 5165 984 5224 Pe-

189 5259 341 5320 rusinum
364 5275 437 5336 quae
455 5274 475 5320 a
490 5258 579 5320 dieto
591 5257 726 5320 domino
738 5261 761 5320 l.
777 5261 983 5331 confirmata,

188 5357 221 5419 et
233 5371 293 5432 per
305 5356 475 5418 dominum
488 5355 671 5417 Honorium
688 5355 858 5420 declarata
871 5357 986 5420 existit

188 5453 445 5531 inquibusdam3
457 5453 515 5515 sed
527 5454 766 5516 inviolabiliter
777 5454 982 5527 observetur,

189 5551 254 5612 nisi
270 5550 383 5611 forsan
398 5549 632 5629 praedictorum
646 5553 814 5615 communi
829 5554 863 5616 11
878 5553 984 5616 libera

187 5648 369 5720 volmrtate,
387 5663 426 5710 11
441 5648 567 5710 domini
589 5651 689 5726 Papae
705 5652 738 5712 et
753 5667 984 5712 successorum

797 343 1025 408 EPISTOLAE.
1050 344 1128 404 LIB.
1151 344 1237 404 vlll.

1778 343 1837 404 426

1044 518 1179 564 suorum
1190 517 1350 578 expresso
1362 515 1527 562 consensu
1540 501 1665 580 aliquid
1681 501 1837 564 duxerint

1043 596 1837 676 statuendum.thuaecumquecontrapraedicta

1043 695 1170 766 omnia,
1203 693 1387 772 praesertim
1424 694 1459 754 in
1493 694 1723 770 praejudicium
1746 694 1835 772 juris

1042 791 1145 852 alieni
1161 792 1283 854 statuta
1298 790 1351 851 vel
1370 791 1524 852 ordinata
1546 794 1622 852 sunt
1637 791 1671 852 in
1688 793 1833 870 scriptis,

1041 887 1094 949 vel
1113 888 1213 949 etiam
1232 887 1304 949 sine
1319 887 1463 962 scriptis,
1480 887 1689 948 deceruimus
1704 904 1770 950 nou
1786 890 1836 950 te·

1041 1000 1132 1056 nere,
1155 999 1223 1045 non
1249 982 1457 1046 obstantibus
1471 984 1672 1061 juramentis
1693 984 1836 1046 111111-

1029 1081 1215 1143 trumentis
1246 1081 1412 1159 aliquibus
1445 1097 1505 1158 pro
1532 1079 1584 1140 1111
1618 1080 1834 1142 observandis

1039 1177 1217 1252 111111,111
1240 1177 1411 1256 rescriptis
1432 1177 1533 1238 etiam
1553 1177 1834 1254 1111111111;11(1

1039 1275 1140 1338 liceat
1156 1275 1309 1337 omnibus
1325 1276 1499 1352 utriusque
1522 1273 1627 1352 partis
1649 1273 1834 1336 1111111111

1040 1373 1091 1434 uti
1102 1372 1292 1450 1111111111
1305 1372 1426 1448 quiete,
1439 1388 1500 1432 nec
1512 1371 1554 1432 ab
1567 1371 1680 1447 aliqua
1691 1371 1835 1448 partium

1039 1468 1241 1544 generaliter
1255 1468 1307 1530 vel
1327 1467 1544 1544 singulariter
1564 1469 1760 1530 auferantur
1774 1484 1833 1529 re-

1039 1565 1130 1642 liqna
1150 1564 1237 1626 bona
1260 1581 1331 1625 sua.
1349 1565 1430 1626 Etsi
1448 1564 1619 1637 militibus,
1637 1563 1690 1626 vel
1712 1565 1835 1642 pediti-

1039 1662 1188 1725 bustam
1211 1662 1246 1722 in
1268 1662 1404 1722 civitate
1427 1662 1599 1734 Perusina,
1614 1678 1712 1738 qnam
1728 1661 1833 1738 ipsius

1039 1753 1192 1820 districtu
1204 1759 1240 1819 in
1255 1758 1419 1818 incisione
1430 1758 1596 1830 arborum,
1610 1758 1662 1819 vel
1678 1756 1834 1820 combus-
1922 1803 1935 1818 ,

1039 1855 1129 1918 11111
1144 1855 1317 1918 domorum
1334 1854 1468 1928 fuerint,
1490 1855 1574 1932 quod
1596 1854 1694 1928 absit,
1712 1855 1835 1917 11111-

1037 1955 1109 2014 1111
1127 1941 1247 2014 damna
1262 1952 1350 2024 dala,
1367 1967 1427 2029 per
1448 1952 1669 2012 camerarium
1685 1968 1835 2014 commu-

1037 2051 1090 2110 nis
1109 2050 1162 2110 vel
1188 2065 1246 2131 per
1262 2047 1415 2111 homines
1436 2048 1587 2126 pleberii,
1603 2049 1638 2110 in
1655 2066 1719 2126 quo
1735 2049 1831 2110 dam-

1037 2163 1117 2207 num
1136 2147 1249 2208 datum
1274 2146 1384 2219 fuerit,
1411 2145 1592 2207 secundnm
1617 2147 1833 2210 constitutum

1038 2231 1183 2307 civitatis
1205 2243 1377 2305 Perusinae
1397 2241 1456 2304 1111
1475 2242 1658 2306 satisfactio
1674 2243 1833 2306 damnum

1038 2341 1158 2418 passis,
1173 2357 1354 2418 omnesque
1376 2341 1432 2418 qui
1455 2342 1569 2403 contra
1594 2341 1754 2419 praedicta
1774 2359 1833 2404 ve·

1037 2439 1162 2511 nerint,
1188 2437 1542 2500 excommunicationis
1573 2438 1707 2500 vinculo
1733 2440 1834 2502 inno·-

1037 2535 1166 2608 dantes,
1190 2536 1275 2613 quod
1298 2537 1593 2612 praesumpserunt,
1621 2535 1832 2598 decernimus
1879 2614 1886 2624 x

1037 2631 1170 2695 irritum
1180 2631 1252 2710 ipso
1268 2633 1366 2694 facto.

1077 2732 1279 2792 «Praeterea
1301 2730 1537 2808 nequisquam
1560 2730 1742 2806 praemissis
1765 2747 1831 2793 au-

1038 2825 1116 2887 deat
1135 2825 1313 2897 contraire,
1335 2825 1395 2886 sub
1413 2842 1512 2902 poena
1529 2827 1683 2902 superius
1703 2843 1832 2889 memo-

1037 2924 1110 2986 rata
1121 2923 1261 2984 firmiter
1277 2922 1476 2994 inhibentes
1493 2923 1534 2984 ad
1550 2923 1688 3001 majoris
1703 2923 1833 2985 roboris

1036 3021 1227 3087 firmitatem
1250 3020 1421 3097 Spoletani
1443 3021 1478 3082 in
1497 3021 1604 3082 tribus
1624 3020 1770 3083 millibus
1786 3022 1833 3084 li·

1038 3118 1171 3180 brarum
1196 3118 1405 3190 burensium,
1423 3119 1456 3180 et
1471 3117 1672 3181 Urbevetani
1694 3120 1729 3182 in
1749 3120 1832 3182 toti-

1038 3216 1112 3277 dem
1140 3215 1352 3293 fldejussores
1378 3217 1583 3294 recepimus,
1606 3217 1653 3278 ita
1678 3217 1834 3280 videlicet

1039 3312 1124 3390 quod
1140 3313 1169 3374 si
1183 3329 1247 3390 qua
1263 3313 1408 3389 partium
1424 3315 1539 3376 contra
1559 3329 1674 3390 pacem
1691 3317 1724 3376 et
1738 3330 1834 3376 man-

1038 3410 1115 3472 data
1143 3410 1257 3473 nostra
1292 3411 1408 3472 venire
1436 3411 1704 3488 praesumpserit,
1731 3411 1833 3476 iidem

1038 3507 1251 3586 fidejussores
1263 3507 1396 3568 domino
1408 3509 1507 3584 Papae
1516 3508 1570 3569 vel
1583 3509 1833 3572 successoribus

1039 3606 1120 3679 1111,
1137 3605 1170 3667 et
1184 3606 1282 3683 parti,
1306 3621 1380 3682 quae
1403 3622 1517 3682 paoem
1540 3607 1572 3668 11
1591 3607 1745 3668 mandata
1761 3623 1835 3669 ser-

1038 3703 1179 3775 vaverit,
1206 3703 1426 3764 communiter
1447 3702 1481 3763 in
1504 3703 1591 3764 diota
1615 3703 1756 3780 pecunia
1777 3706 1833 3767 te-

1037 3800 1194 3870 neantur,
1230 3799 1430 3877 recipientes
1467 3815 1486 3860 a
1523 3800 1831 3876 Fuliginatensibus

1037 3895 1255 3958 nibilominus
1270 3896 1472 3972 jnramenta,
1496 3896 1582 3972 qnod
1602 3883 1832 3974 patremque

1037 3992 1153 4054 contra
1168 4007 1281 4068 pacem
1298 3992 1330 4052 et
1346 3991 1501 4051 mandata
1517 3991 1675 4068 praedicta
1689 3993 1832 4066 venerit,

1038 4089 1232 4167 depriment,
1250 4090 1283 4150 et
1297 4089 1485 4150 servantem
1500 4084 1616 4151 eadem
1630 4105 1690 4171 pro
1705 4089 1832 4153 viribus

1037 4187 1252 4264 adjuvabunt.

1077 4303 1097 4346 1
1113 4287 1236 4348 Verum
1251 4301 1351 4363 quum
1366 4283 1557 4363 potestates,
1578 4287 1633 4364 qni
1659 4288 1833 4350 Perusinis

1040 4399 1101 4462 per
1114 4385 1263 4460 tempora
1280 4381 1485 4460 praefuerint,
1503 4399 1569 4444 nna
1586 4400 1661 4445 cum
1677 4384 1725 4445 eis
1740 4386 1834 4462 epis-

1038 4497 1131 4558 copo,
1149 4480 1299 4541 canoniae
1324 4481 1438 4542 Sancti
1463 4482 1648 4550 Laurentii,
1667 4487 1837 4546 monaste-

1038 4578 1089 4640 rio
1104 4577 1217 4639 Sancti
1231 4577 1322 4638 Petri
1340 4579 1374 4638 et
1388 4577 1463 4639 11111
1478 4579 1631 4640 ecclesiis
1645 4579 1790 4642 civitatis
1804 4583 1838 4644 et

1039 4675 1192 4736 dioecesis
1220 4674 1393 4735 Perusinae
1418 4675 1578 4752 quasdam
1607 4679 1834 4753 possessiones

1039 4773 1072 4834 et
1094 4772 1180 4834 bona
1202 4771 1367 4832 violenter
1395 4771 1605 4845 abstulerint,
1627 4775 1833 4849 mandantes,

1039 4871 1075 4932 11
1094 4869 1254 4932 11111111
1269 4869 1304 4929 11
1321 4870 1471 4945 proximo
1487 4871 1670 4930 Perusinus
1687 4872 1834 4948 potestas

1040 4969 1116 5030 ante
1136 4968 1282 5029 omnium
1304 4981 1481 5027 causarum
1502 4968 1725 5043 cognitionem
1738 4984 1834 5031 com-

1039 5067 1154 5144 petens
1179 5063 1388 5128 excambium
1408 5065 1586 5140 assignans
1606 5067 1756 5128 canoniae
1776 5083 1835 5128 su-

1040 5163 1197 5241 pradictae
1212 5178 1271 5240 pro
1287 5162 1460 5224 excambio
1478 5163 1606 5238 palatii,
1624 5165 1709 5240 quod
1726 5163 1833 5227 eidem

1040 5255 1162 5321 dudum
1175 5261 1383 5321 concessisse
1397 5259 1604 5336 dignoscitur
1617 5263 1759 5339 populus
1773 5265 1833 5325 Pe·

1039 5359 1188 5430 rusinus,
1204 5359 1237 5420 et
1257 5356 1318 5419 illo
1335 5373 1408 5418 eam
1432 5357 1587 5434 spoliavit
1610 5361 1832 5436 postmodum,

1040 5458 1131 5518 motu
1167 5455 1311 5532 propriae
1349 5455 1532 5516 voluntatis
1574 5457 1755 5532 restituat3
1783 5460 1833 5521 sio

1040 5552 1152 5615 ablata
1167 5551 1323 5629 episcopo
1336 5555 1369 5613 et
1391 5553 1591 5630 supradictis
1612 5555 1763 5617 ecclesiis
1783 5557 1837 5618 in-

1041 5651 1089 5713 fra
1118 5665 1275 5722 mensem,
1307 5651 1517 5712 restitutione
1543 5653 1717 5726 bagnariae
1747 5653 1837 5718 facta
