<?xml version="1.0" encoding="UTF-8"?>
<!DOCTYPE html PUBLIC "-//W3C//DTD XHTML 1.0 Transitional//EN"
    "http://www.w3.org/TR/xhtml1/DTD/xhtml1-transitional.dtd">
<html xmlns="http://www.w3.org/1999/xhtml" xml:lang="en" lang="en">
 <head>
  <title>
</title>
<meta http-equiv="Content-Type" content="text/html;charset=utf-8" />
  <meta name='ocr-system' content='tesseract 3.04.00' />
  <meta name='ocr-capabilities' content='ocr_page ocr_carea ocr_par ocr_line ocrx_word'/>
</head>
<body>
  <div class='ocr_page' id='page_1' title='image "./mediiaevibiblio00unkngoog_0369.png"; bbox 0 0 4244 6374; ppageno 0'>
   <div class='ocr_carea' id='block_1_1' title="bbox 189 271 1833 354">
    <p class='ocr_par' dir='ltr' id='par_1_1' title="bbox 189 271 1833 354">
     <span class='ocr_line' id='line_1_1' title="bbox 189 271 1833 354; baseline -0.001 -22"><span class='ocrx_word' id='word_1_1' title='bbox 189 271 249 354; x_wconf 63' lang='lat'><strong>913</strong></span> <span class='ocrx_word' id='word_1_2' title='bbox 789 273 1019 334; x_wconf 82' lang='lat' dir='ltr'><strong>EPISTOLAE.</strong></span> <span class='ocrx_word' id='word_1_3' title='bbox 1036 273 1122 338; x_wconf 69' lang='grc' dir='ltr'><strong>ΜΒ.</strong></span> <span class='ocrx_word' id='word_1_4' title='bbox 1146 273 1231 331; x_wconf 85' lang='lat' dir='ltr'><strong>Vttt.</strong></span> <span class='ocrx_word' id='word_1_5' title='bbox 1772 271 1833 332; x_wconf 77' lang='lat' dir='ltr'><strong>ott</strong></span> 
     </span>
    </p>
   </div>
   <div class='ocr_carea' id='block_1_2' title="bbox 147 425 1836 2832">
    <p class='ocr_par' dir='ltr' id='par_1_2' title="bbox 147 425 1836 2832">
     <span class='ocr_line' id='line_1_2' title="bbox 189 425 1833 508; baseline -0.001 -18"><span class='ocrx_word' id='word_1_6' title='bbox 189 429 422 507; x_wconf 75' lang='lat' dir='ltr'>proprietatem</span> <span class='ocrx_word' id='word_1_7' title='bbox 430 431 750 496; x_wconf 80' lang='lat' dir='ltr'><strong>Ecclesiaellomanae</strong></span> <span class='ocrx_word' id='word_1_8' title='bbox 762 431 981 508; x_wconf 81' lang='lat' dir='ltr'><strong>suscepimus,</strong></span> <span class='ocrx_word' id='word_1_9' title='bbox 1037 427 1227 491; x_wconf 80' lang='lat' dir='ltr'><strong>turbatione</strong></span> <span class='ocrx_word' id='word_1_10' title='bbox 1242 425 1430 498; x_wconf 85' lang='lat' dir='ltr'><strong>didicimus,</strong></span> <span class='ocrx_word' id='word_1_11' title='bbox 1453 427 1539 505; x_wconf 91' lang='lat' dir='ltr'><strong>quod</strong></span> <span class='ocrx_word' id='word_1_12' title='bbox 1555 427 1600 488; x_wconf 89' lang='lat' dir='ltr'><strong>ita</strong></span> <span class='ocrx_word' id='word_1_13' title='bbox 1616 427 1651 486; x_wconf 95' lang='lat' dir='ltr'><strong>in</strong></span> <span class='ocrx_word' id='word_1_14' title='bbox 1667 427 1833 504; x_wconf 90' lang='lat' dir='ltr'><strong>plerisque</strong></span> 
     </span>
     <span class='ocr_line' id='line_1_3' title="bbox 189 519 1833 603; baseline -0.002 -16"><span class='ocrx_word' id='word_1_15' title='bbox 189 528 221 588; x_wconf 89' lang='lat' dir='ltr'><strong>et</strong></span> <span class='ocrx_word' id='word_1_16' title='bbox 230 527 400 589; x_wconf 88' lang='lat' dir='ltr'><strong>nonnullis</strong></span> <span class='ocrx_word' id='word_1_17' title='bbox 411 528 821 594; x_wconf 89' lang='lat' dir='ltr'><strong>libertatibuscuravimus</strong></span> <span class='ocrx_word' id='word_1_18' title='bbox 835 543 985 591; x_wconf 89' lang='lat' dir='ltr'><strong>commu-</strong></span> <span class='ocrx_word' id='word_1_19' title='bbox 1038 525 1187 603; x_wconf 89' lang='lat' dir='ltr'><strong>partibus</strong></span> <span class='ocrx_word' id='word_1_20' title='bbox 1213 523 1441 586; x_wconf 87' lang='lat' dir='ltr'><strong>ecclesiastica</strong></span> <span class='ocrx_word' id='word_1_21' title='bbox 1462 519 1612 585; x_wconf 86' lang='lat' dir='ltr'><strong>&#39;censura</strong></span> <span class='ocrx_word' id='word_1_22' title='bbox 1638 523 1833 585; x_wconf 83' lang='lat' dir='ltr'><strong>dissolvitur</strong></span> 
     </span>
     <span class='ocr_line' id='line_1_4' title="bbox 190 611 1831 702; baseline -0.001 -19"><span class='ocrx_word' id='word_1_23' title='bbox 190 611 267 696; x_wconf 83' lang='lat' dir='ltr'><strong>niri,</strong></span> <span class='ocrx_word' id='word_1_24' title='bbox 281 624 574 702; x_wconf 80' lang='lat' dir='ltr'><strong>sicutApostolicae</strong></span> <span class='ocrx_word' id='word_1_25' title='bbox 585 625 704 688; x_wconf 84' lang='lat' dir='ltr'><strong>litterae</strong></span> <span class='ocrx_word' id='word_1_26' title='bbox 721 641 803 701; x_wconf 88' lang='lat' dir='ltr'><strong>quas</strong></span> <span class='ocrx_word' id='word_1_27' title='bbox 819 625 983 702; x_wconf 89' lang='lat' dir='ltr'><strong>superbis</strong></span> <span class='ocrx_word' id='word_1_28' title='bbox 1039 625 1071 686; x_wconf 91' lang='lat' dir='ltr'><strong>et</strong></span> <span class='ocrx_word' id='word_1_29' title='bbox 1084 623 1253 684; x_wconf 87' lang='lat' dir='ltr'><strong>canonicae</strong></span> <span class='ocrx_word' id='word_1_30' title='bbox 1273 621 1446 683; x_wconf 88' lang='lat' dir='ltr'><strong>sententiae</strong></span> <span class='ocrx_word' id='word_1_31' title='bbox 1462 621 1624 682; x_wconf 89' lang='lat' dir='ltr'><strong>severitas</strong></span> <span class='ocrx_word' id='word_1_32' title='bbox 1640 622 1831 692; x_wconf 90' lang='lat' dir='ltr'><strong>enervatur,</strong></span> 
     </span>
     <span class='ocr_line' id='line_1_5' title="bbox 191 717 1834 799; baseline -0.002 -17"><span class='ocrx_word' id='word_1_33' title='bbox 191 721 321 782; x_wconf 88' lang='lat' dir='ltr'><strong>dilectis</strong></span> <span class='ocrx_word' id='word_1_34' title='bbox 330 721 408 782; x_wconf 87' lang='lat' dir='ltr'><strong>fllils</strong></span> <span class='ocrx_word' id='word_1_35' title='bbox 420 723 578 798; x_wconf 88' lang='lat' dir='ltr'><strong>magistro</strong></span> <span class='ocrx_word' id='word_1_36' title='bbox 591 724 623 784; x_wconf 91' lang='lat' dir='ltr'><strong>et</strong></span> <span class='ocrx_word' id='word_1_37' title='bbox 634 722 792 784; x_wconf 88' lang='lat' dir='ltr'><strong>fratribus</strong></span> <span class='ocrx_word' id='word_1_38' title='bbox 802 722 984 799; x_wconf 82' lang='lat' dir='ltr'><strong>Hospitalis</strong></span> <span class='ocrx_word' id='word_1_39' title='bbox 1039 721 1076 781; x_wconf 89' lang='lat' dir='ltr'><strong>ut</strong></span> <span class='ocrx_word' id='word_1_40' title='bbox 1090 719 1156 781; x_wconf 90' lang='lat' dir='ltr'><strong>viri</strong></span> <span class='ocrx_word' id='word_1_41' title='bbox 1168 717 1319 794; x_wconf 76' lang='lat' dir='ltr'><strong>religiosi</strong></span> <span class='ocrx_word' id='word_1_42' title='bbox 1335 719 1368 779; x_wconf 89' lang='lat' dir='ltr'><strong>et</strong></span> <span class='ocrx_word' id='word_1_43' title='bbox 1387 717 1424 778; x_wconf 92' lang='lat' dir='ltr'><strong>hi</strong></span> <span class='ocrx_word' id='word_1_44' title='bbox 1437 717 1582 778; x_wconf 80' lang='lat' dir='ltr'><strong>maxime</strong></span> <span class='ocrx_word' id='word_1_45' title='bbox 1595 717 1651 794; x_wconf 92' lang='lat' dir='ltr'><strong>qui</strong></span> <span class='ocrx_word' id='word_1_46' title='bbox 1665 733 1724 794; x_wconf 92' lang='lat' dir='ltr'><strong>per</strong></span> <span class='ocrx_word' id='word_1_47' title='bbox 1739 719 1834 779; x_wconf 88' lang='lat' dir='ltr'><strong>Sedis</strong></span> 
     </span>
     <span class='ocr_line' id='line_1_6' title="bbox 192 814 1835 895; baseline -0.001 -18"><span class='ocrx_word' id='word_1_48' title='bbox 192 817 322 879; x_wconf 85' lang='lat' dir='ltr'><strong>Sanctae</strong></span> <span class='ocrx_word' id='word_1_49' title='bbox 345 818 460 880; x_wconf 90' lang='lat' dir='ltr'><strong>Mariae</strong></span> <span class='ocrx_word' id='word_1_50' title='bbox 484 818 765 881; x_wconf 82' lang='lat' dir='ltr'><strong>Theutoniccrum</strong></span> <span class='ocrx_word' id='word_1_51' title='bbox 788 818 984 895; x_wconf 86' lang='lat' dir='ltr'><strong>Hierosoly·</strong></span> <span class='ocrx_word' id='word_1_52' title='bbox 1038 816 1238 893; x_wconf 85' lang='lat' dir='ltr'><strong>Apostolicae</strong></span> <span class='ocrx_word' id='word_1_53' title='bbox 1270 815 1391 892; x_wconf 91' lang='lat' dir='ltr'><strong>majori</strong></span> <span class='ocrx_word' id='word_1_54' title='bbox 1422 814 1537 875; x_wconf 90' lang='lat' dir='ltr'><strong>donati</strong></span> <span class='ocrx_word' id='word_1_55' title='bbox 1572 815 1649 875; x_wconf 89' lang='lat' dir='ltr'><strong>sunt</strong></span> <span class='ocrx_word' id='word_1_56' title='bbox 1681 814 1835 876; x_wconf 90' lang='lat' dir='ltr'><strong>libertate</strong></span> 
     </span>
     <span class='ocr_line' id='line_1_7' title="bbox 190 910 1832 998; baseline -0.001 -23"><span class='ocrx_word' id='word_1_57' title='bbox 190 913 319 986; x_wconf 89' lang='lat' dir='ltr'><strong>mitani,</strong></span> <span class='ocrx_word' id='word_1_58' title='bbox 335 915 478 976; x_wconf 93' lang='lat' dir='ltr'><strong>dominis</strong></span> <span class='ocrx_word' id='word_1_59' title='bbox 493 916 589 978; x_wconf 75' lang='lat' dir='ltr'><strong>dieta</strong></span> <span class='ocrx_word' id='word_1_60' title='bbox 610 917 721 988; x_wconf 84' lang='lat' dir='ltr'><strong>terrae,</strong></span> <span class='ocrx_word' id='word_1_61' title='bbox 745 915 982 987; x_wconf 83' lang='lat' dir='ltr'><strong>concessimus,</strong></span> <span class='ocrx_word' id='word_1_62' title='bbox 1038 914 1162 990; x_wconf 89' lang='lat' dir='ltr'><strong>passim</strong></span> <span class='ocrx_word' id='word_1_63' title='bbox 1173 929 1196 998; x_wconf 25' lang='lat' dir='ltr'><strong>a!</strong></span> <span class='ocrx_word' id='word_1_64' title='bbox 1207 911 1478 973; x_wconf 79' lang='lat' dir='ltr'><strong>malefactoribus</strong></span> <span class='ocrx_word' id='word_1_65' title='bbox 1491 911 1562 972; x_wconf 89' lang='lat' dir='ltr'><strong>suis</strong></span> <span class='ocrx_word' id='word_1_66' title='bbox 1572 910 1712 987; x_wconf 89' lang='lat' dir='ltr'><strong>injurias</strong></span> <span class='ocrx_word' id='word_1_67' title='bbox 1728 912 1832 974; x_wconf 88' lang='lat' dir='ltr'><strong>susti-</strong></span> 
     </span>
     <span class='ocr_line' id='line_1_8' title="bbox 190 1008 1834 1089; baseline -0.001 -17"><span class='ocrx_word' id='word_1_68' title='bbox 190 1027 249 1082; x_wconf 79' lang='grc'><strong>111</strong></span> <span class='ocrx_word' id='word_1_69' title='bbox 275 1012 454 1088; x_wconf 89' lang='lat' dir='ltr'><strong>potuerunt</strong></span> <span class='ocrx_word' id='word_1_70' title='bbox 480 1013 612 1089; x_wconf 89' lang='lat' dir='ltr'><strong>plenius</strong></span> <span class='ocrx_word' id='word_1_71' title='bbox 643 1013 794 1074; x_wconf 89' lang='lat' dir='ltr'><strong>edocere.</strong></span> <span class='ocrx_word' id='word_1_72' title='bbox 811 1015 984 1074; x_wconf 92' lang='lat' dir='ltr'><strong>Monemus</strong></span> <span class='ocrx_word' id='word_1_73' title='bbox 1039 1011 1141 1072; x_wconf 90' lang='lat' dir='ltr'><strong>neant</strong></span> <span class='ocrx_word' id='word_1_74' title='bbox 1173 1011 1206 1072; x_wconf 90' lang='lat' dir='ltr'><strong>et</strong></span> <span class='ocrx_word' id='word_1_75' title='bbox 1235 1010 1383 1087; x_wconf 89' lang='lat' dir='ltr'><strong>rapinas,</strong></span> <span class='ocrx_word' id='word_1_76' title='bbox 1403 1009 1480 1070; x_wconf 91' lang='lat' dir='ltr'><strong>dum</strong></span> <span class='ocrx_word' id='word_1_77' title='bbox 1508 1009 1567 1070; x_wconf 81' lang='lat' dir='ltr'><strong>vix</strong></span> <span class='ocrx_word' id='word_1_78' title='bbox 1588 1008 1757 1081; x_wconf 86' lang='lat' dir='ltr'><strong>invenitur</strong></span> <span class='ocrx_word' id='word_1_79' title='bbox 1777 1009 1834 1086; x_wconf 93' lang='lat' dir='ltr'><strong>qui</strong></span> 
     </span>
     <span class='ocr_line' id='line_1_9' title="bbox 190 1105 1834 1184; baseline -0.002 -16"><span class='ocrx_word' id='word_1_80' title='bbox 190 1108 293 1184; x_wconf 88' lang='lat' dir='ltr'><strong>igitur</strong></span> <span class='ocrx_word' id='word_1_81' title='bbox 305 1109 555 1172; x_wconf 88' lang='lat' dir='ltr'><strong>universitatem</strong></span> <span class='ocrx_word' id='word_1_82' title='bbox 583 1109 740 1180; x_wconf 87' lang='lat' dir='ltr'><strong>vestram,</strong></span> <span class='ocrx_word' id='word_1_83' title='bbox 765 1112 799 1172; x_wconf 89' lang='lat' dir='ltr'><strong>et</strong></span> <span class='ocrx_word' id='word_1_84' title='bbox 812 1111 985 1171; x_wconf 90' lang='lat' dir='ltr'><strong>hortamur</strong></span> <span class='ocrx_word' id='word_1_85' title='bbox 1039 1122 1187 1182; x_wconf 89' lang='lat' dir='ltr'><strong>congrua</strong></span> <span class='ocrx_word' id='word_1_86' title='bbox 1211 1106 1278 1167; x_wconf 91' lang='lat' dir='ltr'><strong>illis</strong></span> <span class='ocrx_word' id='word_1_87' title='bbox 1301 1106 1507 1183; x_wconf 89' lang='lat' dir='ltr'><strong>protectione</strong></span> <span class='ocrx_word' id='word_1_88' title='bbox 1521 1105 1706 1176; x_wconf 84' lang='lat' dir='ltr'><strong>subveniat,</strong></span> <span class='ocrx_word' id='word_1_89' title='bbox 1724 1105 1756 1166; x_wconf 92' lang='lat' dir='ltr'><strong>et</strong></span> <span class='ocrx_word' id='word_1_90' title='bbox 1775 1119 1834 1182; x_wconf 92' lang='lat' dir='ltr'><strong>pro</strong></span> 
     </span>
     <span class='ocr_line' id='line_1_10' title="bbox 147 1203 1833 1284; baseline -0.001 -20"><span class='ocrx_word' id='word_1_91' title='bbox 147 1275 150 1284; x_wconf 90' lang='lat'><em>.</em></span> <span class='ocrx_word' id='word_1_92' title='bbox 191 1205 227 1264; x_wconf 93' lang='lat' dir='ltr'><strong>in</strong></span> <span class='ocrx_word' id='word_1_93' title='bbox 259 1206 410 1274; x_wconf 91' lang='lat' dir='ltr'><strong>Domino,</strong></span> <span class='ocrx_word' id='word_1_94' title='bbox 441 1222 501 1284; x_wconf 90' lang='lat' dir='ltr'><strong>per</strong></span> <span class='ocrx_word' id='word_1_95' title='bbox 523 1206 715 1284; x_wconf 75' lang='lat' dir='ltr'><strong>apostolica</strong></span> <span class='ocrx_word' id='word_1_96' title='bbox 741 1207 836 1268; x_wconf 85' lang='lat' dir='ltr'><strong>robis</strong></span> <span class='ocrx_word' id='word_1_97' title='bbox 861 1206 985 1282; x_wconf 89' lang='lat' dir='ltr'><strong>scripta</strong></span> <span class='ocrx_word' id='word_1_98' title='bbox 1040 1203 1180 1266; x_wconf 88' lang='lat' dir='ltr'><strong>fovenda</strong></span> <span class='ocrx_word' id='word_1_99' title='bbox 1206 1219 1389 1282; x_wconf 90' lang='lat' dir='ltr'><strong>pauperum</strong></span> <span class='ocrx_word' id='word_1_100' title='bbox 1423 1203 1675 1266; x_wconf 83' lang='lat' dir='ltr'><strong>innocentiana</strong></span> <span class='ocrx_word' id='word_1_101' title='bbox 1703 1217 1833 1262; x_wconf 90' lang='lat' dir='ltr'><strong>murum</strong></span> 
     </span>
     <span class='ocr_line' id='line_1_11' title="bbox 190 1299 1833 1380; baseline -0.002 -18"><span class='ocrx_word' id='word_1_102' title='bbox 190 1302 397 1375; x_wconf 84' lang='lat' dir='ltr'><strong>mandantes,</strong></span> <span class='ocrx_word' id='word_1_103' title='bbox 419 1304 593 1380; x_wconf 90' lang='lat' dir='ltr'><strong>quatenus,</strong></span> <span class='ocrx_word' id='word_1_104' title='bbox 621 1303 709 1366; x_wconf 88' lang='lat' dir='ltr'><strong>sicut</strong></span> <span class='ocrx_word' id='word_1_105' title='bbox 731 1303 888 1364; x_wconf 84' lang='lat' dir='ltr'><strong>Ecclesiae</strong></span> <span class='ocrx_word' id='word_1_106' title='bbox 912 1305 983 1364; x_wconf 86' lang='lat' dir='ltr'><strong>Rc·</strong></span> <span class='ocrx_word' id='word_1_107' title='bbox 1039 1300 1241 1362; x_wconf 88' lang='lat' dir='ltr'><strong>defensionis</strong></span> <span class='ocrx_word' id='word_1_108' title='bbox 1257 1302 1409 1378; x_wconf 91' lang='lat' dir='ltr'><strong>opponat.</strong></span> <span class='ocrx_word' id='word_1_109' title='bbox 1438 1299 1634 1378; x_wconf 82' lang='lat' dir='ltr'><strong>specialiter</strong></span> <span class='ocrx_word' id='word_1_110' title='bbox 1649 1300 1759 1360; x_wconf 90' lang='lat' dir='ltr'><strong>autem</strong></span> <span class='ocrx_word' id='word_1_111' title='bbox 1779 1299 1833 1359; x_wconf 91' lang='lat' dir='ltr'><strong>di-</strong></span> 
     </span>
     <span class='ocr_line' id='line_1_12' title="bbox 190 1395 1833 1477; baseline -0.002 -18"><span class='ocrx_word' id='word_1_112' title='bbox 190 1415 298 1462; x_wconf 87' lang='lat' dir='ltr'><strong>manae</strong></span> <span class='ocrx_word' id='word_1_113' title='bbox 324 1399 397 1472; x_wconf 87' lang='lat' dir='ltr'><strong>filii,</strong></span> <span class='ocrx_word' id='word_1_114' title='bbox 426 1400 587 1477; x_wconf 87' lang='lat' dir='ltr'><strong>speciales</strong></span> <span class='ocrx_word' id='word_1_115' title='bbox 617 1401 658 1462; x_wconf 90' lang='lat' dir='ltr'><strong>de</strong></span> <span class='ocrx_word' id='word_1_116' title='bbox 686 1401 793 1476; x_wconf 86' lang='lat' dir='ltr'><strong>gratia</strong></span> <span class='ocrx_word' id='word_1_117' title='bbox 820 1399 986 1462; x_wconf 82' lang='lat' dir='ltr'><strong>nostrast</strong></span> <span class='ocrx_word' id='word_1_118' title='bbox 1039 1397 1132 1459; x_wconf 89' lang='lat' dir='ltr'><strong>lectae</strong></span> <span class='ocrx_word' id='word_1_119' title='bbox 1156 1397 1192 1458; x_wconf 92' lang='lat' dir='ltr'><strong>in</strong></span> <span class='ocrx_word' id='word_1_120' title='bbox 1211 1398 1342 1459; x_wconf 85' lang='lat' dir='ltr'><strong>Christo</strong></span> <span class='ocrx_word' id='word_1_121' title='bbox 1372 1397 1488 1458; x_wconf 89' lang='lat' dir='ltr'><strong>filiae...</strong></span> <span class='ocrx_word' id='word_1_122' title='bbox 1521 1395 1690 1458; x_wconf 83' lang='lat' dir='ltr'><strong>abbatissa</strong></span> <span class='ocrx_word' id='word_1_123' title='bbox 1718 1396 1751 1459; x_wconf 89' lang='lat' dir='ltr'><strong>et</strong></span> <span class='ocrx_word' id='word_1_124' title='bbox 1774 1412 1833 1458; x_wconf 88' lang='lat' dir='ltr'><strong>so-</strong></span> 
     </span>
     <span class='ocr_line' id='line_1_13' title="bbox 189 1493 1833 1574; baseline 0 -18"><span class='ocrx_word' id='word_1_125' title='bbox 189 1495 305 1558; x_wconf 87' lang='lat' dir='ltr'><strong>favore</strong></span> <span class='ocrx_word' id='word_1_126' title='bbox 315 1497 498 1569; x_wconf 89' lang='lat' dir='ltr'><strong>securi,his</strong></span> <span class='ocrx_word' id='word_1_127' title='bbox 508 1513 582 1574; x_wconf 88' lang='lat' dir='ltr'><strong>quae</strong></span> <span class='ocrx_word' id='word_1_128' title='bbox 593 1497 634 1558; x_wconf 91' lang='lat' dir='ltr'><strong>ad</strong></span> <span class='ocrx_word' id='word_1_129' title='bbox 649 1497 753 1558; x_wconf 91' lang='lat' dir='ltr'><strong>divini</strong></span> <span class='ocrx_word' id='word_1_130' title='bbox 763 1497 907 1558; x_wconf 91' lang='lat' dir='ltr'><strong>nominis</strong></span> <span class='ocrx_word' id='word_1_131' title='bbox 918 1496 985 1557; x_wconf 91' lang='lat' dir='ltr'><strong>cul·</strong></span> <span class='ocrx_word' id='word_1_132' title='bbox 1039 1510 1133 1556; x_wconf 88' lang='lat' dir='ltr'><strong>rores</strong></span> <span class='ocrx_word' id='word_1_133' title='bbox 1165 1495 1360 1556; x_wconf 90' lang='lat' dir='ltr'><strong>monasterii</strong></span> <span class='ocrx_word' id='word_1_134' title='bbox 1389 1495 1429 1556; x_wconf 91' lang='lat' dir='ltr'><strong>de</strong></span> <span class='ocrx_word' id='word_1_135' title='bbox 1453 1494 1557 1556; x_wconf 85' lang='lat' dir='ltr'><strong>Fonte</strong></span> <span class='ocrx_word' id='word_1_136' title='bbox 1582 1493 1687 1554; x_wconf 88' lang='lat' dir='ltr'><strong>beatae</strong></span> <span class='ocrx_word' id='word_1_137' title='bbox 1717 1494 1833 1556; x_wconf 88' lang='lat' dir='ltr'><strong>Mariae</strong></span> 
     </span>
     <span class='ocr_line' id='line_1_14' title="bbox 190 1589 1833 1672; baseline -0.002 -18"><span class='ocrx_word' id='word_1_138' title='bbox 190 1595 260 1654; x_wconf 91' lang='lat' dir='ltr'><strong>tum</strong></span> <span class='ocrx_word' id='word_1_139' title='bbox 273 1597 307 1655; x_wconf 88' lang='lat' dir='ltr'><strong>et</strong></span> <span class='ocrx_word' id='word_1_140' title='bbox 322 1594 549 1656; x_wconf 89' lang='lat' dir='ltr'><strong>dilatationem</strong></span> <span class='ocrx_word' id='word_1_141' title='bbox 560 1594 727 1672; x_wconf 87' lang='lat' dir='ltr'><strong>pertinent</strong></span> <span class='ocrx_word' id='word_1_142' title='bbox 745 1595 858 1672; x_wconf 89' lang='lat' dir='ltr'><strong>populi</strong></span> <span class='ocrx_word' id='word_1_143' title='bbox 870 1592 986 1654; x_wconf 86' lang='lat' dir='ltr'><strong>Chris-</strong></span> <span class='ocrx_word' id='word_1_144' title='bbox 1040 1592 1272 1653; x_wconf 77' lang='lat' dir='ltr'><strong>cisterciensis</strong></span> <span class='ocrx_word' id='word_1_145' title='bbox 1297 1590 1436 1662; x_wconf 90' lang='lat' dir='ltr'><strong>ordinis,</strong></span> <span class='ocrx_word' id='word_1_146' title='bbox 1459 1593 1528 1652; x_wconf 90' lang='lat' dir='ltr'><strong>tam</strong></span> <span class='ocrx_word' id='word_1_147' title='bbox 1549 1590 1590 1651; x_wconf 88' lang='lat' dir='ltr'><strong>de</strong></span> <span class='ocrx_word' id='word_1_148' title='bbox 1607 1589 1833 1667; x_wconf 83' lang='lat' dir='ltr'><strong>frequentibus</strong></span> 
     </span>
     <span class='ocr_line' id='line_1_15' title="bbox 191 1685 1834 1765; baseline -0.002 -13"><span class='ocrx_word' id='word_1_149' title='bbox 191 1690 287 1762; x_wconf 89' lang='lat' dir='ltr'><strong>tiani,</strong></span> <span class='ocrx_word' id='word_1_150' title='bbox 303 1691 373 1752; x_wconf 92' lang='lat' dir='ltr'><strong>tota</strong></span> <span class='ocrx_word' id='word_1_151' title='bbox 394 1690 629 1763; x_wconf 89' lang='lat' dir='ltr'><strong>sollicitudine,</strong></span> <span class='ocrx_word' id='word_1_152' title='bbox 654 1692 724 1753; x_wconf 94' lang='lat' dir='ltr'><strong>toto</strong></span> <span class='ocrx_word' id='word_1_153' title='bbox 739 1691 848 1752; x_wconf 91' lang='lat' dir='ltr'><strong>studio</strong></span> <span class='ocrx_word' id='word_1_154' title='bbox 871 1689 985 1753; x_wconf 90' lang='lat' dir='ltr'><strong>inten-</strong></span> <span class='ocrx_word' id='word_1_155' title='bbox 1039 1687 1173 1765; x_wconf 89' lang='lat' dir='ltr'><strong>injuriis</strong></span> <span class='ocrx_word' id='word_1_156' title='bbox 1197 1703 1296 1764; x_wconf 91' lang='lat' dir='ltr'><strong>quam</strong></span> <span class='ocrx_word' id='word_1_157' title='bbox 1322 1687 1363 1748; x_wconf 90' lang='lat' dir='ltr'><strong>de</strong></span> <span class='ocrx_word' id='word_1_158' title='bbox 1386 1687 1460 1764; x_wconf 92' lang='lat' dir='ltr'><strong>ipso</strong></span> <span class='ocrx_word' id='word_1_159' title='bbox 1485 1685 1677 1763; x_wconf 89' lang='lat' dir='ltr'><strong>quotidiano</strong></span> <span class='ocrx_word' id='word_1_160' title='bbox 1704 1685 1834 1748; x_wconf 90' lang='lat' dir='ltr'><strong>defectu</strong></span> 
     </span>
     <span class='ocr_line' id='line_1_16' title="bbox 192 1782 1835 1862; baseline -0.001 -15"><span class='ocrx_word' id='word_1_161' title='bbox 192 1787 489 1859; x_wconf 88' lang='lat' dir='ltr'><strong>dentes,intervos</strong></span> <span class='ocrx_word' id='word_1_162' title='bbox 510 1788 649 1850; x_wconf 90' lang='lat' dir='ltr'><strong>servetis</strong></span> <span class='ocrx_word' id='word_1_163' title='bbox 668 1788 839 1850; x_wconf 90' lang='lat' dir='ltr'><strong>vinculum</strong></span> <span class='ocrx_word' id='word_1_164' title='bbox 862 1789 985 1848; x_wconf 88' lang='lat' dir='ltr'><strong>mutuae</strong></span> <span class='ocrx_word' id='word_1_165' title='bbox 1036 1785 1176 1862; x_wconf 91' lang='lat' dir='ltr'><strong>justitiae</strong></span> <span class='ocrx_word' id='word_1_166' title='bbox 1200 1787 1452 1861; x_wconf 85' lang='lat' dir='ltr'><strong>conquerentes,</strong></span> <span class='ocrx_word' id='word_1_167' title='bbox 1478 1782 1728 1844; x_wconf 87' lang='lat' dir='ltr'><strong>universitatem</strong></span> <span class='ocrx_word' id='word_1_168' title='bbox 1757 1799 1835 1845; x_wconf 90' lang='lat' dir='ltr'><strong>ves-</strong></span> 
     </span>
     <span class='ocr_line' id='line_1_17' title="bbox 193 1880 1835 1963; baseline -0.002 -18"><span class='ocrx_word' id='word_1_169' title='bbox 193 1885 342 1947; x_wconf 90' lang='lat' dir='ltr'><strong>caritatis</strong></span> <span class='ocrx_word' id='word_1_170' title='bbox 355 1886 388 1947; x_wconf 88' lang='lat' dir='ltr'><strong>et</strong></span> <span class='ocrx_word' id='word_1_171' title='bbox 408 1886 511 1962; x_wconf 87' lang='lat' dir='ltr'><strong>pacis,</strong></span> <span class='ocrx_word' id='word_1_172' title='bbox 539 1900 711 1963; x_wconf 91' lang='lat' dir='ltr'><strong>perquam</strong></span> <span class='ocrx_word' id='word_1_173' title='bbox 733 1886 766 1947; x_wconf 89' lang='lat' dir='ltr'><strong>et</strong></span> <span class='ocrx_word' id='word_1_174' title='bbox 791 1901 903 1962; x_wconf 89' lang='lat' dir='ltr'><strong>parvae</strong></span> <span class='ocrx_word' id='word_1_175' title='bbox 930 1899 985 1946; x_wconf 86' lang='lat' dir='ltr'><strong>res</strong></span> <span class='ocrx_word' id='word_1_176' title='bbox 1040 1885 1126 1944; x_wconf 90' lang='lat' dir='ltr'><strong>tram</strong></span> <span class='ocrx_word' id='word_1_177' title='bbox 1160 1881 1281 1944; x_wconf 87' lang='lat' dir='ltr'><strong>litteris</strong></span> <span class='ocrx_word' id='word_1_178' title='bbox 1318 1881 1484 1958; x_wconf 84' lang='lat' dir='ltr'><strong>petierunt</strong></span> <span class='ocrx_word' id='word_1_179' title='bbox 1511 1880 1710 1956; x_wconf 70' lang='lat' dir='ltr'><strong>apostolicis</strong></span> <span class='ocrx_word' id='word_1_180' title='bbox 1741 1882 1835 1942; x_wconf 84' lang='lat' dir='ltr'><strong>exei-</strong></span> 
     </span>
     <span class='ocr_line' id='line_1_18' title="bbox 193 1975 1834 2059; baseline -0.001 -18"><span class='ocrx_word' id='word_1_181' title='bbox 193 1982 357 2054; x_wconf 88' lang='lat' dir='ltr'><strong>crescunt,</strong></span> <span class='ocrx_word' id='word_1_182' title='bbox 385 1983 419 2044; x_wconf 88' lang='lat' dir='ltr'><strong>et</strong></span> <span class='ocrx_word' id='word_1_183' title='bbox 445 1999 575 2058; x_wconf 89' lang='lat' dir='ltr'><strong>magnae</strong></span> <span class='ocrx_word' id='word_1_184' title='bbox 605 1983 642 2043; x_wconf 90' lang='lat' dir='ltr'><strong>in</strong></span> <span class='ocrx_word' id='word_1_185' title='bbox 668 1999 729 2044; x_wconf 89' lang='lat' dir='ltr'><strong>sua</strong></span> <span class='ocrx_word' id='word_1_186' title='bbox 758 1981 985 2059; x_wconf 89' lang='lat' dir='ltr'><strong>magnitudine</strong></span> <span class='ocrx_word' id='word_1_187' title='bbox 1039 1975 1116 2050; x_wconf 89' lang='lat' dir='ltr'><strong>tari,</strong></span> <span class='ocrx_word' id='word_1_188' title='bbox 1133 1979 1169 2041; x_wconf 91' lang='lat' dir='ltr'><strong>ut</strong></span> <span class='ocrx_word' id='word_1_189' title='bbox 1189 1979 1237 2039; x_wconf 88' lang='lat' dir='ltr'><strong>ita</strong></span> <span class='ocrx_word' id='word_1_190' title='bbox 1259 1977 1415 2040; x_wconf 87' lang='lat' dir='ltr'><strong>videlicet</strong></span> <span class='ocrx_word' id='word_1_191' title='bbox 1433 1978 1482 2038; x_wconf 90' lang='lat' dir='ltr'><strong>eis</strong></span> <span class='ocrx_word' id='word_1_192' title='bbox 1506 1977 1542 2037; x_wconf 94' lang='lat' dir='ltr'><strong>in</strong></span> <span class='ocrx_word' id='word_1_193' title='bbox 1564 1976 1834 2039; x_wconf 86' lang='lat' dir='ltr'><strong>tribulationibus</strong></span> 
     </span>
     <span class='ocr_line' id='line_1_19' title="bbox 193 2073 1835 2156; baseline -0.003 -15"><span class='ocrx_word' id='word_1_194' title='bbox 193 2077 443 2142; x_wconf 87' lang='lat' dir='ltr'><strong>conservantur.</strong></span> <span class='ocrx_word' id='word_1_195' title='bbox 460 2082 566 2151; x_wconf 86' lang='lat' dir='ltr'><strong>Quum</strong></span> <span class='ocrx_word' id='word_1_196' title='bbox 577 2080 985 2156; x_wconf 80' lang='lat' dir='ltr'><strong>autemaliquaeintervos</strong></span> <span class='ocrx_word' id='word_1_197' title='bbox 1040 2076 1110 2136; x_wconf 90' lang='lat' dir='ltr'><strong>suis</strong></span> <span class='ocrx_word' id='word_1_198' title='bbox 1125 2077 1242 2137; x_wconf 90' lang='lat' dir='ltr'><strong>contra</strong></span> <span class='ocrx_word' id='word_1_199' title='bbox 1268 2073 1498 2136; x_wconf 81' lang='lat' dir='ltr'><strong>malefactores</strong></span> <span class='ocrx_word' id='word_1_200' title='bbox 1520 2074 1668 2150; x_wconf 91' lang='lat' dir='ltr'><strong>ipsarum</strong></span> <span class='ocrx_word' id='word_1_201' title='bbox 1683 2077 1835 2152; x_wconf 89' lang='lat' dir='ltr'><strong>prompta</strong></span> 
     </span>
     <span class='ocr_line' id='line_1_20' title="bbox 192 2171 1834 2255; baseline -0.003 -18"><span class='ocrx_word' id='word_1_202' title='bbox 192 2177 393 2253; x_wconf 83' lang='lat' dir='ltr'><strong>quaestiones</strong></span> <span class='ocrx_word' id='word_1_203' title='bbox 422 2178 630 2246; x_wconf 87' lang='lat' dir='ltr'><strong>emerserint,</strong></span> <span class='ocrx_word' id='word_1_204' title='bbox 656 2193 729 2255; x_wconf 87' lang='lat' dir='ltr'><strong>quae</strong></span> <span class='ocrx_word' id='word_1_205' title='bbox 754 2177 985 2241; x_wconf 88' lang='lat' dir='ltr'><strong>auctoritatem</strong></span> <span class='ocrx_word' id='word_1_206' title='bbox 1041 2171 1188 2235; x_wconf 85' lang='lat' dir='ltr'><strong>debeatis</strong></span> <span class='ocrx_word' id='word_1_207' title='bbox 1217 2171 1490 2248; x_wconf 81' lang='lat' dir='ltr'><strong>magnanimitate</strong></span> <span class='ocrx_word' id='word_1_208' title='bbox 1518 2185 1719 2247; x_wconf 80' lang='lat' dir='ltr'><strong>consurgere</strong></span> <span class='ocrx_word' id='word_1_209' title='bbox 1748 2172 1834 2249; x_wconf 88' lang='lat' dir='ltr'><strong>quod</strong></span> 
     </span>
     <span class='ocr_line' id='line_1_21' title="bbox 192 2267 1833 2352; baseline -0.004 -18"><span class='ocrx_word' id='word_1_210' title='bbox 192 2274 454 2336; x_wconf 88' lang='lat' dir='ltr'><strong>ecclesiasticam</strong></span> <span class='ocrx_word' id='word_1_211' title='bbox 488 2275 694 2352; x_wconf 80' lang='lat' dir='ltr'><strong>judiciumve</strong></span> <span class='ocrx_word' id='word_1_212' title='bbox 731 2274 915 2352; x_wconf 90' lang='lat' dir='ltr'><strong>requirunt,</strong></span> <span class='ocrx_word' id='word_1_213' title='bbox 943 2274 985 2334; x_wconf 89' lang='lat' dir='ltr'><strong>ad</strong></span> <span class='ocrx_word' id='word_1_214' title='bbox 1040 2268 1082 2332; x_wconf 91' lang='lat' dir='ltr'><strong>ab</strong></span> <span class='ocrx_word' id='word_1_215' title='bbox 1106 2269 1282 2346; x_wconf 89' lang='lat' dir='ltr'><strong>angustiis,</strong></span> <span class='ocrx_word' id='word_1_216' title='bbox 1299 2283 1383 2346; x_wconf 90' lang='lat' dir='ltr'><strong>quas</strong></span> <span class='ocrx_word' id='word_1_217' title='bbox 1405 2267 1581 2340; x_wconf 89' lang='lat' dir='ltr'><strong>sustinent,</strong></span> <span class='ocrx_word' id='word_1_218' title='bbox 1598 2268 1631 2330; x_wconf 94' lang='lat' dir='ltr'><strong>et</strong></span> <span class='ocrx_word' id='word_1_219' title='bbox 1655 2269 1833 2345; x_wconf 87' lang='lat' dir='ltr'><strong>pressuris,</strong></span> 
     </span>
     <span class='ocr_line' id='line_1_22' title="bbox 193 2364 1834 2449; baseline -0.002 -17"><span class='ocrx_word' id='word_1_220' title='bbox 193 2371 520 2449; x_wconf 85' lang='lat' dir='ltr'><strong>archipresbyterum</strong></span> <span class='ocrx_word' id='word_1_221' title='bbox 546 2373 706 2443; x_wconf 90' lang='lat' dir='ltr'><strong>vestrum,</strong></span> <span class='ocrx_word' id='word_1_222' title='bbox 736 2371 899 2449; x_wconf 91' lang='lat' dir='ltr'><strong>quemad</strong></span> <span class='ocrx_word' id='word_1_223' title='bbox 923 2370 986 2432; x_wconf 90' lang='lat' dir='ltr'><strong>hoc</strong></span> <span class='ocrx_word' id='word_1_224' title='bbox 1040 2367 1150 2428; x_wconf 86' lang='lat' dir='ltr'><strong>vestro</strong></span> <span class='ocrx_word' id='word_1_225' title='bbox 1172 2366 1302 2443; x_wconf 88' lang='lat' dir='ltr'><strong>possint</strong></span> <span class='ocrx_word' id='word_1_226' title='bbox 1324 2364 1481 2442; x_wconf 89' lang='lat' dir='ltr'><strong>praesidio</strong></span> <span class='ocrx_word' id='word_1_227' title='bbox 1504 2365 1834 2442; x_wconf 81' lang='lat' dir='ltr'><strong>respirareldecque</strong></span> 
     </span>
     <span class='ocr_line' id='line_1_23' title="bbox 191 2461 1835 2546; baseline -0.002 -18"><span class='ocrx_word' id='word_1_228' title='bbox 191 2469 300 2544; x_wconf 89' lang='lat' dir='ltr'><strong>ipsum</strong></span> <span class='ocrx_word' id='word_1_229' title='bbox 315 2468 599 2546; x_wconf 83' lang='lat' dir='ltr'><strong>praeflcifecimus,</strong></span> <span class='ocrx_word' id='word_1_230' title='bbox 611 2469 805 2540; x_wconf 90' lang='lat' dir='ltr'><strong>recurratis,</strong></span> <span class='ocrx_word' id='word_1_231' title='bbox 825 2469 861 2532; x_wconf 88' lang='lat' dir='ltr'><strong>ut</strong></span> <span class='ocrx_word' id='word_1_232' title='bbox 876 2483 987 2545; x_wconf 88' lang='lat' dir='ltr'><strong>quaes·</strong></span> <span class='ocrx_word' id='word_1_233' title='bbox 1041 2463 1254 2524; x_wconf 89' lang='lat' dir='ltr'><strong>universitati</strong></span> <span class='ocrx_word' id='word_1_234' title='bbox 1277 2463 1398 2525; x_wconf 87' lang='lat' dir='ltr'><strong>vestrae</strong></span> <span class='ocrx_word' id='word_1_235' title='bbox 1422 2475 1482 2538; x_wconf 90' lang='lat' dir='ltr'><strong>per</strong></span> <span class='ocrx_word' id='word_1_236' title='bbox 1502 2461 1692 2537; x_wconf 78' lang='lat' dir='ltr'><strong>apostolica</strong></span> <span class='ocrx_word' id='word_1_237' title='bbox 1711 2463 1835 2540; x_wconf 86' lang='lat' dir='ltr'><strong>scripta</strong></span> 
     </span>
     <span class='ocr_line' id='line_1_24' title="bbox 191 2557 1836 2643; baseline -0.004 -17"><span class='ocrx_word' id='word_1_238' title='bbox 191 2564 339 2626; x_wconf 91' lang='lat' dir='ltr'><strong>tionibus</strong></span> <span class='ocrx_word' id='word_1_239' title='bbox 352 2566 425 2627; x_wconf 88' lang='lat' dir='ltr'><strong>istis</strong></span> <span class='ocrx_word' id='word_1_240' title='bbox 441 2581 500 2643; x_wconf 92' lang='lat' dir='ltr'><strong>per</strong></span> <span class='ocrx_word' id='word_1_241' title='bbox 521 2566 779 2628; x_wconf 88' lang='lat' dir='ltr'><strong>sollicitudinem</strong></span> <span class='ocrx_word' id='word_1_242' title='bbox 803 2569 876 2642; x_wconf 89' lang='lat' dir='ltr'><strong>ejus</strong></span> <span class='ocrx_word' id='word_1_243' title='bbox 900 2581 984 2628; x_wconf 91' lang='lat' dir='ltr'><strong>con·</strong></span> <span class='ocrx_word' id='word_1_244' title='bbox 1040 2560 1236 2621; x_wconf 90' lang='lat' dir='ltr'><strong>mandamus</strong></span> <span class='ocrx_word' id='word_1_245' title='bbox 1258 2559 1357 2637; x_wconf 89' lang='lat' dir='ltr'><strong>atque</strong></span> <span class='ocrx_word' id='word_1_246' title='bbox 1381 2557 1594 2636; x_wconf 89' lang='lat' dir='ltr'><strong>praecipimus</strong></span> <span class='ocrx_word' id='word_1_247' title='bbox 1616 2562 1777 2636; x_wconf 89' lang='lat' dir='ltr'><strong>quatenus</strong></span> <span class='ocrx_word' id='word_1_248' title='bbox 1797 2559 1836 2620; x_wconf 93' lang='lat' dir='ltr'><strong>il·</strong></span> 
     </span>
     <span class='ocr_line' id='line_1_25' title="bbox 192 2655 1833 2740; baseline -0.004 -16"><span class='ocrx_word' id='word_1_249' title='bbox 192 2662 317 2735; x_wconf 91' lang='lat' dir='ltr'><strong>cordia,</strong></span> <span class='ocrx_word' id='word_1_250' title='bbox 330 2663 499 2739; x_wconf 87' lang='lat' dir='ltr'><strong>judiciove</strong></span> <span class='ocrx_word' id='word_1_251' title='bbox 509 2663 626 2740; x_wconf 88' lang='lat' dir='ltr'><strong>sopitis</strong></span> <span class='ocrx_word' id='word_1_252' title='bbox 640 2679 706 2740; x_wconf 83' lang='lat' dir='ltr'><strong>pax</strong></span> <span class='ocrx_word' id='word_1_253' title='bbox 714 2664 747 2726; x_wconf 90' lang='lat' dir='ltr'><strong>et</strong></span> <span class='ocrx_word' id='word_1_254' title='bbox 760 2662 986 2740; x_wconf 86' lang='lat' dir='ltr'><strong>tranquillitas</strong></span> <span class='ocrx_word' id='word_1_255' title='bbox 1040 2656 1101 2725; x_wconf 90' lang='lat' dir='ltr'><strong>los,</strong></span> <span class='ocrx_word' id='word_1_256' title='bbox 1127 2657 1183 2734; x_wconf 90' lang='lat' dir='ltr'><strong>qui</strong></span> <span class='ocrx_word' id='word_1_257' title='bbox 1205 2656 1444 2734; x_wconf 88' lang='lat' dir='ltr'><strong>possessiones,</strong></span> <span class='ocrx_word' id='word_1_258' title='bbox 1466 2655 1519 2717; x_wconf 91' lang='lat' dir='ltr'><strong>vel</strong></span> <span class='ocrx_word' id='word_1_259' title='bbox 1547 2671 1614 2727; x_wconf 82' lang='lat' dir='ltr'><strong>ree,</strong></span> <span class='ocrx_word' id='word_1_260' title='bbox 1641 2671 1700 2716; x_wconf 90' lang='lat' dir='ltr'><strong>seu</strong></span> <span class='ocrx_word' id='word_1_261' title='bbox 1718 2657 1833 2718; x_wconf 90' lang='lat' dir='ltr'><strong>domos</strong></span> 
     </span>
     <span class='ocr_line' id='line_1_26' title="bbox 191 2748 1836 2832; baseline -0.004 -11"><span class='ocrx_word' id='word_1_262' title='bbox 191 2759 303 2822; x_wconf 85' lang='lat' dir='ltr'><strong>vestra</strong></span> <span class='ocrx_word' id='word_1_263' title='bbox 330 2760 548 2822; x_wconf 90' lang='lat' dir='ltr'><strong>inconcusssa</strong></span> <span class='ocrx_word' id='word_1_264' title='bbox 569 2762 732 2824; x_wconf 90' lang='lat' dir='ltr'><strong>servetur.</strong></span> <span class='ocrx_word' id='word_1_265' title='bbox 768 2759 862 2822; x_wconf 90' lang='lat' dir='ltr'><strong>Unde</strong></span> <span class='ocrx_word' id='word_1_266' title='bbox 886 2759 985 2822; x_wconf 91' lang='lat' dir='ltr'><strong>volu·</strong></span> <span class='ocrx_word' id='word_1_267' title='bbox 1040 2753 1274 2831; x_wconf 87' lang='lat' dir='ltr'><strong>praedictarum</strong></span> <span class='ocrx_word' id='word_1_268' title='bbox 1302 2767 1454 2832; x_wconf 82' lang='lat' dir='ltr'><strong>sororum</strong></span> <span class='ocrx_word' id='word_1_269' title='bbox 1479 2748 1531 2814; x_wconf 91' lang='lat' dir='ltr'><strong>vel</strong></span> <span class='ocrx_word' id='word_1_270' title='bbox 1558 2751 1728 2814; x_wconf 93' lang='lat' dir='ltr'><strong>hominum</strong></span> <span class='ocrx_word' id='word_1_271' title='bbox 1756 2770 1836 2816; x_wconf 91' lang='lat' dir='ltr'><strong>suo-</strong></span> 
     </span>
    </p>
   </div>
   <div class='ocr_carea' id='block_1_3' title="bbox 192 2856 988 3705">
    <p class='ocr_par' dir='ltr' id='par_1_3' title="bbox 192 2856 988 3705">
     <span class='ocr_line' id='line_1_27' title="bbox 192 2856 987 2934; baseline 0 -18"><span class='ocrx_word' id='word_1_272' title='bbox 192 2871 278 2928; x_wconf 92' lang='lat' dir='ltr'><strong>mus,</strong></span> <span class='ocrx_word' id='word_1_273' title='bbox 294 2858 328 2919; x_wconf 88' lang='lat' dir='ltr'><strong>et</strong></span> <span class='ocrx_word' id='word_1_274' title='bbox 341 2856 435 2919; x_wconf 91' lang='lat' dir='ltr'><strong>vobis</strong></span> <span class='ocrx_word' id='word_1_275' title='bbox 450 2856 655 2934; x_wconf 89' lang='lat' dir='ltr'><strong>injungimus</strong></span> <span class='ocrx_word' id='word_1_276' title='bbox 669 2856 866 2920; x_wconf 87' lang='lat' dir='ltr'><strong>auctoritate</strong></span> <span class='ocrx_word' id='word_1_277' title='bbox 881 2871 987 2933; x_wconf 86' lang='lat' dir='ltr'><strong>praes-</strong></span> 
     </span>
     <span class='ocr_line' id='line_1_28' title="bbox 193 2953 987 3030; baseline -0.004 -16"><span class='ocrx_word' id='word_1_278' title='bbox 193 2953 310 3030; x_wconf 90' lang='lat' dir='ltr'><strong>cripta,</strong></span> <span class='ocrx_word' id='word_1_279' title='bbox 326 2954 363 3013; x_wconf 95' lang='lat' dir='ltr'><strong>ut</strong></span> <span class='ocrx_word' id='word_1_280' title='bbox 373 2953 480 3014; x_wconf 89' lang='lat' dir='ltr'><strong>eidem</strong></span> <span class='ocrx_word' id='word_1_281' title='bbox 500 2953 801 3030; x_wconf 84' lang='lat' dir='ltr'><strong>archipresbytero,</strong></span> <span class='ocrx_word' id='word_1_282' title='bbox 814 2953 868 3014; x_wconf 92' lang='lat' dir='ltr'><strong>cui</strong></span> <span class='ocrx_word' id='word_1_283' title='bbox 880 2953 987 3013; x_wconf 91' lang='lat' dir='ltr'><strong>corri-</strong></span> 
     </span>
     <span class='ocr_line' id='line_1_29' title="bbox 192 3049 988 3125; baseline 0 -15"><span class='ocrx_word' id='word_1_284' title='bbox 192 3049 293 3124; x_wconf 90' lang='lat' dir='ltr'><strong>gendi</strong></span> <span class='ocrx_word' id='word_1_285' title='bbox 305 3064 463 3111; x_wconf 82' lang='lat' dir='ltr'><strong>excessus</strong></span> <span class='ocrx_word' id='word_1_286' title='bbox 471 3051 618 3112; x_wconf 93' lang='lat' dir='ltr'><strong>omnium</strong></span> <span class='ocrx_word' id='word_1_287' title='bbox 630 3053 790 3121; x_wconf 91' lang='lat' dir='ltr'><strong>vestrum,</strong></span> <span class='ocrx_word' id='word_1_288' title='bbox 803 3052 836 3110; x_wconf 90' lang='lat' dir='ltr'><strong>et</strong></span> <span class='ocrx_word' id='word_1_289' title='bbox 857 3049 988 3125; x_wconf 89' lang='lat' dir='ltr'><strong>specia-</strong></span> 
     </span>
     <span class='ocr_line' id='line_1_30' title="bbox 192 3146 984 3222; baseline -0.001 -15"><span class='ocrx_word' id='word_1_290' title='bbox 192 3146 270 3207; x_wconf 90' lang='lat' dir='ltr'><strong>liter</strong></span> <span class='ocrx_word' id='word_1_291' title='bbox 298 3147 496 3208; x_wconf 88' lang='lat' dir='ltr'><strong>elericorum</strong></span> <span class='ocrx_word' id='word_1_292' title='bbox 524 3148 748 3208; x_wconf 88' lang='lat' dir='ltr'><strong>concessimus</strong></span> <span class='ocrx_word' id='word_1_293' title='bbox 778 3147 984 3222; x_wconf 86' lang='lat' dir='ltr'><strong>potestatem,</strong></span> 
     </span>
     <span class='ocr_line' id='line_1_31' title="bbox 192 3243 985 3320; baseline 0.003 -16"><span class='ocrx_word' id='word_1_294' title='bbox 192 3243 350 3320; x_wconf 89' lang='lat' dir='ltr'><strong>tanquam</strong></span> <span class='ocrx_word' id='word_1_295' title='bbox 372 3244 497 3320; x_wconf 88' lang='lat' dir='ltr'><strong>pastori</strong></span> <span class='ocrx_word' id='word_1_296' title='bbox 522 3245 633 3306; x_wconf 86' lang='lat' dir='ltr'><strong>restro</strong></span> <span class='ocrx_word' id='word_1_297' title='bbox 655 3243 876 3306; x_wconf 90' lang='lat' dir='ltr'><strong>reverentiam</strong></span> <span class='ocrx_word' id='word_1_298' title='bbox 901 3259 985 3306; x_wconf 90' lang='lat' dir='ltr'><strong>con-</strong></span> 
     </span>
     <span class='ocr_line' id='line_1_32' title="bbox 192 3339 988 3415; baseline 0.004 -15"><span class='ocrx_word' id='word_1_299' title='bbox 192 3356 311 3415; x_wconf 87' lang='lat' dir='ltr'><strong>gruam</strong></span> <span class='ocrx_word' id='word_1_300' title='bbox 343 3339 549 3413; x_wconf 82' lang='lat' dir='ltr'><strong>exhibentes,</strong></span> <span class='ocrx_word' id='word_1_301' title='bbox 578 3340 767 3402; x_wconf 89' lang='lat' dir='ltr'><strong>salubribus</strong></span> <span class='ocrx_word' id='word_1_302' title='bbox 787 3340 932 3412; x_wconf 90' lang='lat' dir='ltr'><strong>monitis,</strong></span> <span class='ocrx_word' id='word_1_303' title='bbox 954 3343 988 3403; x_wconf 84' lang='lat' dir='ltr'><strong>et</strong></span> 
     </span>
     <span class='ocr_line' id='line_1_33' title="bbox 193 3437 985 3514; baseline 0.004 -17"><span class='ocrx_word' id='word_1_304' title='bbox 193 3437 357 3500; x_wconf 90' lang='lat' dir='ltr'><strong>mandatis</strong></span> <span class='ocrx_word' id='word_1_305' title='bbox 371 3437 476 3514; x_wconf 91' lang='lat' dir='ltr'><strong>ipsius</strong></span> <span class='ocrx_word' id='word_1_306' title='bbox 487 3437 667 3500; x_wconf 87' lang='lat' dir='ltr'><strong>intendatis</strong></span> <span class='ocrx_word' id='word_1_307' title='bbox 687 3441 720 3499; x_wconf 89' lang='lat' dir='ltr'><strong>et</strong></span> <span class='ocrx_word' id='word_1_308' title='bbox 732 3438 894 3499; x_wconf 89' lang='lat' dir='ltr'><strong>obediatis</strong></span> <span class='ocrx_word' id='word_1_309' title='bbox 917 3439 985 3500; x_wconf 91' lang='lat' dir='ltr'><strong>hu-</strong></span> 
     </span>
     <span class='ocr_line' id='line_1_34' title="bbox 192 3533 985 3607; baseline 0.004 -13"><span class='ocrx_word' id='word_1_310' title='bbox 192 3535 316 3596; x_wconf 91' lang='lat' dir='ltr'><strong>militer</strong></span> <span class='ocrx_word' id='word_1_311' title='bbox 331 3535 364 3596; x_wconf 92' lang='lat' dir='ltr'><strong>et</strong></span> <span class='ocrx_word' id='word_1_312' title='bbox 384 3535 512 3598; x_wconf 88' lang='lat' dir='ltr'><strong>devote.</strong></span> <span class='ocrx_word' id='word_1_313' title='bbox 540 3535 658 3598; x_wconf 89' lang='lat' dir='ltr'><strong>Datum</strong></span> <span class='ocrx_word' id='word_1_314' title='bbox 674 3533 841 3607; x_wconf 88' lang='lat' dir='ltr'><strong>Laterani,</strong></span> <span class='ocrx_word' id='word_1_315' title='bbox 858 3537 886 3596; x_wconf 87' lang='lat' dir='ltr'>V</span> <span class='ocrx_word' id='word_1_316' title='bbox 915 3536 985 3598; x_wconf 86' lang='lat' dir='ltr'><strong>kal.</strong></span> 
     </span>
     <span class='ocr_line' id='line_1_35' title="bbox 193 3632 535 3705; baseline 0.006 -13"><span class='ocrx_word' id='word_1_317' title='bbox 193 3632 285 3705; x_wconf 92' lang='lat' dir='ltr'><strong>maii,</strong></span> <span class='ocrx_word' id='word_1_318' title='bbox 302 3648 391 3694; x_wconf 91' lang='lat' dir='ltr'><strong>anno</strong></span> <span class='ocrx_word' id='word_1_319' title='bbox 406 3632 535 3694; x_wconf 86' lang='lat' dir='ltr'><strong>notave.</strong></span> 
     </span>
    </p>
   </div>
   <div class='ocr_carea' id='block_1_4' title="bbox 561 3909 620 3996">
    <p class='ocr_par' dir='ltr' id='par_1_4' title="bbox 561 3909 620 3996">
     <span class='ocr_line' id='line_1_36' title="bbox 561 3909 620 3996; baseline 0.017 -1"><span class='ocrx_word' id='word_1_320' title='bbox 561 3909 620 3996; x_wconf 79' lang='lat' dir='ltr'><strong>ct</strong></span> 
     </span>
    </p>
   </div>
   <div class='ocr_carea' id='block_1_5' title="bbox 223 4069 965 4240">
    <p class='ocr_par' dir='ltr' id='par_1_5' title="bbox 223 4069 965 4240">
     <span class='ocr_line' id='line_1_37' title="bbox 309 4069 862 4141; baseline 0.005 -14"><span class='ocrx_word' id='word_1_321' title='bbox 309 4069 361 4127; x_wconf 81' lang='lat' dir='ltr'><strong>Act</strong></span> <span class='ocrx_word' id='word_1_322' title='bbox 378 4070 550 4141; x_wconf 76' lang='lat' dir='ltr'><strong>episcopos</strong></span> <span class='ocrx_word' id='word_1_323' title='bbox 568 4071 862 4140; x_wconf 78' lang='lat' dir='ltr'><strong>camaracensem,</strong></span> 
     </span>
     <span class='ocr_line' id='line_1_38' title="bbox 223 4165 965 4240; baseline 0.003 -16"><span class='ocrx_word' id='word_1_324' title='bbox 223 4167 481 4236; x_wconf 72' lang='lat' dir='ltr'><strong>remacensem,</strong></span> <span class='ocrx_word' id='word_1_325' title='bbox 499 4165 532 4225; x_wconf 84' lang='lat' dir='ltr'><strong>et</strong></span> <span class='ocrx_word' id='word_1_326' title='bbox 548 4167 769 4226; x_wconf 84' lang='lat' dir='ltr'><strong>Leodtcnscm</strong></span> <span class='ocrx_word' id='word_1_327' title='bbox 781 4169 965 4240; x_wconf 80' lang='lat' dir='ltr'><strong>episcopos.</strong></span> 
     </span>
    </p>
   </div>
   <div class='ocr_carea' id='block_1_6' title="bbox 468 4293 712 4366">
    <p class='ocr_par' dir='ltr' id='par_1_6' title="bbox 468 4293 712 4366">
     <span class='ocr_line' id='line_1_39' title="bbox 468 4293 712 4366; baseline -0.012 -14"><span class='ocrx_word' id='word_1_328' title='bbox 468 4293 502 4352; x_wconf 79' lang='lat'><strong>28</strong></span> <span class='ocrx_word' id='word_1_329' title='bbox 521 4293 618 4366; x_wconf 88' lang='lat' dir='ltr'><strong>aprilis</strong></span> <span class='ocrx_word' id='word_1_330' title='bbox 633 4295 712 4353; x_wconf 73' lang='lat' dir='ltr'><strong>tant.</strong></span> 
     </span>
    </p>
   </div>
   <div class='ocr_carea' id='block_1_7' title="bbox 240 4416 941 4553">
    <p class='ocr_par' dir='ltr' id='par_1_7' title="bbox 240 4416 941 4553">
     <span class='ocr_line' id='line_1_40' title="bbox 240 4416 941 4483; baseline 0 -15"><span class='ocrx_word' id='word_1_331' title='bbox 240 4417 336 4482; x_wconf 75' lang='lat' dir='ltr'><strong>[fonds</strong></span> <span class='ocrx_word' id='word_1_332' title='bbox 355 4417 464 4475; x_wconf 84' lang='lat' dir='ltr'><strong>lloraau,</strong></span> <span class='ocrx_word' id='word_1_333' title='bbox 485 4416 542 4468; x_wconf 85' lang='lat' dir='ltr'><strong>llss.</strong></span> <span class='ocrx_word' id='word_1_334' title='bbox 556 4417 643 4476; x_wconf 86' lang='lat' dir='ltr'><strong>latins,</strong></span> <span class='ocrx_word' id='word_1_335' title='bbox 659 4421 678 4466; x_wconf 88' lang='lat' dir='ltr'><strong>t.</strong></span> <span class='ocrx_word' id='word_1_336' title='bbox 696 4417 818 4478; x_wconf 75' lang='lat' dir='ltr'><strong>cmv,</strong></span> <span class='ocrx_word' id='word_1_337' title='bbox 843 4433 870 4483; x_wconf 90' lang='lat' dir='ltr'><strong>p.</strong></span> <span class='ocrx_word' id='word_1_338' title='bbox 887 4417 941 4478; x_wconf 83' lang='lat' dir='ltr'><strong>ma,</strong></span> 
     </span>
     <span class='ocr_line' id='line_1_41' title="bbox 466 4487 718 4553; baseline -0.004 -16"><span class='ocrx_word' id='word_1_339' title='bbox 466 4487 588 4538; x_wconf 80' lang='lat' dir='ltr'><strong>Bibliotb.</strong></span> <span class='ocrx_word' id='word_1_340' title='bbox 603 4487 718 4553; x_wconf 80' lang='lat' dir='ltr'><strong>Notion]</strong></span> 
     </span>
    </p>
   </div>
   <div class='ocr_carea' id='block_1_8' title="bbox 196 4593 990 4842">
    <p class='ocr_par' dir='ltr' id='par_1_8' title="bbox 196 4593 990 4842">
     <span class='ocr_line' id='line_1_42' title="bbox 196 4593 989 4653; baseline 0 -1"><span class='ocrx_word' id='word_1_341' title='bbox 196 4593 311 4652; x_wconf 84' lang='lat' dir='ltr'><strong>llandat</strong></span> <span class='ocrx_word' id='word_1_342' title='bbox 324 4601 355 4650; x_wconf 93' lang='lat' dir='ltr'><strong>ut</strong></span> <span class='ocrx_word' id='word_1_343' title='bbox 369 4593 544 4651; x_wconf 85' lang='lat' dir='ltr'><strong>abbatissam</strong></span> <span class='ocrx_word' id='word_1_344' title='bbox 558 4601 588 4651; x_wconf 89' lang='lat' dir='ltr'><strong>et</strong></span> <span class='ocrx_word' id='word_1_345' title='bbox 604 4609 718 4651; x_wconf 86' lang='lat' dir='ltr'><strong>sorores</strong></span> <span class='ocrx_word' id='word_1_346' title='bbox 737 4593 773 4652; x_wconf 88' lang='lat' dir='ltr'><strong>de</strong></span> <span class='ocrx_word' id='word_1_347' title='bbox 787 4597 877 4652; x_wconf 83' lang='lat' dir='ltr'><strong>Fonte</strong></span> <span class='ocrx_word' id='word_1_348' title='bbox 896 4595 989 4653; x_wconf 85' lang='lat' dir='ltr'><strong>beatae</strong></span> 
     </span>
     <span class='ocr_line' id='line_1_43' title="bbox 230 4681 990 4750; baseline 0 -9"><span class='ocrx_word' id='word_1_349' title='bbox 230 4683 337 4750; x_wconf 83' lang='grc'><strong>1111111,</strong></span> <span class='ocrx_word' id='word_1_350' title='bbox 352 4681 547 4740; x_wconf 77' lang='lat' dir='ltr'><strong>cisterciensis</strong></span> <span class='ocrx_word' id='word_1_351' title='bbox 576 4681 691 4750; x_wconf 90' lang='lat' dir='ltr'><strong>ordinis,</strong></span> <span class='ocrx_word' id='word_1_352' title='bbox 718 4697 734 4740; x_wconf 93' lang='lat' dir='ltr'><strong>a</strong></span> <span class='ocrx_word' id='word_1_353' title='bbox 761 4683 990 4742; x_wconf 85' lang='lat' dir='ltr'><strong>molestatoribus</strong></span> 
     </span>
     <span class='ocr_line' id='line_1_44' title="bbox 231 4769 798 4842; baseline 0.004 -17"><span class='ocrx_word' id='word_1_354' title='bbox 231 4785 282 4842; x_wconf 88' lang='lat' dir='ltr'><strong>per</strong></span> <span class='ocrx_word' id='word_1_355' title='bbox 295 4771 619 4828; x_wconf 84' lang='lat' dir='ltr'><strong>excommunicationem</strong></span> <span class='ocrx_word' id='word_1_356' title='bbox 633 4769 798 4828; x_wconf 88' lang='lat' dir='ltr'><strong>defendant.</strong></span> 
     </span>
    </p>
   </div>
   <div class='ocr_carea' id='block_1_9' title="bbox 195 4893 992 5558">
    <p class='ocr_par' dir='ltr' id='par_1_9' title="bbox 195 4893 992 5458">
     <span class='ocr_line' id='line_1_45' title="bbox 234 4893 989 4967; baseline 0.004 -12"><span class='ocrx_word' id='word_1_357' title='bbox 234 4893 413 4966; x_wconf 87' lang='lat' dir='ltr'><strong>Honorius,</strong></span> <span class='ocrx_word' id='word_1_358' title='bbox 439 4895 514 4967; x_wconf 71' lang='lat' dir='ltr'><strong>etc„</strong></span> <span class='ocrx_word' id='word_1_359' title='bbox 551 4895 799 4957; x_wconf 89' lang='lat' dir='ltr'><strong>venerabilibus</strong></span> <span class='ocrx_word' id='word_1_360' title='bbox 832 4895 989 4959; x_wconf 88' lang='lat' dir='ltr'><strong>fratribus</strong></span> 
     </span>
     <span class='ocr_line' id='line_1_46' title="bbox 195 4991 992 5071; baseline 0.004 -19"><span class='ocrx_word' id='word_1_361' title='bbox 195 4993 420 5062; x_wconf 78' lang='grc'><strong>(1111111111,</strong></span> <span class='ocrx_word' id='word_1_362' title='bbox 434 4993 631 5065; x_wconf 71' lang='lat' dir='ltr'><strong>fornacem,</strong></span> <span class='ocrx_word' id='word_1_363' title='bbox 648 4991 883 5054; x_wconf 89' lang='lat' dir='ltr'><strong>et...Leodien.</strong></span> <span class='ocrx_word' id='word_1_364' title='bbox 899 4994 992 5071; x_wconf 92' lang='lat' dir='ltr'><strong>epis-</strong></span> 
     </span>
     <span class='ocr_line' id='line_1_47' title="bbox 197 5087 988 5168; baseline 0.004 -19"><span class='ocrx_word' id='word_1_365' title='bbox 197 5088 299 5164; x_wconf 89' lang='lat' dir='ltr'><strong>copis,</strong></span> <span class='ocrx_word' id='word_1_366' title='bbox 316 5089 350 5150; x_wconf 88' lang='lat' dir='ltr'><strong>et</strong></span> <span class='ocrx_word' id='word_1_367' title='bbox 366 5087 496 5150; x_wconf 89' lang='lat' dir='ltr'><strong>dilectis</strong></span> <span class='ocrx_word' id='word_1_368' title='bbox 511 5088 590 5150; x_wconf 86' lang='lat' dir='ltr'><strong>filiis</strong></span> <span class='ocrx_word' id='word_1_369' title='bbox 608 5089 793 5162; x_wconf 91' lang='lat' dir='ltr'><strong>abbatibus,</strong></span> <span class='ocrx_word' id='word_1_370' title='bbox 811 5090 988 5168; x_wconf 88' lang='lat' dir='ltr'><strong>prioribus,</strong></span> 
     </span>
     <span class='ocr_line' id='line_1_48' title="bbox 197 5184 990 5258; baseline 0.003 -12"><span class='ocrx_word' id='word_1_371' title='bbox 197 5184 343 5258; x_wconf 88' lang='lat' dir='ltr'><strong>decanis,</strong></span> <span class='ocrx_word' id='word_1_372' title='bbox 360 5186 605 5248; x_wconf 89' lang='lat' dir='ltr'><strong>archidiaconis</strong></span> <span class='ocrx_word' id='word_1_373' title='bbox 621 5187 653 5249; x_wconf 89' lang='lat' dir='ltr'><strong>et</strong></span> <span class='ocrx_word' id='word_1_374' title='bbox 677 5187 753 5249; x_wconf 91' lang='lat' dir='ltr'><strong>aliis</strong></span> <span class='ocrx_word' id='word_1_375' title='bbox 772 5188 990 5250; x_wconf 89' lang='lat' dir='ltr'><strong>ecclesiarum</strong></span> 
     </span>
     <span class='ocr_line' id='line_1_49' title="bbox 198 5283 989 5360; baseline 0.004 -17"><span class='ocrx_word' id='word_1_376' title='bbox 198 5283 356 5358; x_wconf 83' lang='lat' dir='ltr'><strong>praelatis,</strong></span> <span class='ocrx_word' id='word_1_377' title='bbox 377 5299 437 5360; x_wconf 90' lang='lat' dir='ltr'><strong>per</strong></span> <span class='ocrx_word' id='word_1_378' title='bbox 461 5300 577 5346; x_wconf 91' lang='lat' dir='ltr'><strong>eorum</strong></span> <span class='ocrx_word' id='word_1_379' title='bbox 606 5283 766 5346; x_wconf 89' lang='lat' dir='ltr'><strong>dioeceses</strong></span> <span class='ocrx_word' id='word_1_380' title='bbox 790 5285 989 5358; x_wconf 87' lang='lat' dir='ltr'><strong>constitutis,</strong></span> 
     </span>
     <span class='ocr_line' id='line_1_50' title="bbox 198 5380 915 5458; baseline 0.003 -18"><span class='ocrx_word' id='word_1_381' title='bbox 198 5380 339 5442; x_wconf 87' lang='lat' dir='ltr'><strong>salutem</strong></span> <span class='ocrx_word' id='word_1_382' title='bbox 354 5381 388 5442; x_wconf 90' lang='lat' dir='ltr'><strong>et</strong></span> <span class='ocrx_word' id='word_1_383' title='bbox 402 5381 627 5458; x_wconf 71' lang='lat' dir='ltr'><strong>apostolicam</strong></span> <span class='ocrx_word' id='word_1_384' title='bbox 640 5381 915 5446; x_wconf 87' lang='lat' dir='ltr'><strong>benedictionem.</strong></span> 
     </span>
    </p>

    <p class='ocr_par' dir='ltr' id='par_1_10' title="bbox 237 5477 991 5558">
     <span class='ocr_line' id='line_1_51' title="bbox 237 5477 991 5558; baseline 0.005 -20"><span class='ocrx_word' id='word_1_385' title='bbox 237 5479 311 5538; x_wconf 91' lang='lat' dir='ltr'><strong>Non</strong></span> <span class='ocrx_word' id='word_1_386' title='bbox 339 5477 463 5556; x_wconf 91' lang='lat' dir='ltr'><strong>absque</strong></span> <span class='ocrx_word' id='word_1_387' title='bbox 487 5480 602 5542; x_wconf 90' lang='lat' dir='ltr'><strong>dolore</strong></span> <span class='ocrx_word' id='word_1_388' title='bbox 639 5481 748 5542; x_wconf 90' lang='lat' dir='ltr'><strong>cordis</strong></span> <span class='ocrx_word' id='word_1_389' title='bbox 788 5483 822 5543; x_wconf 89' lang='lat' dir='ltr'><strong>et</strong></span> <span class='ocrx_word' id='word_1_390' title='bbox 847 5482 991 5558; x_wconf 90' lang='lat' dir='ltr'><strong>plurima</strong></span> 
     </span>
    </p>
   </div>
   <div class='ocr_carea' id='block_1_10' title="bbox 1041 2847 1849 3704">
    <p class='ocr_par' dir='ltr' id='par_1_11' title="bbox 1041 2847 1849 3704">
     <span class='ocr_line' id='line_1_52' title="bbox 1042 2847 1835 2926; baseline 0.003 -16"><span class='ocrx_word' id='word_1_391' title='bbox 1042 2865 1114 2910; x_wconf 91' lang='lat' dir='ltr'><strong>rum</strong></span> <span class='ocrx_word' id='word_1_392' title='bbox 1129 2849 1353 2911; x_wconf 88' lang='lat' dir='ltr'><strong>irreverenter</strong></span> <span class='ocrx_word' id='word_1_393' title='bbox 1366 2847 1562 2918; x_wconf 87' lang='lat' dir='ltr'><strong>invaserint,</strong></span> <span class='ocrx_word' id='word_1_394' title='bbox 1578 2848 1637 2909; x_wconf 90' lang='lat' dir='ltr'><strong>aut</strong></span> <span class='ocrx_word' id='word_1_395' title='bbox 1650 2860 1692 2908; x_wconf 74' lang='lat' dir='ltr'><strong>ea&#39;</strong></span> <span class='ocrx_word' id='word_1_396' title='bbox 1708 2848 1835 2926; x_wconf 82' lang='lat' dir='ltr'><strong>injuste</strong></span> 
     </span>
     <span class='ocr_line' id='line_1_53' title="bbox 1041 2943 1836 3023; baseline 0.004 -17"><span class='ocrx_word' id='word_1_397' title='bbox 1041 2945 1210 3007; x_wconf 89' lang='lat' dir='ltr'><strong>detineant</strong></span> <span class='ocrx_word' id='word_1_398' title='bbox 1221 2961 1294 3022; x_wconf 88' lang='lat' dir='ltr'><strong>quae</strong></span> <span class='ocrx_word' id='word_1_399' title='bbox 1308 2945 1476 3023; x_wconf 84' lang='lat' dir='ltr'><strong>praedictis</strong></span> <span class='ocrx_word' id='word_1_400' title='bbox 1491 2943 1660 3006; x_wconf 87' lang='lat' dir='ltr'><strong>sororibus</strong></span> <span class='ocrx_word' id='word_1_401' title='bbox 1676 2947 1836 3009; x_wconf 80' lang='grc'><strong>1111111-</strong></span> 
     </span>
     <span class='ocr_line' id='line_1_54' title="bbox 1041 3041 1836 3118; baseline 0.001 -15"><span class='ocrx_word' id='word_1_402' title='bbox 1041 3045 1151 3105; x_wconf 92' lang='lat' dir='ltr'><strong>mento</strong></span> <span class='ocrx_word' id='word_1_403' title='bbox 1164 3042 1393 3104; x_wconf 88' lang='lat' dir='ltr'><strong>decedentium</strong></span> <span class='ocrx_word' id='word_1_404' title='bbox 1409 3041 1653 3118; x_wconf 89' lang='lat' dir='ltr'><strong>relinquuntur,</strong></span> <span class='ocrx_word' id='word_1_405' title='bbox 1662 3057 1721 3103; x_wconf 88' lang='lat' dir='ltr'><strong>seu</strong></span> <span class='ocrx_word' id='word_1_406' title='bbox 1736 3044 1771 3104; x_wconf 93' lang='lat' dir='ltr'><strong>in</strong></span> <span class='ocrx_word' id='word_1_407' title='bbox 1785 3059 1836 3104; x_wconf 90' lang='lat' dir='ltr'><strong>so·</strong></span> 
     </span>
     <span class='ocr_line' id='line_1_55' title="bbox 1041 3138 1833 3216; baseline 0.005 -16"><span class='ocrx_word' id='word_1_408' title='bbox 1041 3155 1135 3201; x_wconf 87' lang='lat' dir='ltr'><strong>rores</strong></span> <span class='ocrx_word' id='word_1_409' title='bbox 1143 3140 1246 3216; x_wconf 90' lang='lat' dir='ltr'><strong>ipsas,</strong></span> <span class='ocrx_word' id='word_1_410' title='bbox 1258 3138 1578 3216; x_wconf 74' lang='lat' dir='ltr'><strong>contraapostolicae</strong></span> <span class='ocrx_word' id='word_1_411' title='bbox 1587 3139 1681 3200; x_wconf 86' lang='lat' dir='ltr'><strong>Sedis</strong></span> <span class='ocrx_word' id='word_1_412' title='bbox 1693 3140 1833 3214; x_wconf 87' lang='lat' dir='ltr'><strong>indulta,</strong></span> 
     </span>
     <span class='ocr_line' id='line_1_56' title="bbox 1041 3236 1835 3308; baseline 0.003 -11"><span class='ocrx_word' id='word_1_413' title='bbox 1041 3238 1238 3299; x_wconf 88' lang='lat' dir='ltr'><strong>sententiam</strong></span> <span class='ocrx_word' id='word_1_414' title='bbox 1260 3236 1625 3308; x_wconf 84' lang='lat' dir='ltr'><strong>excommunicationis,</strong></span> <span class='ocrx_word' id='word_1_415' title='bbox 1649 3239 1707 3298; x_wconf 89' lang='lat' dir='ltr'><strong>aut</strong></span> <span class='ocrx_word' id='word_1_416' title='bbox 1729 3238 1835 3300; x_wconf 89' lang='lat' dir='ltr'><strong>inter-</strong></span> 
     </span>
     <span class='ocr_line' id='line_1_57' title="bbox 1042 3333 1836 3411; baseline -0.001 -15"><span class='ocrx_word' id='word_1_417' title='bbox 1042 3335 1121 3396; x_wconf 92' lang='lat' dir='ltr'><strong>dicti</strong></span> <span class='ocrx_word' id='word_1_418' title='bbox 1142 3334 1416 3411; x_wconf 88' lang='lat' dir='ltr'><strong>praesumpserint</strong></span> <span class='ocrx_word' id='word_1_419' title='bbox 1430 3333 1652 3410; x_wconf 90' lang='lat' dir='ltr'><strong>promulgare,</strong></span> <span class='ocrx_word' id='word_1_420' title='bbox 1669 3334 1722 3395; x_wconf 91' lang='lat' dir='ltr'><strong>vel</strong></span> <span class='ocrx_word' id='word_1_421' title='bbox 1743 3335 1836 3397; x_wconf 90' lang='lat' dir='ltr'><strong>deci-</strong></span> 
     </span>
     <span class='ocr_line' id='line_1_58' title="bbox 1042 3430 1849 3494; baseline 0.002 -2"><span class='ocrx_word' id='word_1_422' title='bbox 1042 3447 1112 3494; x_wconf 87' lang='lat' dir='ltr'><strong>mas</strong></span> <span class='ocrx_word' id='word_1_423' title='bbox 1127 3431 1279 3494; x_wconf 91' lang='lat' dir='ltr'><strong>laborum</strong></span> <span class='ocrx_word' id='word_1_424' title='bbox 1294 3431 1335 3492; x_wconf 90' lang='lat' dir='ltr'><strong>de</strong></span> <span class='ocrx_word' id='word_1_425' title='bbox 1349 3431 1450 3492; x_wconf 90' lang='lat' dir='ltr'><strong>terris</strong></span> <span class='ocrx_word' id='word_1_426' title='bbox 1474 3430 1598 3492; x_wconf 90' lang='lat' dir='ltr'><strong>habitis</strong></span> <span class='ocrx_word' id='word_1_427' title='bbox 1618 3433 1696 3493; x_wconf 88' lang='lat' dir='ltr'><strong>ante</strong></span> <span class='ocrx_word' id='word_1_428' title='bbox 1716 3433 1849 3494; x_wconf 54' lang='lat' dir='ltr'><strong>conci»</strong></span> 
     </span>
     <span class='ocr_line' id='line_1_59' title="bbox 1041 3528 1835 3606; baseline 0.004 -16"><span class='ocrx_word' id='word_1_429' title='bbox 1041 3529 1122 3590; x_wconf 93' lang='lat' dir='ltr'><strong>lium</strong></span> <span class='ocrx_word' id='word_1_430' title='bbox 1148 3529 1304 3606; x_wconf 90' lang='lat' dir='ltr'><strong>generale</strong></span> <span class='ocrx_word' id='word_1_431' title='bbox 1326 3545 1409 3605; x_wconf 90' lang='lat' dir='ltr'><strong>quos</strong></span> <span class='ocrx_word' id='word_1_432' title='bbox 1431 3528 1576 3604; x_wconf 91' lang='lat' dir='ltr'><strong>propriis</strong></span> <span class='ocrx_word' id='word_1_433' title='bbox 1600 3529 1752 3591; x_wconf 89' lang='lat' dir='ltr'><strong>manibus</strong></span> <span class='ocrx_word' id='word_1_434' title='bbox 1778 3532 1835 3593; x_wconf 90' lang='lat' dir='ltr'><strong>aut</strong></span> 
     </span>
     <span class='ocr_line' id='line_1_60' title="bbox 1041 3625 1833 3704; baseline 0 -17"><span class='ocrx_word' id='word_1_435' title='bbox 1041 3627 1225 3704; x_wconf 89' lang='lat' dir='ltr'><strong>sumptibus</strong></span> <span class='ocrx_word' id='word_1_436' title='bbox 1254 3625 1422 3696; x_wconf 81' lang='lat' dir='ltr'><strong>excolunt,</strong></span> <span class='ocrx_word' id='word_1_437' title='bbox 1460 3640 1519 3685; x_wconf 91' lang='lat' dir='ltr'><strong>seu</strong></span> <span class='ocrx_word' id='word_1_438' title='bbox 1543 3625 1755 3687; x_wconf 89' lang='lat' dir='ltr'><strong>nutrimentis</strong></span> <span class='ocrx_word' id='word_1_439' title='bbox 1777 3627 1833 3704; x_wconf 88' lang='lat' dir='ltr'><strong>lp-</strong></span> 
     </span>
    </p>
   </div>
   <div class='ocr_carea' id='block_1_11' title="bbox 1020 3721 1833 3801">
    <p class='ocr_par' dir='ltr' id='par_1_12' title="bbox 1020 3721 1833 3801">
     <span class='ocr_line' id='line_1_61' title="bbox 1020 3721 1833 3801; baseline 0 -17"><span class='ocrx_word' id='word_1_440' title='bbox 1020 3740 1154 3800; x_wconf 59' lang='lat' dir='ltr'><strong>‚sarum</strong></span> <span class='ocrx_word' id='word_1_441' title='bbox 1173 3724 1292 3801; x_wconf 90' lang='lat' dir='ltr'><strong>spretis</strong></span> <span class='ocrx_word' id='word_1_442' title='bbox 1316 3721 1514 3799; x_wconf 81' lang='lat' dir='ltr'><strong>Apostolicae</strong></span> <span class='ocrx_word' id='word_1_443' title='bbox 1531 3722 1625 3782; x_wconf 89' lang='lat' dir='ltr'><strong>Sedis</strong></span> <span class='ocrx_word' id='word_1_444' title='bbox 1648 3723 1833 3799; x_wconf 83' lang='lat' dir='ltr'><strong>privilegiis</strong></span> 
     </span>
    </p>
   </div>
   <div class='ocr_carea' id='block_1_12' title="bbox 1042 3819 1840 5455">
    <p class='ocr_par' dir='ltr' id='par_1_13' title="bbox 1042 3819 1840 5455">
     <span class='ocr_line' id='line_1_62' title="bbox 1042 3819 1835 3898; baseline -0.001 -14"><span class='ocrx_word' id='word_1_445' title='bbox 1042 3823 1251 3898; x_wconf 80' lang='lat' dir='ltr'><strong>extorquere,</strong></span> <span class='ocrx_word' id='word_1_446' title='bbox 1279 3819 1461 3880; x_wconf 91' lang='lat' dir='ltr'><strong>monitione</strong></span> <span class='ocrx_word' id='word_1_447' title='bbox 1487 3819 1671 3895; x_wconf 87' lang='lat' dir='ltr'><strong>praemissa,</strong></span> <span class='ocrx_word' id='word_1_448' title='bbox 1695 3821 1724 3879; x_wconf 90' lang='lat' dir='ltr'><strong>si</strong></span> <span class='ocrx_word' id='word_1_449' title='bbox 1756 3821 1835 3883; x_wconf 89' lang='lat' dir='ltr'><strong>laici</strong></span> 
     </span>
     <span class='ocr_line' id='line_1_63' title="bbox 1042 3915 1837 3994; baseline 0.001 -15"><span class='ocrx_word' id='word_1_450' title='bbox 1042 3917 1176 3986; x_wconf 88' lang='lat' dir='ltr'><strong>fuerint,</strong></span> <span class='ocrx_word' id='word_1_451' title='bbox 1195 3916 1328 3994; x_wconf 91' lang='lat' dir='ltr'><strong>publice</strong></span> <span class='ocrx_word' id='word_1_452' title='bbox 1350 3915 1498 3976; x_wconf 90' lang='lat' dir='ltr'><strong>candelis</strong></span> <span class='ocrx_word' id='word_1_453' title='bbox 1524 3916 1684 3987; x_wconf 90' lang='lat' dir='ltr'><strong>accensis,</strong></span> <span class='ocrx_word' id='word_1_454' title='bbox 1702 3931 1837 3980; x_wconf 84' lang='lat' dir='ltr'><strong>excom-</strong></span> 
     </span>
     <span class='ocr_line' id='line_1_64' title="bbox 1042 4012 1834 4088; baseline 0 -10"><span class='ocrx_word' id='word_1_455' title='bbox 1042 4015 1276 4078; x_wconf 88' lang='lat' dir='ltr'><strong>municationis</strong></span> <span class='ocrx_word' id='word_1_456' title='bbox 1301 4012 1466 4074; x_wconf 89' lang='lat' dir='ltr'><strong>sententia</strong></span> <span class='ocrx_word' id='word_1_457' title='bbox 1490 4012 1689 4088; x_wconf 83' lang='lat' dir='ltr'><strong>percellatis,</strong></span> <span class='ocrx_word' id='word_1_458' title='bbox 1707 4014 1736 4076; x_wconf 87' lang='lat' dir='ltr'><strong>si</strong></span> <span class='ocrx_word' id='word_1_459' title='bbox 1755 4031 1834 4078; x_wconf 92' lang='lat' dir='ltr'><strong>vero</strong></span> 
     </span>
     <span class='ocr_line' id='line_1_65' title="bbox 1042 4109 1835 4185; baseline 0 -10"><span class='ocrx_word' id='word_1_460' title='bbox 1042 4114 1156 4176; x_wconf 91' lang='lat' dir='ltr'><strong>clerici</strong></span> <span class='ocrx_word' id='word_1_461' title='bbox 1176 4112 1230 4173; x_wconf 89' lang='lat' dir='ltr'><strong>vel</strong></span> <span class='ocrx_word' id='word_1_462' title='bbox 1252 4109 1405 4172; x_wconf 91' lang='lat' dir='ltr'><strong>canonici</strong></span> <span class='ocrx_word' id='word_1_463' title='bbox 1419 4109 1593 4185; x_wconf 80' lang='lat' dir='ltr'><strong>regulares</strong></span> <span class='ocrx_word' id='word_1_464' title='bbox 1607 4112 1664 4173; x_wconf 91' lang='lat' dir='ltr'><strong>aut</strong></span> <span class='ocrx_word' id='word_1_465' title='bbox 1680 4115 1835 4175; x_wconf 91' lang='lat' dir='ltr'><strong>monachi</strong></span> 
     </span>
     <span class='ocr_line' id='line_1_66' title="bbox 1042 4206 1835 4284; baseline 0 -12"><span class='ocrx_word' id='word_1_466' title='bbox 1042 4209 1176 4282; x_wconf 88' lang='lat' dir='ltr'><strong>fuerint,</strong></span> <span class='ocrx_word' id='word_1_467' title='bbox 1193 4223 1307 4270; x_wconf 88' lang='lat' dir='ltr'><strong>eorum</strong></span> <span class='ocrx_word' id='word_1_468' title='bbox 1323 4206 1546 4284; x_wconf 90' lang='lat' dir='ltr'><strong>appellatione</strong></span> <span class='ocrx_word' id='word_1_469' title='bbox 1561 4207 1687 4270; x_wconf 91' lang='lat' dir='ltr'><strong>remota</strong></span> <span class='ocrx_word' id='word_1_470' title='bbox 1709 4209 1750 4270; x_wconf 93' lang='lat' dir='ltr'><strong>ab</strong></span> <span class='ocrx_word' id='word_1_471' title='bbox 1765 4211 1835 4272; x_wconf 91' lang='lat' dir='ltr'><strong>offl-</strong></span> 
     </span>
     <span class='ocr_line' id='line_1_67' title="bbox 1043 4303 1834 4381; baseline 0.001 -11"><span class='ocrx_word' id='word_1_472' title='bbox 1043 4309 1095 4370; x_wconf 91' lang='lat' dir='ltr'><strong>cio</strong></span> <span class='ocrx_word' id='word_1_473' title='bbox 1114 4307 1148 4368; x_wconf 92' lang='lat' dir='ltr'><strong>et</strong></span> <span class='ocrx_word' id='word_1_474' title='bbox 1171 4305 1334 4367; x_wconf 90' lang='lat' dir='ltr'><strong>beneflcio</strong></span> <span class='ocrx_word' id='word_1_475' title='bbox 1364 4303 1583 4381; x_wconf 89' lang='lat' dir='ltr'><strong>suspendatis,</strong></span> <span class='ocrx_word' id='word_1_476' title='bbox 1602 4308 1754 4368; x_wconf 89' lang='lat' dir='ltr'><strong>neutram</strong></span> <span class='ocrx_word' id='word_1_477' title='bbox 1775 4325 1834 4371; x_wconf 89' lang='lat' dir='ltr'><strong>re·-</strong></span> 
     </span>
     <span class='ocr_line' id='line_1_68' title="bbox 1042 4401 1838 4479; baseline 0.003 -13"><span class='ocrx_word' id='word_1_478' title='bbox 1042 4403 1189 4466; x_wconf 83' lang='lat' dir='ltr'><strong>laxaturi</strong></span> <span class='ocrx_word' id='word_1_479' title='bbox 1211 4401 1413 4464; x_wconf 89' lang='lat' dir='ltr'><strong>sententiam</strong></span> <span class='ocrx_word' id='word_1_480' title='bbox 1429 4401 1534 4462; x_wconf 91' lang='lat' dir='ltr'><strong>donec</strong></span> <span class='ocrx_word' id='word_1_481' title='bbox 1548 4402 1695 4479; x_wconf 88' lang='lat' dir='ltr'><strong>praefatis</strong></span> <span class='ocrx_word' id='word_1_482' title='bbox 1711 4409 1838 4468; x_wconf 91' lang='lat' dir='ltr'><strong>sorori-</strong></span> 
     </span>
     <span class='ocr_line' id='line_1_69' title="bbox 1043 4497 1834 4580; baseline 0.001 -16"><span class='ocrx_word' id='word_1_483' title='bbox 1043 4503 1104 4564; x_wconf 89' lang='lat' dir='ltr'><strong>bus</strong></span> <span class='ocrx_word' id='word_1_484' title='bbox 1124 4501 1273 4579; x_wconf 89' lang='lat' dir='ltr'><strong>plenarie</strong></span> <span class='ocrx_word' id='word_1_485' title='bbox 1288 4497 1497 4562; x_wconf 89' lang='lat' dir='ltr'><strong>satisfaciant</strong></span> <span class='ocrx_word' id='word_1_486' title='bbox 1516 4500 1549 4561; x_wconf 89' lang='lat' dir='ltr'><strong>et</strong></span> <span class='ocrx_word' id='word_1_487' title='bbox 1561 4500 1630 4560; x_wconf 88' lang='lat' dir='ltr'><strong>tam</strong></span> <span class='ocrx_word' id='word_1_488' title='bbox 1642 4499 1720 4562; x_wconf 90' lang='lat' dir='ltr'><strong>laici</strong></span> <span class='ocrx_word' id='word_1_489' title='bbox 1735 4519 1834 4580; x_wconf 89' lang='lat' dir='ltr'><strong>qnam</strong></span> 
     </span>
     <span class='ocr_line' id='line_1_70' title="bbox 1044 4596 1835 4674; baseline 0.001 -13"><span class='ocrx_word' id='word_1_490' title='bbox 1044 4600 1158 4662; x_wconf 88' lang='lat' dir='ltr'><strong>clerici</strong></span> <span class='ocrx_word' id='word_1_491' title='bbox 1173 4598 1352 4660; x_wconf 87' lang='lat' dir='ltr'><strong>saeculares</strong></span> <span class='ocrx_word' id='word_1_492' title='bbox 1373 4597 1431 4674; x_wconf 91' lang='lat' dir='ltr'><strong>qui</strong></span> <span class='ocrx_word' id='word_1_493' title='bbox 1446 4610 1506 4672; x_wconf 91' lang='lat' dir='ltr'><strong>pro</strong></span> <span class='ocrx_word' id='word_1_494' title='bbox 1518 4596 1663 4658; x_wconf 88' lang='lat' dir='ltr'><strong>violenta</strong></span> <span class='ocrx_word' id='word_1_495' title='bbox 1677 4615 1835 4662; x_wconf 91' lang='lat' dir='ltr'><strong>manuum</strong></span> 
     </span>
     <span class='ocr_line' id='line_1_71' title="bbox 1045 4693 1837 4773; baseline 0.001 -15"><span class='ocrx_word' id='word_1_496' title='bbox 1045 4697 1223 4773; x_wconf 83' lang='lat' dir='ltr'><strong>injectione</strong></span> <span class='ocrx_word' id='word_1_497' title='bbox 1243 4693 1465 4757; x_wconf 87' lang='lat' dir='ltr'><strong>anathematis</strong></span> <span class='ocrx_word' id='word_1_498' title='bbox 1482 4694 1616 4754; x_wconf 91' lang='lat' dir='ltr'><strong>vinculo</strong></span> <span class='ocrx_word' id='word_1_499' title='bbox 1638 4694 1761 4758; x_wconf 90' lang='lat' dir='ltr'><strong>fuerint</strong></span> <span class='ocrx_word' id='word_1_500' title='bbox 1782 4697 1837 4759; x_wconf 93' lang='lat' dir='ltr'><strong>in-</strong></span> 
     </span>
     <span class='ocr_line' id='line_1_72' title="bbox 1044 4790 1835 4866; baseline -0.001 -10"><span class='ocrx_word' id='word_1_501' title='bbox 1044 4794 1169 4866; x_wconf 89' lang='lat' dir='ltr'><strong>nodati,</strong></span> <span class='ocrx_word' id='word_1_502' title='bbox 1191 4809 1265 4854; x_wconf 90' lang='lat' dir='ltr'><strong>cum</strong></span> <span class='ocrx_word' id='word_1_503' title='bbox 1282 4790 1464 4854; x_wconf 85' lang='lat' dir='ltr'><strong>dioecesani</strong></span> <span class='ocrx_word' id='word_1_504' title='bbox 1487 4790 1635 4866; x_wconf 85' lang='lat' dir='ltr'><strong>episcopi</strong></span> <span class='ocrx_word' id='word_1_505' title='bbox 1655 4791 1774 4854; x_wconf 90' lang='lat' dir='ltr'><strong>litteris</strong></span> <span class='ocrx_word' id='word_1_506' title='bbox 1794 4796 1835 4856; x_wconf 93' lang='lat' dir='ltr'><strong>ad</strong></span> 
     </span>
     <span class='ocr_line' id='line_1_73' title="bbox 1046 4887 1837 4968; baseline 0.001 -14"><span class='ocrx_word' id='word_1_507' title='bbox 1046 4891 1163 4954; x_wconf 89' lang='lat' dir='ltr'><strong>Sedem</strong></span> <span class='ocrx_word' id='word_1_508' title='bbox 1188 4889 1412 4968; x_wconf 72' lang='lat' dir='ltr'><strong>apostolicam</strong></span> <span class='ocrx_word' id='word_1_509' title='bbox 1439 4887 1621 4958; x_wconf 87' lang='lat' dir='ltr'><strong>venientes,</strong></span> <span class='ocrx_word' id='word_1_510' title='bbox 1647 4888 1689 4949; x_wconf 92' lang='lat' dir='ltr'><strong>ab</strong></span> <span class='ocrx_word' id='word_1_511' title='bbox 1720 4891 1837 4956; x_wconf 89' lang='lat' dir='ltr'><strong>eodem</strong></span> 
     </span>
     <span class='ocr_line' id='line_1_74' title="bbox 1044 4983 1836 5051; baseline 0 0"><span class='ocrx_word' id='word_1_512' title='bbox 1044 4989 1177 5051; x_wconf 89' lang='lat' dir='ltr'><strong>vinculo</strong></span> <span class='ocrx_word' id='word_1_513' title='bbox 1197 4987 1390 5048; x_wconf 88' lang='lat' dir='ltr'><strong>mereantur</strong></span> <span class='ocrx_word' id='word_1_514' title='bbox 1404 4985 1541 5046; x_wconf 91' lang='lat' dir='ltr'><strong>absolvi.</strong></span> <span class='ocrx_word' id='word_1_515' title='bbox 1556 4983 1660 5046; x_wconf 90' lang='lat' dir='ltr'><strong>Villas</strong></span> <span class='ocrx_word' id='word_1_516' title='bbox 1676 4989 1785 5050; x_wconf 87' lang='lat' dir='ltr'><strong>autem</strong></span> <span class='ocrx_word' id='word_1_517' title='bbox 1801 4989 1836 5051; x_wconf 92' lang='lat' dir='ltr'><strong>in</strong></span> 
     </span>
     <span class='ocr_line' id='line_1_75' title="bbox 1045 5080 1837 5164; baseline 0.001 -17"><span class='ocrx_word' id='word_1_518' title='bbox 1045 5085 1164 5164; x_wconf 91' lang='lat' dir='ltr'><strong>quibus</strong></span> <span class='ocrx_word' id='word_1_519' title='bbox 1178 5084 1266 5146; x_wconf 89' lang='lat' dir='ltr'><strong>bona</strong></span> <span class='ocrx_word' id='word_1_520' title='bbox 1279 5097 1431 5144; x_wconf 90' lang='lat' dir='ltr'><strong>sororum</strong></span> <span class='ocrx_word' id='word_1_521' title='bbox 1446 5080 1678 5157; x_wconf 88' lang='lat' dir='ltr'><strong>praedictarum</strong></span> <span class='ocrx_word' id='word_1_522' title='bbox 1696 5085 1749 5146; x_wconf 90' lang='lat' dir='ltr'><strong>vel</strong></span> <span class='ocrx_word' id='word_1_523' title='bbox 1771 5085 1837 5148; x_wconf 92' lang='lat' dir='ltr'><strong>ho-</strong></span> 
     </span>
     <span class='ocr_line' id='line_1_76' title="bbox 1045 5177 1839 5259; baseline 0.004 -16"><span class='ocrx_word' id='word_1_524' title='bbox 1045 5183 1171 5244; x_wconf 92' lang='lat' dir='ltr'><strong>minum</strong></span> <span class='ocrx_word' id='word_1_525' title='bbox 1183 5183 1330 5259; x_wconf 90' lang='lat' dir='ltr'><strong>ipsorum</strong></span> <span class='ocrx_word' id='word_1_526' title='bbox 1342 5193 1402 5257; x_wconf 87' lang='lat' dir='ltr'><strong>per</strong></span> <span class='ocrx_word' id='word_1_527' title='bbox 1410 5177 1603 5240; x_wconf 82' lang='lat' dir='ltr'><strong>violentiam</strong></span> <span class='ocrx_word' id='word_1_528' title='bbox 1618 5179 1750 5244; x_wconf 88' lang='lat' dir='ltr'><strong>detenta</strong></span> <span class='ocrx_word' id='word_1_529' title='bbox 1766 5183 1839 5246; x_wconf 85' lang='grc'><strong>1111-</strong></span> 
     </span>
     <span class='ocr_line' id='line_1_77' title="bbox 1046 5275 1839 5356; baseline 0.001 -14"><span class='ocrx_word' id='word_1_530' title='bbox 1046 5281 1114 5342; x_wconf 88' lang='lat' dir='ltr'><strong>rint</strong></span> <span class='ocrx_word' id='word_1_531' title='bbox 1136 5278 1295 5356; x_wconf 90' lang='lat' dir='ltr'><strong>quamdiu</strong></span> <span class='ocrx_word' id='word_1_532' title='bbox 1312 5276 1359 5337; x_wconf 91' lang='lat' dir='ltr'><strong>ibi</strong></span> <span class='ocrx_word' id='word_1_533' title='bbox 1381 5276 1459 5338; x_wconf 90' lang='lat' dir='ltr'><strong>sunt</strong></span> <span class='ocrx_word' id='word_1_534' title='bbox 1479 5275 1647 5339; x_wconf 89' lang='lat' dir='ltr'><strong>interdicti</strong></span> <span class='ocrx_word' id='word_1_535' title='bbox 1667 5281 1839 5344; x_wconf 86' lang='lat' dir='ltr'><strong>sententiae</strong></span> 
     </span>
     <span class='ocr_line' id='line_1_78' title="bbox 1047 5374 1840 5455; baseline 0.003 -16"><span class='ocrx_word' id='word_1_536' title='bbox 1047 5377 1254 5455; x_wconf 90' lang='lat' dir='ltr'><strong>supponatis.</strong></span> <span class='ocrx_word' id='word_1_537' title='bbox 1267 5375 1386 5436; x_wconf 87' lang='lat' dir='ltr'><strong>Datum</strong></span> <span class='ocrx_word' id='word_1_538' title='bbox 1401 5374 1569 5449; x_wconf 86' lang='lat' dir='ltr'><strong>Laterani,</strong></span> <span class='ocrx_word' id='word_1_539' title='bbox 1586 5376 1632 5435; x_wconf 93' lang='grc' dir='ltr'><strong>ΙΙΙ</strong></span> <span class='ocrx_word' id='word_1_540' title='bbox 1643 5375 1710 5438; x_wconf 88' lang='lat' dir='ltr'><strong>hal.</strong></span> <span class='ocrx_word' id='word_1_541' title='bbox 1727 5379 1840 5441; x_wconf 88' lang='lat' dir='ltr'><strong>martii</strong></span> 
     </span>
    </p>
   </div>
   <div class='ocr_carea' id='block_1_13' title="bbox 1047 5470 1836 5555">
    <p class='ocr_par' dir='ltr' id='par_1_14' title="bbox 1047 5470 1836 5555">
     <span class='ocr_line' id='line_1_79' title="bbox 1047 5470 1836 5555; baseline 0.001 -18"><span class='ocrx_word' id='word_1_542' title='bbox 1047 5474 1151 5555; x_wconf 77' lang='lat' dir='ltr'><strong>(forta</strong></span> <span class='ocrx_word' id='word_1_543' title='bbox 1166 5491 1177 5534; x_wconf 90' lang='lat'><em>:</em></span> <span class='ocrx_word' id='word_1_544' title='bbox 1192 5470 1299 5553; x_wconf 88' lang='lat' dir='ltr'><strong>maii),</strong></span> <span class='ocrx_word' id='word_1_545' title='bbox 1316 5470 1496 5548; x_wconf 84' lang='lat' dir='ltr'><strong>pontificat.</strong></span> <span class='ocrx_word' id='word_1_546' title='bbox 1514 5473 1620 5538; x_wconf 87' lang='lat' dir='ltr'><strong>nostri</strong></span> <span class='ocrx_word' id='word_1_547' title='bbox 1635 5487 1723 5538; x_wconf 88' lang='lat' dir='ltr'><strong>anno</strong></span> <span class='ocrx_word' id='word_1_548' title='bbox 1738 5491 1836 5540; x_wconf 93' lang='lat' dir='ltr'><strong>nono.</strong></span> 
     </span>
    </p>
   </div>
   <div class='ocr_carea' id='block_1_14' title="bbox 0 0 2134 6372">
    <p class='ocr_par' dir='ltr' id='par_1_15' title="bbox 0 0 2134 6372">
     <span class='ocr_line' id='line_1_80' title="bbox 0 0 2134 6372; baseline 0 0"><span class='ocrx_word' id='word_1_549' title='bbox 0 0 2134 6372; x_wconf 95' lang='lat' dir='ltr'><strong> </strong></span> 
     </span>
    </p>
   </div>
  </div>
 </body>
</html>
