4258 6394
325 241 386 298 aas

326 397 478 458 omnibus
490 396 697 474 pertinentiis
709 399 795 470 suis;
811 397 988 460 ecclesiam
1000 401 1033 459 S.
1051 399 1119 459 Ma·

325 496 420 566 rinae,
432 511 507 556 cum
523 494 675 556 omnibus
690 495 900 570 pertinentiis
912 497 1000 568 suis;
1016 497 1119 556 eccle·

325 593 408 652 siam
426 591 1115 668 S.Tirci,cumomnibuspertinentiissuis;

324 689 498 752 ecclesiam
516 691 549 749 S.
566 687 701 748 Martini
718 688 759 748 de
776 689 900 758 Graiat,
916 705 990 750 cum
1006 689 1117 750 omni·

323 787 383 848 bus
409 787 618 865 pertinentiis
642 785 728 858 suis;
755 785 868 846 sillam
890 786 931 848 de
951 786 1115 856 cambria,

323 883 561 944 ‹mmomnibus
581 883 791 960 pertinentiis
815 884 906 958 suis;
928 883 1060 944 domum
1075 883 1117 943 de

300 981 477 1054 'l’radeja,
504 995 578 1040 cum
607 979 757 1040 omnibus
784 981 994 1056 pertinentiis
1023 981 1115 1054 suis;

322 1079 437 1138 domos
447 1093 529 1154 quas
544 1077 673 1137 habetis
684 1077 719 1138 in
734 1079 884 1148 Carrion,
899 1081 931 1139 et
947 1077 981 1138 in
996 1078 1116 1152 Burgis

322 1177 356 1238 in
382 1175 509 1236 (tutibus
535 1175 617 1236 locis
640 1191 715 1236 cum
739 1174 891 1235 omnibus
906 1175 1115 1251 pertinentiis

321 1273 411 1346 sivis3
440 1273 627 1332 molendina
653 1272 694 1332 de
721 1272 1115 1332 Palacioloscumdomi-

321 1369 394 1441 bus,
416 1369 532 1440 tvortts,
556 1369 675 1440 vineis,
703 1369 829 1446 campis
855 1372 888 1431 et
910 1369 987 1429 aliis
1012 1370 1116 1445 perti-

321 1468 441 1529 nentiis
451 1467 535 1540 suis;
553 1467 756 1528 territorium
769 1466 853 1543 quod
863 1466 1113 1526 diciturcivitas

319 1567 412 1626 oliva
427 1581 500 1626 cum
519 1564 671 1625 omnihus
687 1565 897 1640 pertinentiis
912 1564 983 1624 suis
995 1585 1004 1635 3
1018 1564 1112 1640 quid·

318 1661 395 1738 qnid
412 1660 541 1722 habetis
556 1660 590 1720 in
606 1659 686 1720 villa
706 1660 832 1730 Mucio,
848 1659 882 1719 in
893 1659 1064 1721 Astudielo
1080 1663 1114 1720 et

318 1760 352 1820 in
369 1759 480 1834 (trajat
494 1759 573 1818 etin
589 1757 806 1818 Vallehoniel.

360 1859 447 1916 Sane
473 1854 621 1916 laborum
646 1857 843 1924 vestrorum,
864 1869 946 1930 quos
969 1853 1113 1930 propriis

319 1951 482 2022 inanibus,
499 1955 557 2014 aut
582 1952 767 2030 sumptibus
785 1951 906 2022 colitis,
923 1951 963 2012 de
981 1967 1113 2028 posses-

319 2049 467 2110 sionibus
499 2049 620 2112 hahitis
644 2051 721 2110 ante
743 2049 927 2110 Concilium
942 2047 1110 2124 generale,

318 2149 390 2210 sive
405 2147 571 2218 delvortis,
589 2149 622 2208 et
642 2145 806 2221 virgultis,
824 2147 857 2209 et
872 2144 1111 2222 piscationibus

317 2245 448 2316 vestris,
464 2245 514 2306 vel
533 2243 573 2304 tle
588 2244 798 2305 nutrimentis
822 2243 1016 2304 animalium
1036 2259 1113 2304 ves-

317 2346 455 2414 trorum,
484 2343 541 2404 aut
565 2342 665 2403 etiam
688 2341 729 2402 de
753 2341 944 2412 novalibus,
959 2341 1111 2402 nullusa

317 2441 410 2502 vobis
430 2441 575 2502 decimas
590 2439 737 2514 exigere,
751 2439 802 2500 vel
810 2441 1012 2515 extorquere
1025 2454 1112 2516 prae-

317 2541 435 2600 sumat.
461 2539 573 2600 Liceat
593 2536 687 2598 vobis
703 2536 854 2608 clericos,
871 2537 923 2598 vel
936 2536 1050 2607 laicos,
1065 2536 1111 2596 li-

316 2635 413 2696 heros
437 2639 469 2697 et
490 2634 670 2706 absolutos,
694 2650 712 2696 e
736 2633 859 2695 saecuto
875 2633 1052 2709 fugientes,
1068 2633 1108 2694 ad

316 2733 566 2795 conversionem
582 2733 742 2809 recipere,
767 2733 800 2794 et
818 2747 876 2793 eos
891 2731 1015 2809 absque
1029 2747 1111 2792 con·

317 2831 515 2892 tradictione
536 2830 649 2908 aliqua
671 2830 827 2892 retinere.
850 2829 1002 2890 Chrisma
1017 2843 1108 2899 vero,

315 2929 423 2990 oleum
450 2929 620 2995 sanctum,
651 2927 919 2989 consecrationes
952 2927 1109 2988 altarium

314 3039 372 3084 seu
385 3023 611 3094 basilicarum,
641 3023 868 3083 ordinationes
897 3022 1107 3092 clericorum,

314 3124 347 3182 ot
371 3119 609 3184 monachorum
633 3122 831 3192 vestrorum,
857 3135 877 3179 a
902 3134 1109 3195 quocumque

315 3217 501 3280 malueritis
525 3216 713 3294 suscipietis
737 3216 903 3293 episcopo,
925 3216 954 3276 si
976 3215 1108 3293 quidem

315 3315 498 3377 catholicus
522 3313 622 3376 tuerit
641 3314 673 3374 et
690 3314 830 3388 gratiam
847 3314 945 3390 atque
960 3329 1109 3375 commu-

314 3411 447 3474 nionem
473 3410 788 3487 apostolicaesedis
816 3409 981 3482 habuerit,
1012 3413 1045 3472 et
1068 3426 1107 3472 ea

311 3511 427 3586 pratis,
443 3509 476 3570 et
497 3507 625 3587 absque
636 3508 798 3584 pravitate
814 3507 958 3570 voluerit
976 3508 1103 3586 imper-

312 3607 380 3670 tlri.
396 3607 608 3684 sepulturam
625 3621 755 3684 quoque
769 3605 863 3668 vohis
883 3605 1020 3667 liberam
1034 3621 1108 3668 esso

311 3703 1106 3775 concedimus,uteorumdevotiont,etextremas

311 3803 485 3870 voluntati,
494 3802 549 3881 qui
562 3817 597 3863 se
608 3801 678 3863 illic
687 3801 825 3878 sepeliri
836 3801 1104 3873 deliberaverint,

309 3901 374 3964 nisi
387 3901 470 3962 torte
481 3898 772 3967 excommunicati,
786 3899 838 3960 vel
853 3899 1021 3961 interdicti
1040 3899 1107 3960 tue-

310 4000 387 4069 rint,
412 3998 523 4059 nullus
547 3997 705 4059 obsistat:
726 3997 819 4058 salva
841 3999 952 4058 tamen
973 3997 1105 4074 justitia

310 4097 443 4158 illerum
467 4095 696 4164 ecclesiarum,
724 4093 881 4171 aquibus
900 4095 1104 4155 mortuorum

310 4209 451 4269 corpora
478 4193 708 4253 asstvmuntur.
731 4190 945 4252 Decernimus
969 4207 1049 4268 ergo
1071 4193 1106 4253 ut

311 4291 395 4352 nulli
417 4289 552 4350 omnino
578 4289 749 4350 hominum
779 4288 878 4350 liceat
911 4290 1104 4366 praedictum

309 4387 549 4450 monasterium
575 4389 699 4447 temere
726 4385 920 4463 perturbare
950 4389 1008 4448 aut
1033 4390 1104 4463 ejus

309 4484 535 4564 possessiones
555 4481 698 4553 auterre,
725 4483 777 4544 vel
794 4482 922 4545 ablatas
945 4484 1102 4552 retinere,

308 4564 468 4652 minuere,
485 4596 543 4642 seu
563 4579 763 4658 quibuslibet
779 4580 1011 4643 vexationibus
1025 4581 1104 4642 tati-

304 4697 400 4763 gare,
418 4680 473 4740 sed
497 4678 609 4740 omnia
624 4677 753 4739 illibata
769 4679 802 4741 et
821 4678 951 4754 integra
967 4694 1104 4739 conser-

307 4783 426 4842 ventur
438 4791 564 4846 eorum,
577 4791 637 4853 pro
652 4791 792 4854 quorum
804 4774 1044 4852 gubernatione
1064 4791 1103 4836 ac

307 4873 547 4940 sustentatione
573 4889 730 4935 concessa
753 4875 828 4934 sunt
856 4871 971 4932 usibus
991 4873 1102 4934 omni-

308 4974 413 5038 modis
436 4972 619 5050 protutura,
652 4971 746 5032 salva
782 4969 876 5030 Sedis
904 4969 1102 5045 Apostolicae

308 5071 516 5134 auctoritate.
539 5069 573 5132 Si
587 5084 652 5146 qua
663 5067 765 5145 igitur
781 5066 814 5127 iu
836 5066 982 5128 futurum
996 5066 1104 5128 eccle-

309 5169 455 5240 siastica,
472 5167 534 5230 etc.
551 5166 685 5228 Cunctis
702 5167 812 5225 autem
830 5163 937 5223 eidem
957 5161 1028 5226 loco
1042 5179 1102 5224 sua

306 5270 382 5346 jura
399 5263 610 5327 servantibus
624 5261 668 5324 sit
682 5277 748 5338 pax
761 5261 891 5321 Domini
904 5261 1008 5322 nostri
1022 5264 1102 5324 Jesu

310 5363 444 5434 Christi,
464 5363 625 5441 quatenus
641 5359 674 5421 et
694 5359 748 5420 liic
779 5357 921 5420 fructum
937 5357 1031 5420 honae
1045 5374 1102 5420 ac-

307 5463 407 5526 tionis
431 5459 627 5540 perctpiant,
652 5458 685 5518 et
706 5455 792 5533 apud
812 5455 997 5518 districtum
1009 5456 1102 5533 tudi-

307 5577 376 5622 rom
391 5557 526 5637 quaemla
539 5557 671 5617 eternae
684 5552 775 5630 pacis
785 5553 968 5616 inveniant.
983 5557 1097 5616 Anien.

945 239 1120 300 Hoxotttt
1145 241 1189 298 lll
1211 241 1358 300 OPERA.

1908 242 1971 302 524

1173 403 1287 460 Amen.
1303 403 1420 461 Datum
1436 401 1608 472 Laterani,
1623 417 1683 477 per
1694 415 1827 461 manum
1840 403 1971 476 magis-

1173 499 1216 558 tri
1235 498 1407 564 (luidonis,
1421 497 1545 558 domini
1564 498 1968 574 papaenotarii,l'tlllsa-

1173 595 1287 654 tendas
1301 595 1472 664 februarii,
1488 595 1668 654 indictione
1683 597 1739 665 Xl,
1759 597 1970 657 incarnatio-

1173 693 1225 752 nis
1246 694 1425 753 Dominicae
1447 709 1536 752 anno
1555 694 1649 761 1223,
1666 691 1968 768 pontificatusvero

1172 792 1297 852 domini
1313 791 1453 851 Honorii
1467 793 1513 851 111
1525 805 1613 850 anno
1624 793 1752 850 octavo.

1323 1201 1375 1257 Ad
1389 1201 1590 1258 Arnzdtunen.
1607 1199 1814 1272 episcopum.

1431 1329 1466 1386 26
1482 1328 1606 1401 januarii
1626 1328 1704 1384 tait.

1186 1453 1305 1512 monost,
1317 1451 1361 1501 lib.
1375 1451 1442 1510 Vlll,
1455 1452 1528 1515 epist.
1539 1449 1595 1500 223.
1609 1452 1666 1501 ltss.
1681 1451 1798 1501 tanniu
1808 1449 1844 1500 (ln
1854 1451 1948 1515 rhed]

1169 1574 1285 1632 dinudat
1298 1582 1330 1633 ut
1343 1577 1504 1634 cessionem
1524 1575 1635 1632 abbatis
1645 1575 1673 1633 S.
1686 1576 1818 1634 Fusciani
1833 1575 1962 1650 recipiat.

1207 1711 1386 1780 Honorius,
1412 1713 1487 1782 etc.,
1517 1710 1702 1772 venerabili
1721 1711 1854 1773 fratri...
1882 1715 1962 1772 Am-

1167 1810 1300 1871 bianen.
1323 1811 1489 1885 episcope.
1504 1809 1657 1881 salutem,
1671 1810 1734 1871 etc.

1207 1907 1353 1968 Dilectus
1374 1907 1500 1967 itlius...
1523 1907 1626 1968 abbas
1662 1908 1777 1968 Sancti
1804 1907 1961 1968 Fusciani

1167 2021 1227 2064 sua
1252 2005 1347 2065 nobis
1373 2004 1599 2088 insinuatione
1632 2006 1850 2076 monstravit,
1874 2005 1960 2082 quod

1166 2118 1266 2178 quum
1284 2102 1370 2162 idem
1382 2105 1516 2178 propter
1531 2103 1656 2178 proprii
1675 2103 1795 2163 molem
1810 2102 1960 2178 corporis

1166 2202 1198 2259 et
1211 2197 1427 2260 incurabilem
1444 2198 1686 2273 aegritudinem,
1706 2213 1772 2275 qua
1786 2199 1957 2274 gravatur,

1166 2312 1293 2358 necnon
1305 2299 1440 2373 propter
1454 2297 1674 2369 incommoda,
1691 2313 1764 2374 quae
1779 2296 1887 2372 ipsum
1898 2298 1961 2357 cir·

1166 2395 1390 2466 cumveniunt,
1429 2394 1619 2467 senectutis,
1659 2394 1872 2455 commissum
1895 2394 1960 2454 sibi

1166 2493 1404 2553 monasterium
1423 2495 1493 2568 jam
1520 2507 1586 2552 nou
1609 2491 1719 2552 valeat
1740 2493 1867 2553 utiliter
1892 2508 1957 2568 gu·

1165 2587 1316 2660 bernare,
1342 2590 1396 2660 tu,
1424 2590 1477 2650 cut
1498 2589 1621 2651 dictum
1643 2590 1884 2650 monasterium
1908 2591 1959 2651 est

1165 2687 1360 2764 subjectum,
1372 2687 1558 2749 cessionem
1572 2704 1666 2748 suam
1683 2681 1770 2766 saep'e
1785 2687 1959 2749 humiliter

1165 2786 1345 2861 requisitus
1367 2786 1527 2862 recipere,
1549 2785 1760 2848 contradicis
1782 2788 1875 2847 Unde
1890 2784 1957 2846 hu·

1165 2881 1288 2944 militer
1303 2883 1483 2959 postulavit
1500 2899 1520 2943 a
1540 2881 1635 2945 uobis
1656 2884 1691 2948 ut
1714 2900 1773 2961 per
1790 2885 1823 2945 te
1839 2883 1958 2945 cessio

1165 2997 1241 3042 nem
1253 2980 1358 3057 ipsius
1370 2981 1472 3058 recipi
1488 2983 1520 3042 et
1534 2981 1713 3058 provideri,
1729 2982 1873 3058 qualiter
1887 2998 1956 3044 suae

1164 3077 1379 3140 subveniatur
1391 3079 1583 3154 indigentiae
1604 3079 1849 3140 mandaremus.
1864 3081 1956 3151 Quo-

1164 3176 1253 3238 circa
1265 3175 1467 3238 fraternitati
1480 3178 1544 3238 tuae
1557 3193 1617 3254 per
1631 3177 1821 3255 Apostolica
1833 3177 1956 3254 scripta

1164 3273 1361 3334 mandamus
1377 3280 1551 3351 quatenus,
1575 3275 1604 3336 si
1618 3277 1668 3337 est
1692 3277 1750 3349 ita,
1771 3275 1956 3336 cessionem

1163 3371 1269 3448 ipsius
1282 3373 1436 3448 recipias,
1455 3375 1488 3434 et
1509 3373 1541 3435 ei
1563 3389 1623 3449 pro
1640 3373 1881 3436 sustentatione
1896 3388 1957 3433 sua

1163 3468 1267 3530 tactas
1291 3469 1331 3530 de
1353 3469 1449 3531 bonis
1468 3470 1614 3548 ejusdem
1635 3471 1847 3543 monasterii,
1870 3471 1956 3532 sicut

1163 3567 1321 3643 expedire
1331 3567 1464 3638 videris,
1474 3568 1953 3644 providere.l)atumLaterani,

1163 3667 1222 3726 Vll
1236 3665 1395 3726 kalendas
1411 3663 1582 3733 februarii,
1599 3682 1687 3726 anno
1707 3667 1835 3727 octavo.

1503 3943 1609 4030 CXII
1632 3951 1635 3958 ’

1251 4095 1302 4152 ad
1326 4092 1523 4164 Otocorum,
1540 4109 1659 4170 repent
1676 4099 1857 4158 Bobcmtoe.

1424 4224 1459 4280 27
1471 4222 1594 4296 januarii
1609 4223 1688 4281 last.

1232 4336 1363 4400 [Thalnam
1377 4339 1490 4388 llonum.
1506 4337 1629 4396 Potoniae,
1641 4343 1660 4388 t.
1672 4341 1692 4397 l,
1703 4355 1728 4403 p.
1741 4339 1779 4397 vc,
1791 4354 1816 4390 n.
1827 4339 1878 4405 aa]

1161 4462 1252 4534 ltogat
1263 4459 1424 4519 ethortatur
1432 4477 1530 4534 regem
1541 4461 1695 4530 Bottemioe,
1706 4471 1736 4520 ut
1744 4465 1952 4536 possessiones,

1194 4563 1265 4620 quas
1287 4549 1414 4606 marchio
1442 4552 1576 4608 lloravtae
1593 4553 1721 4608 ecclesiae
1738 4554 1952 4611 Vratislaviensi

1194 4639 1332 4696 violenter
1347 4637 1510 4708 abstulerat,
1524 4638 1617 4696 eidem
1630 4641 1738 4697 restitui
1750 4648 1838 4699 curet.

1200 4773 1949 4850 HonoriusepiscopusservusservorumDei,

1158 4871 1333 4931 carissimo
1350 4871 1386 4930 in
1413 4871 1542 4932 Christo
1558 4872 1627 4932 ttlio
1631 4915 1709 4933 ......
1730 4873 1853 4935 illustri
1880 4875 1952 4952 rogi

1157 4968 1345 5039 Bobemiae,
1372 4970 1512 5030 salutem
1538 4971 1570 5031 et
1592 4971 1816 5046 Apostolicam
1845 4971 1950 5033 bene-

1158 5065 1346 5127 dictionem.

1197 5162 1282 5223 Olim
1297 5162 1481 5224 venerabili
1498 5162 1600 5226 tratre
1619 5167 1768 5226 nostro...
1787 5166 1951 5228 vratisla-

1157 5259 1262 5320 vienst
1283 5261 1438 5338 episcopo
1461 5262 1649 5338 accepimus
1669 5263 1842 5325 intimante
1863 5263 1950 5341 quod

1156 5357 1256 5419 clarae
1293 5359 1498 5419 memoriae...
1544 5359 1693 5420 marchio
1728 5362 1949 5422 Moravtensis

1155 5455 1383 5531 possessiones
1399 5455 1558 5532 quasdam
1572 5456 1722 5518 ecclesie
1734 5473 1815 5530 suae,
1832 5457 1867 5518 tn
1880 5459 1951 5536 qui-

1155 5555 1215 5615 bus
1240 5553 1314 5614 auri
1330 5549 1450 5613 todtnae
1468 5552 1663 5622 consistunt,
1678 5569 1738 5630 per
1756 5555 1947 5618 violentiam
