4274 6388
284 260 345 330 275
898 263 1079 340 HONORst¹
1096 265 1144 337 ill
1162 267 1311 342 OPERA·
1860 276 1922 350 276

111 393 116 400 ¹
193 485 198 504 ,
286 417 405 485 lecerit
428 419 463 482 in
477 417 640 494 abbatem,
659 418 832 484 monacbis
850 421 1078 500 ejusdemloci
1131 425 1181 488 tes
1195 441 1256 504 per
1270 424 1461 504 Apostolica
1475 425 1570 490 vobis
1590 427 1713 508 scripta
1739 429 1777 492 iu
1797 429 1922 507 uirtute

286 500 621 596 proeo,‹'1uoddicto
641 519 813 582 Hartwico
825 519 984 584 exhibere
998 521 1079 583 obe-
1131 521 1329 586 obedientiae
1361 523 1512 588 districte
1535 526 1759 604 praecipiendo
1777 529 1920 592 manda-

287 613 447 678 dieatiam
469 630 509 676 ac
533 615 756 678 reverentiam
782 615 925 678 debitam
951 633 1076 680 renue-
1132 635 1216 691 mus,
1230 620 1549 698 quatenusbumano
1564 637 1679 686 amore
1692 639 1732 686 ac
1752 626 1922 691 mundano

286 710 377 784 bant,
393 712 747 776 excommunicationis
770 712 904 776 vinculo
929 713 1076 777 innoda-
1131 713 1251 778 tiniore
1265 717 1456 794 postpositis
1469 717 1505 779 in
1518 719 1845 799 negotioipsojuxta
1859 723 1920 786 lit-

285 806 341 870 tis.
355 807 486 871 Eisdem
504 809 723 886 pertinaciter
735 809 771 871 iu
787 826 848 872 sua
869 811 1077 876 contumacia
1132 814 1280 877 terarum
1300 814 1450 876 tenorem
1472 815 1610 892 praeiato
1630 819 1784 896 episcopo
1808 835 1849 882 ac
1861 835 1924 884 vo-

285 903 555 982 perdurantibus,
569 906 610 968 de
619 906 757 984 speciali
768 907 967 985 apostolica
983 907 1078 968 Sedis
1131 908 1197 984 his,
1210 909 1272 972 tilii
1286 909 1390 986 abbas
1405 913 1440 974 et
1461 913 1649 989 praeposite,
1671 914 1789 977 ultimo
1812 916 1923 980 direc-

285 1000 442 1065 mandeto
471 1001 540 1064 lata
565 1002 629 1066 luit
649 1003 898 1080 degradationis
912 1005 1077 1067 sententia
1131 1008 1253 1074 tarum.
1293 1007 1424 1082 sublato
1473 1010 1707 1086 appellationis
1739 1011 1921 1088 obstaculo,

285 1097 324 1160 in
335 1098 478 1172 eosdem,
496 1101 645 1178 exceptis
659 1101 855 1178 quibusdam
867 1102 1079 1173 valetudlna
1132 1104 1313 1180 procedere
1328 1121 1395 1168 non
1409 1106 1560 1180 tardetis,
1577 1109 1742 1186 procerte
1764 1109 1921 1185 scientes,

285 1194 349 1256 riis
371 1196 406 1257 et
430 1197 554 1274 pueris,
581 1197 671 1260 circa
694 1214 776 1276 quos
799 1199 863 1261 luit
887 1199 1078 1277 hujusmodi
1132 1201 1219 1278 quod
1229 1201 1259 1262 si
1273 1202 1451 1279 praedictus
1466 1205 1651 1266 monachus
1660 1221 1719 1282 pro
1734 1205 1865 1270 delectu
1879 1207 1923 1270 ad

286 1293 452 1358 sententia
464 1294 658 1371 temperata.
671 1297 796 1359 Verum
809 1295 912 1359 iidem
921 1295 1078 1359 monachi
1131 1313 1193 1361 nos
1208 1299 1350 1376 amplius
1364 1298 1464 1362 luerit
1477 1300 1632 1363 laborare
1644 1301 1846 1382 compulsus,
1862 1319 1924 1381 pe-

284 1389 355 1452 tam
369 1389 618 1466 degradationis
641 1407 740 1468 quam
759 1393 1079 1458 excommunicatio·
1131 1395 1239 1466 teritis
1251 1395 1370 1458 merito
1382 1395 1573 1470 formidare,
1598 1414 1641 1460 ne
1663 1414 1725 1460 vos
1735 1400 1857 1476 similis
1872 1401 1924 1464 la-

285 1485 339 1548 nis
349 1487 546 1550 sententiam
557 1487 817 1563 contemnentes,
827 1506 929 1552 unum
940 1506 983 1552 ex
994 1506 1032 1552 se
1042 1491 1078 1552 iu
1131 1491 1223 1554 boris
1256 1492 1430 1570 angustias
1463 1495 1613 1572 oporteat
1636 1496 1794 1574 experiri,
1821 1497 1923 1562 nullis

284 1581 438 1646 abbatem
452 1585 577 1661 eligere
600 1589 895 1663 praesumpserunt,
912 1603 987 1648 cum
1011 1602 1078 1664 quo
1132 1589 1253 1652 litteris
1277 1589 1484 1654 obstantibus
1508 1591 1538 1652 si
1560 1608 1633 1670 quas
1664 1594 1881 1671 apparuerint
1902 1610 1925 1658 a

284 1677 395 1754 ipsum
417 1681 657 1744 monasterium
683 1681 884 1756 obtinentes,
908 1681 1079 1746 celebrare
1134 1686 1924 1767 SedeApostolicaimpetratoe,quaedeipsorum

285 1773 399 1836 divina
427 1775 538 1840 officia
569 1793 636 1843 non
674 1781 843 1840 verentur.
887 1779 981 1842 Unde
1017 1795 1079 1842 nos
1133 1783 1231 1860 culpa
1246 1785 1279 1846 et
1288 1800 1387 1861 poena
1399 1785 1530 1861 plenam
1546 1786 1581 1848 et
1591 1801 1784 1863 expressam
1798 1801 1865 1860 nou
1877 1786 1924 1850 la-

283 1867 381 1934 benae
402 1874 571 1939 memoriae
586 1875 900 1952 brandenburgensi
923 1876 1079 1956 episcopo
1134 1881 1224 1942 ciant
1238 1881 1450 1943 mentionem.
1476 1882 1569 1954 Quod
1590 1881 1620 1942 si
1643 1897 1710 1945 non
1729 1875 1845 1946 om'nes
1869 1883 1922 1961 bis

284 1968 446 2042 scrobis,
469 1970 531 2030 dlii
545 1970 647 2035 abbas
667 1973 700 2034 et
723 1973 913 2049 praeposite,
928 1972 1079 2034 dedimus
1134 1977 1354 2054 exsequendis
1378 1978 1554 2055 potueritis
1576 1979 1750 2052 interesse,
1767 1979 1832 2056 duc
1847 1995 1925 2056 pesp.

285 2064 323 2134 ib
337 2065 516 2139 mandatis,
533 2068 570 2128 ut
583 2068 624 2129 ab
637 2069 923 2146 ipsomcnasterio
936 2070 1079 2148 ejicere·
1133 2073 1222 2134 trum
1236 2089 1277 2134 ea
1291 2074 1509 2138 nibilominus
1532 2077 1769 2152 exsequantur.
1805 2077 1925 2140 Datum

285 2161 332 2224 tis
354 2161 546 2240 httusmodi
574 2167 841 2242 presumpturos,
869 2167 904 2228 et
925 2166 994 2228 tam
1022 2166 1079 2226 diu
1134 2169 1387 2243 merentum
1416 2170 1484 2235 bal.
1510 2171 1682 2248 februarii,
1712 2173 1924 2250 pontificatus

285 2257 486 2335 degradatos
519 2261 553 2324 et
589 2263 906 2335 excommunicatos,
937 2261 1080 2341 pulsatis
1134 2267 1240 2334 nostri
1255 2267 1507 2346 auncseptimo.

286 2357 458 2433 campanis
473 2357 506 2420 et
520 2358 669 2420 candelis
691 2361 854 2433 accensis,
880 2359 1080 2422 nuntiaretis

285 2453 420 2522 eosdem
443 2457 478 2518 et
504 2456 654 2518 nuntiari
677 2455 833 2528 laceretis
864 2457 900 2518 iu
931 2456 1080 2534 partibus

285 2550 485 2624 convicinis,
496 2551 602 2615 donec
614 2552 751 2624 dimisso
766 2553 968 2616 monasterio
991 2569 1080 2634 saepe
1487 2587 1575 2676 LVI

287 2644 466 2712 dictorum
487 2649 611 2714 litteris
621 2650 744 2713 restris
767 2649 818 2712 rei
837 2650 958 2712 seriem
973 2651 1082 2712 conti-

285 2743 444 2816 uentibus
458 2745 736 2823 adapostolicam
750 2747 868 2810 Sedem
882 2747 1082 2810 accederent
1195 2739 1248 2802 Ad
1270 2735 1499 2814 immittam
1530 2739 1564 2800 et
1593 2739 1796 2806 conventum
1825 2742 1867 2804 de

288 2841 552 2909 misericordiam
567 2843 714 2921 petituri,
738 2841 867 2922 adjecto
887 2845 923 2907 ut
949 2844 991 2906 ad
1013 2844 1079 2922 eJ‘i-
1404 2836 1650 2898 Swabendel‘m·

286 2937 441 3005 ciendum
464 2956 533 3012 eos,
563 2939 593 3002 si
627 2955 711 3018 opus
736 2942 835 3014 esset,
864 2941 1081 3004 assumeretis
1394 2963 1432 3023 20
1445 2963 1571 3037 impp
1590 2965 1669 3030 litt.

286 3036 451 3098 auxilium
473 3037 605 3099 brachii
639 3037 823 3110 saecularis,
850 3040 883 3100 et
905 3037 1080 3116 praelatum
1190 3085 1234 3152 [w
1235 3085 1361 3138 mmm
1382 3087 1538 3139 normann
1550 3087 1569 3139 p
1571 3087 1737 3141 andnamt
1759 3101 1777 3154 p
1800 3087 1868 3154 m]

286 3133 539 3195 Rocbmanuum
561 3133 602 3194 ab
619 3134 768 3210 ipsorum
789 3133 952 3196 molestiis
966 3133 1082 3196 delen·
1364 3125 1371 3146 '
1697 3125 1705 3147 '
1738 3124 1747 3148 '
1779 3125 1785 3138 '
1847 3127 1853 3137 '

288 3228 416 3303 dentes,
431 3229 585 3292 laceretis
605 3231 712 3292 eidem
727 3229 879 3292 debonis
906 3233 1079 3294 monaste·
1136 3215 1192 3272 3⁰⁸
1218 3226 1284 3275 ⁰¹¹OE
1304 3211 1438 3272 ⁰m¹¹¹h¹¹⁸
1458 3211 1541 3270 ¹³⁰⁰ss
1564 3212 1617 3272 ‘ub
1639 3212 1716 3314 beati
1731 3212 1808 3272 Petri
1830 3219 1859 3272 et
1875 3227 1926 3272 ⁸¹¹⁸

289 3325 335 3388 rii
347 3327 453 3405 ipsius
466 3343 612 3403 congrm
627 3327 806 3406 provideri.
819 3330 867 3389 Ac
882 3327 1014 3388 demum
1026 3344 1082 3391 vo·
1358 3401 1361 3406 ,
1377 3302 1552 3376 pf⁰¹⁰⁰¹¹⁰¹¹³
1564 3303 1692 3376 mcum·
1794 3373 1797 3380 ·

288 3422 342 3485 bis
353 3423 503 3501 praelatis
521 3424 693 3486 monachis
717 3425 750 3486 et
764 3423 950 3488 fautoribus
965 3441 1081 3486 eorum
1174 3424 1343 3488 Honorius
1351 3425 1538 3504 episcopus,
1548 3441 1665 3488 servus
1674 3441 1846 3495 serrorum
1854 3425 1926 3496 Dei,

288 3520 364 3599 plus
377 3521 487 3584 debito
513 3521 749 3594 deterentibus,
768 3524 802 3585 et
815 3521 978 3599 praetextu
994 3538 1081 3600 qua·
1136 3521 1266 3586 dilectis
1301 3521 1380 3598 liliis
1405 3522 1584 3600 praeposito
1619 3524 1652 3586 et
1681 3523 1861 3588 conventui
1888 3522 1928 3584 de

288 3619 440 3680 rumdam
473 3621 722 3696 exemptionum
745 3619 913 3683 malitiose
934 3618 1083 3697 objecta·
1137 3618 1812 3698 Swsbenheimsalutemetdppstolicam
1830 3619 1929 3683 beuee

288 3730 362 3778 rum
377 3716 418 3778 ab
433 3717 483 3779 eis
496 3717 726 3781 differentibus
742 3717 922 3794 procedere
933 3709 973 3778 in
983 3733 1083 3793 nego·
1136 3717 1327 3780 dictionem.

287 3813 335 3875 tio
360 3815 553 3888 memorato,
570 3812 664 3877 vobis
679 3813 715 3875 in
738 3815 860 3877 virtute
886 3812 1082 3876 obedientiae
1177 3816 1284 3886 Quum
1298 3829 1319 3875 a
1334 3813 1430 3876 nobis
1448 3813 1572 3894 petitur
1586 3811 1673 3890 quod
1688 3811 1815 3890 justum
1832 3811 1883 3874 est
1896 3812 1931 3874 et

287 3908 1082 3989 districtepraecipiendomandavimus‚utsivera
1136 3911 1325 3983 honestum,
1341 3910 1409 3974 tam
1424 3911 1520 3986 rigor
1534 3909 1712 3988 aequitatis,
1729 3925 1828 3986 quam
1848 3908 1930 3973 ordo

290 4011 413 4081 essent,
428 4025 502 4086 quae
518 4008 558 4070 de
581 4009 730 4088 ipsorum
755 4007 996 4071 monachorum
1019 4008 1081 4069 de·
1137 4009 1242 4085 erigit
1255 4007 1407 4080 rationis,
1424 4007 1461 4080 ut
1479 4007 1512 4068 id
1528 4020 1588 4084 per
1601 4004 1860 4068 sollicitudinem
1875 4004 1930 4068 ol·

288 4105 485 4181 gradatione
500 4123 540 4168 ac
566 4106 775 4169 contumacia
804 4106 883 4168 sunt
910 4121 1081 4182 expressa,
1137 4105 1205 4167 tlcii
1220 4105 1327 4167 nostri
1340 4104 1381 4167 ad
1392 4103 1537 4166 debitum
1551 4103 1751 4180 perducatur
1764 4102 1930 4185 effectum,

290 4217 358 4264 non
370 4201 525 4272 admissis
536 4219 651 4266 eorum
667 4201 917 4278 exceptionibus
932 4217 998 4264 non
1012 4203 1085 4264 tar-
1138 4203 1331 4280 Eapropter,
1355 4201 1468 4264 dilecti
1492 4201 1527 4262 in
1549 4200 1688 4263 Domino
1719 4199 1791 4272 lilii,
1811 4199 1932 4282 vestris

288 4299 414 4364 daretis
427 4300 607 4378 procedere
619 4301 656 4362 in
670 4300 803 4376 negotio
814 4298 1004 4376 saepedicto.
1016 4301 1085 4360 Nu·
1134 4300 1235 4380 justis
1266 4298 1545 4376 postulationibus
1573 4299 1668 4374 grato
1697 4297 1932 4362 concurrentes

291 4399 475 4474 peractam
491 4396 1085 4474 praelatusRcchmannusproposuit
1138 4412 1288 4469 assensu,
1305 4411 1465 4474 personas
1480 4395 1608 4458 vestras
1625 4395 1658 4458 et
1678 4393 1787 4456 locum
1809 4395 1846 4455 in
1867 4407 1932 4470 quo

290 4509 405 4558 coram
420 4493 516 4556 nobis
532 4493 631 4572 quod,
650 4495 721 4572 ipso
734 4493 890 4572 episcopo
904 4495 993 4555 riam
1007 4493 1085 4554 uni·
1139 4494 1251 4567 divino
1266 4493 1347 4556 estis
1362 4492 1520 4572 obsequio
1532 4490 1721 4568 mancipati,
1730 4506 1805 4553 cum
1820 4488 1932 4554 omni-.

290 4607 397 4656 uersae
421 4592 533 4656 carnis
560 4593 725 4669 ingresso,
751 4591 784 4654 et
805 4605 999 4653 successore
1012 4593 1084 4668 ejus
1138 4589 1307 4653 busbonis
1320 4589 1706 4668 quaeinpraasentiarum
1721 4586 1935 4652 rationabili-

290 4692 386 4756 extra
399 4690 605 4768 provinciam
621 4689 857 4760 commorante,
873 4703 933 4751 vos
954 4689 990 4750 iu
1010 4688 1084 4766 ipso
1139 4691 1191 4752 ter
1213 4688 1401 4766 possidetis,
1429 4688 1487 4749 aut
1513 4688 1550 4749 in
1576 4685 1733 4763 futurum,
1757 4684 1935 4762 praestante

290 4789 426 4867 negotio
442 4787 623 4866 procedere
636 4802 702 4851 non
715 4786 847 4858 valetis,
864 4800 924 4864 pro
941 4801 982 4848 eo
997 4785 1084 4863 quod
1139 4787 1289 4858 Domino,
1300 4785 1401 4864 justis
1415 4785 1522 4847 modis
1537 4783 1687 4862 poteritis
1702 4782 1856 4862 adipisci,
1870 4779 1932 4864 sub

289 4887 326 4952 in
347 4887 469 4950 litteris
486 4886 611 4950 uostris
631 4900 838 4961 expressum,
855 4885 942 4961 quod
964 4883 994 4944 si
1017 4897 1086 4946 non
1139 4883 1230 4948 beati
1252 4881 1344 4947 Petri
1368 4885 1401 4944 et
1421 4884 1536 4944 nostra
1559 4881 1764 4958 protectione
1787 4878 1935 4956 suscipi-

291 4976 435 5062 possetis
445 4982 758 5048 cmuesexecutioni
774 4981 898 5058 negotii
911 4980 1084 5052 interesse,
1141 4997 1225 5055 mus,
1246 4981 1280 5042 et
1302 4979 1477 5056 prasentia
1501 4977 1617 5054 scripti
1641 4975 1827 5054 patrocinio
1845 4991 1937 5039 com-

293 5082 402 5144 dictus
415 5083 591 5160 episcopus
604 5096 679 5144 cum
693 5079 799 5141 altero
814 5079 960 5143 vestrum
975 5091 1087 5154 proce·
1140 5078 1317 5140 munimus.
1325 5075 1418 5138 Nulli
1426 5090 1505 5152 ergo
1513 5073 1648 5137 omnino
1655 5073 1827 5134 hominum
1836 5072 1937 5135 liceat

290 5177 395 5259 detjin
410 5179 536 5240 eodem.
562 5183 672 5252 Quare
685 5180 757 5255 jam
772 5175 879 5239 dictus
894 5174 1087 5237 Rocbman·
1141 5177 1228 5237 lianc
1251 5173 1408 5252 paginam
1429 5173 1551 5234 nostrae
1575 5169 1790 5250 protectionis
1812 5169 1937 5232 inirin-

292 5291 357 5340 nus
383 5275 479 5337 nobis
499 5275 672 5338 humiliter
685 5272 897 5352 supplicavit,
932 5273 968 5334 ut
987 5285 1088 5348 super
1141 5288 1231 5350 gere,
1254 5271 1307 5334 rel
1331 5271 1364 5334 ei
1391 5285 1478 5336 ausu
1500 5268 1678 5331 temerario
1700 5267 1878 5330 contraire.
1901 5267 1937 5330 Si

292 5369 1084 5453 bocprovidereeimisericorditerdignaremur.
1141 5369 1216 5446 quis
1229 5369 1339 5432 autem
1351 5367 1415 5430 hoc
1427 5367 1592 5446 attentare
1605 5363 1865 5442 presumpserit,
1877 5363 1937 5428 in.-

290 5475 361 5539 Nos
382 5471 486 5549 igitur
499 5475 543 5543 te,
571 5469 619 5531 lili
638 5469 742 5548 prior,
766 5467 904 5546 praelato
932 5466 1088 5544 episcopo
1143 5466 1368 5542 dignationem
1381 5461 1617 5542 omnipotentis
1635 5460 1706 5532 Dei,
1721 5460 1754 5522 et
1765 5459 1938 5525 beatorum

291 5573 326 5644 in
342 5569 541 5652 executione
559 5569 630 5646 jam
652 5566 733 5630 dicti
759 5566 884 5644 negotii
901 5563 1090 5642 subrogau·
1143 5564 1234 5627 Petri
1249 5563 1282 5625 et
1296 5562 1393 5626 Pauli
1416 5559 1642 5640 apostolorum
1661 5559 1733 5636 ejus
1757 5573 1794 5620 se
1809 5558 1940 5622 noverit
