4262 6382
340 271 401 330 775

341 429 470 492 dilectis
497 429 574 490 iiiiis
598 428 703 506 priori
722 428 834 490 Sancti
855 429 1037 501 Laurentii,
1062 427 1133 489 Flo·

340 525 481 586 reatinae
519 524 675 595 civitatis,
712 526 850 600 eJusquo
882 523 1039 584 iratribus
1065 525 1132 585 tam

342 620 560 710 praesentibus
579 636 677 696 quam
695 619 826 692 iniuria,
841 621 1001 681 canonice
1016 620 1133 680 substi-

341 719 472 781 tuendis
486 719 520 778 in
536 717 741 796 perpetuum.

381 815 450 876 Piae
476 814 654 890 postulatio
682 813 862 876 voluntatis
888 811 1008 875 effectu
1037 811 1133 874 debet

341 912 561 990 prosequente
583 909 752 986 compleri,
768 913 849 972 utet
864 909 1049 972 devotionis
1069 910 1134 970 sin-

342 1008 463 1070 ceritas
497 1006 711 1069 laudabiliter
741 1008 917 1078 enitescat,
948 1007 981 1068 et
1005 1007 1133 1069 utilitas

341 1105 507 1184 postulata
526 1105 615 1164 viros
642 1103 869 1165 indubitanter
884 1103 1042 1164 assumat.
1069 1105 1134 1164 Ea-

342 1202 486 1278 propter,
499 1199 610 1261 dilecti
629 1200 665 1260 in
685 1201 823 1260 Domino
842 1198 914 1266 iiiii,
927 1197 1046 1259 vestris
1058 1201 1134 1276 jus·

341 1299 384 1360 tis
402 1296 678 1376 postulationibus
701 1296 881 1358 clementer
896 1296 1086 1369 annuimus,
1101 1299 1134 1358 et

341 1394 513 1472 praefatam
531 1393 705 1454 ecclesiam
732 1394 844 1455 Sancti
859 1395 1042 1466 Laurentii,
1060 1409 1133 1472 quae

341 1493 440 1568 caput
452 1491 651 1552 Florentinae
660 1490 810 1552 ecclesiae
824 1488 927 1551 luisse
940 1491 1081 1562 videtur,
1097 1489 1133 1550 in

340 1603 405 1666 qua
432 1587 544 1648 divino
571 1587 650 1647 estis
676 1585 834 1664 obsequio
865 1587 1056 1664 mancipati,
1092 1587 1132 1648 ad

341 1683 511 1762 exemplar
536 1683 643 1745 felicis
671 1683 911 1746 recordationis
934 1684 1066 1746 Nicolai
1090 1686 1132 1756 ii,

340 1782 521 1844 Alexandri
550 1783 593 1852 ii,
613 1781 785 1842 Pascbalis
807 1784 847 1853 ΙΙ,
871 1781 1053 1843 Alexandri
1075 1783 1132 1852 ΙΙΙ,

341 1880 447 1951 Lucii,
471 1879 647 1940 Clementis
663 1880 718 1948 ΙΙΙ,
736 1879 904 1940 Coelestini
924 1881 958 1940 et
972 1881 1135 1940 Innocen-

341 1979 445 2048 iiiiii,
461 1976 741 2052 praedecessorum
756 1976 945 2036 nostrorum
961 1979 1133 2037 Romano-

343 2089 416 2134 rum
438 2071 645 2142 Pontificum,
668 2070 727 2131 sub
747 2071 835 2133 beati
859 2073 951 2133 Petri
970 2075 1003 2134 et
1020 2074 1134 2134 nostra

342 2169 546 2248 protectione
568 2168 766 2244 suscipimus
779 2171 813 2230 et
827 2169 1001 2245 praesentis
1020 2170 1134 2246 scripti

342 2267 518 2344 privilegio
529 2265 787 2338 communimus;
802 2267 985 2327 statuentes
995 2267 1030 2328 ut
1041 2282 1136 2344 quas·

343 2379 483 2440 cumque
494 2362 732 2440 possessiones,
747 2378 962 2439 quacumque
977 2363 1062 2424 bona
1077 2379 1137 2423 ea·

344 2462 417 2523 dem
433 2459 574 2522 ecclesia
594 2460 629 2520 in
651 2460 903 2536 praesentiarum
918 2463 1008 2536 juste
1021 2477 1060 2521 ac
1073 2477 1134 2522 ca·

344 2558 462 2620 nonice
478 2556 633 2634 possidet,
649 2557 706 2617 aut
718 2557 752 2617 in
767 2556 911 2618 futurum
922 2557 1135 2620 concessione

343 2653 546 2732 pontificum,
581 2652 758 2729 largitione
793 2669 908 2730 regum
934 2655 989 2716 vel
1015 2655 1136 2732 princi·

342 2767 432 2830 pum,
464 2750 630 2812 oblatione
653 2749 811 2822 iideiium,
842 2765 900 2812 seu
934 2750 1010 2812 aliis
1034 2753 1135 2828 Justis

343 2847 460 2919 modis,
473 2847 653 2922 praestante
668 2847 819 2918 Domino,
836 2846 958 2924 poterit
981 2847 1132 2924 adipisci,

343 2944 438 3004 firma
453 2942 548 3004 vobis
566 2941 752 3018 vestrisque
768 2942 1017 3005 successoribus
1031 2946 1063 3006 et
1073 2945 1137 3005 ilii·

341 3039 418 3102 bata
443 3039 669 3116 permaneant.
696 3041 732 3099 in
757 3037 876 3116 quibus
900 3038 972 3102 haec
992 3043 1136 3118 propriis

343 3137 496 3198 duximus
510 3135 725 3212 exprimenda
734 3135 922 3197 vocabulis:
937 3139 1135 3200 Parochiam

341 3235 460 3296 vestrae
469 3232 619 3295 ecclesie
634 3233 866 3309 pertinentem,
879 3233 965 3296 sicut
974 3235 1135 3297 hactenus

342 3331 521 3402 liahuistis;
547 3329 711 3404 hospitale
738 3329 824 3407 quod
838 3333 936 3406 juxta
959 3331 1136 3394 ecclesiam

343 3425 568 3504 supradictam
597 3429 633 3485 Β.
659 3425 831 3488 Laurentii
862 3427 962 3488 situm
986 3429 1037 3490 est
1062 3446 1136 3492 oum

344 3523 496 3585 omnibus
511 3522 721 3600 pertinentiis
732 3523 1007 3599 suis;ecclesiam
1024 3525 1136 3590 Sancti

254 3645 259 3658 ·
344 3620 447 3682 Marci
461 3635 535 3681 oum
551 3618 704 3680 omnibus
720 3620 930 3696 pertinentiis
941 3621 1028 3699 suis;
1041 3638 1138 3685 mou-

343 3719 410 3778 tem
432 3719 463 3776 S.
482 3716 664 3787 Laurentii,
682 3717 738 3793 qui
760 3733 803 3777 ex
824 3733 890 3779 uno
906 3717 1010 3781 latere
1027 3722 1138 3797 proxi·

344 3817 452 3876 matur
466 3814 565 3875 terrae
581 3813 614 3874 S.
631 3813 794 3875 iohannis
808 3815 840 3876 et
857 3814 984 3877 duabus
999 3817 1063 3878 viis
1078 3818 1132 3880 de-

343 3910 564 3982 currentibus,
583 3912 615 3972 et
630 3925 674 3972 ex
694 3911 761 3972 alio
776 3913 808 3972 S.
826 3912 969 3984 Romuli,
986 3914 1085 3976 tertio
1101 3917 1133 3976 S.

343 4007 469 4080 Mariae,
495 4008 613 4086 quarto
640 4008 786 4071 decurrit
809 4009 842 4069 ei
864 4009 919 4070 via
934 4011 1039 4086 regia,
1061 4028 1135 4072 cum

343 4105 480 4166 decimis
496 4106 528 4166 et
543 4104 698 4180 primitiis
712 4105 798 4179 suis;
816 4107 959 4168 montem
971 4107 1064 4170 Gonii
1080 4110 1135 4187 qui

343 4203 383 4263 de
399 4217 464 4262 una
478 4205 572 4278 parte
588 4217 607 4261 a
623 4202 695 4261 rivo
713 4202 900 4263 Tersimuia
919 4205 1074 4279 cingitur,
1093 4221 1136 4266 ex

343 4299 410 4360 alia
423 4299 521 4359 terrae
534 4300 565 4358 S.
584 4297 714 4360 Romuli
724 4299 888 4375 iungitur,
902 4301 1030 4363 atentia
1042 4303 1135 4378 parte

345 4395 563 4465 Sdohannis,
585 4409 605 4456 a
625 4397 742 4470 quarto
765 4396 911 4459 decurrit
925 4399 957 4460 ei
976 4399 1042 4470 via,
1062 4416 1134 4476 quae

343 4493 465 4556 dicitur
474 4490 599 4564 subtus,
612 4507 687 4552 cum
695 4491 832 4554 decimis
842 4495 874 4556 et
880 4495 1036 4571 primitiis
1047 4496 1132 4572 suis;

335 4589 543 4654 'abataticum
569 4589 672 4665 portae
700 4591 731 4650 S.
760 4589 929 4652 Laurentii
959 4607 1033 4652 cum
1062 4593 1134 4668 ipsa

300 4727 302 4734 ·
341 4689 442 4750 etiam
457 4685 730 4762 congregatione
745 4685 920 4748 ecclesiam
943 4687 976 4747 S.
996 4687 1135 4750 Bartho-

342 4783 453 4846 lomaei
478 4783 575 4846 sitam
597 4783 631 4844 in
658 4767 857 4860 Faltiguano
884 4798 958 4843 cum
981 4785 1134 4847 omnihus

341 4881 550 4961 pertinentiis
574 4880 654 4951 suis,
683 4882 716 4942 et
744 4879 973 4956 possessiones
1006 4896 1132 4955 omnes,

341 4995 423 5058 quas
446 4979 481 5038 in
496 4978 610 5038 eadem
636 4977 729 5038 curia
753 4974 944 5052 possidetis;
959 4977 1134 5040 ecclesiam

343 5081 375 5140 S.
408 5076 548 5137 Andreae
581 5075 617 5134 in
658 5071 867 5132 Percussine.
915 5075 1134 5153 Quacumque

342 5176 441 5239 etiam
461 5190 480 5236 a
500 5169 667 5252 praedictis
695 5168 993 5246 praedecessoribus
1012 5174 1135 5235 nostris

343 5271 501 5336 Romanis
519 5265 728 5346 pontificibus
753 5265 847 5326 vohis
864 5281 1021 5329 concessa
1044 5272 1132 5343 sunt,

343 5375 376 5434 et
395 5367 547 5431 ecciesiae
575 5365 693 5425 vestrae
716 5377 831 5424 eorum
848 5363 1032 5440 privilegiis
1048 5382 1134 5427 con-

344 5465 485 5534 firmata,
514 5460 668 5532 similiter
687 5459 892 5521 roboramus.
915 5463 1001 5524 Sane
1021 5462 1135 5525 diebus

344 5557 548 5630 solemnibus
563 5557 599 5620 in
617 5555 774 5630 claustro,
793 5557 845 5620 rel
861 5557 896 5618 in
915 5559 1000 5622 atrio
1024 5561 1135 5623 eccle-

959 269 1133 331 iioNORii
1156 269 1201 327 111
1222 265 1370 330 OPERA.

1923 268 1986 327 tto

1187 426 1245 488 siae
1266 425 1495 502 processiones
1515 424 1637 496 iacere,
1655 424 1688 486 et
1700 424 1838 486 missam
1852 423 1894 486 ad
1909 425 1984 486 ter-

1187 523 1268 584 tiam
1283 525 1431 595 cantare,
1449 521 1574 583 nullius
1590 521 1882 583 contradictiones
1898 521 1988 583 inbi-

1186 618 1273 690 beat,
1300 619 1358 680 sed
1387 619 1493 680 modis
1520 617 1672 679 omnibns
1692 618 1853 679 studeatis
1876 620 1989 679 omni-

1187 715 1352 793 potentem
1379 717 1552 777 Dominum
1582 714 1793 790 glorificare,
1823 718 1856 776 et
1883 715 1989 775 saluti

1188 813 1374 874 animarum
1388 815 1574 873 vestrarum
1599 813 1671 888 ipso
1696 813 1875 888 praestante
1888 813 1988 888 rigi-

1188 911 1296 972 lanter
1313 910 1480 971 insistere.
1495 908 1716 969 Prohibemus
1728 924 1859 986 quoque
1874 909 1911 970 ut
1925 925 1990 970 ne-

1188 1007 1270 1068 mini
1286 1007 1386 1068 liceat
1399 1006 1486 1066 inira
1502 1007 1663 1067 terminos
1681 1006 1848 1082 parochiae
1863 1010 1990 1068 restrae

1188 1105 1260 1166 sine
1275 1104 1473 1166 auctoritate
1485 1103 1666 1164 dioecesani
1677 1103 1824 1180 episcopi
1832 1103 1866 1164 et
1873 1108 1988 1166 vestro

1189 1217 1330 1264 assensu
1345 1185 1545 1272 ecclesiam,
1568 1201 1621 1260 vei
1643 1200 1827 1261 oratorium
1842 1200 1883 1261 de
1897 1217 1988 1262 novo

1189 1298 1367 1366 aediiicare,
1399 1297 1502 1358 salvis
1538 1297 1724 1372 privilegiis
1760 1299 1989 1361 Romanorum

1188 1395 1382 1472 pontificum
1401 1393 1596 1455 :libertates
1619 1395 1782 1470 praeterea
1805 1395 1837 1454 et
1858 1393 1986 1454 immu-

1189 1493 1311 1554 nitates
1335 1491 1489 1568 antiquas
1513 1491 1546 1552 et
1564 1489 1781 1552 rationabiles
1803 1491 1989 1553 consuetu-

1189 1591 1284 1652 dines
1299 1589 1450 1650 ecclesiae
1468 1588 1589 1649 vestrae
1614 1603 1800 1660 concessas,
1817 1591 1850 1649 et
1865 1587 1987 1649 bacte-

1189 1703 1252 1746 nus
1277 1686 1470 1748 observatas
1488 1685 1578 1746 ratas
1601 1683 1771 1756 babemus,
1788 1685 1821 1746 et
1831 1701 1887 1745 eas
1902 1700 1988 1762 per-

1189 1784 1297 1861 petuis
1344 1781 1547 1859 temporibus
1592 1780 1739 1842 illibatas
1789 1797 1989 1858 permanere

1189 1881 1368 1942 sancimus.
1392 1879 1573 1942 statuimus
1590 1879 1737 1955 insuper,
1755 1879 1791 1940 ut
1805 1894 1871 1939 non
1883 1879 1989 1940 liceat

1190 1974 1986 2056 episcopovestroinvosveiecciesiamvestram

1190 2077 1261 2138 sine
1277 2075 1451 2136 manifesta
1473 2073 1505 2134 et
1520 2072 1711 2134 rationabili
1727 2089 1828 2133 causa
1843 2089 1985 2135 excom-

1190 2171 1423 2234 municationis
1445 2170 1497 2230 vel
1515 2168 1892 2231 interdictisententiam
1905 2185 1989 2246 pro-

1190 2269 1350 2344 mulgare.
1377 2266 1588 2344 Sepulturam
1613 2267 1775 2341 preterea
1798 2265 1903 2341 ipsius
1919 2266 1988 2327 loci

1189 2367 1330 2427 liberam
1356 2381 1429 2425 esse
1452 2363 1671 2434 decernimus,
1698 2363 1733 2424 ut
1750 2378 1865 2422 eorum
1880 2363 1989 2424 devo-

1189 2463 1273 2523 tioni
1292 2463 1324 2522 et
1343 2462 1500 2520 extremae
1513 2459 1693 2530 voluntati,
1717 2459 1774 2534 qui
1791 2475 1827 2519 se
1847 2459 1917 2520 illic
1932 2475 1990 2520 se-

1190 2557 1289 2635 peliri
1311 2555 1579 2627 deliberaverint,
1606 2555 1670 2614 nisi
1691 2552 1776 2616 sorte
1792 2570 1989 2616 excommu-

1190 2655 1291 2716 nicati
1313 2653 1365 2715 vel
1382 2652 1562 2723 interdicti,
1587 2651 1698 2712 nullus
1710 2650 1850 2713 obsistat
1866 2669 1874 2712 :
1892 2651 1989 2714 salva

1189 2755 1300 2814 tamen
1338 2751 1469 2829 Justitia
1509 2749 1644 2809 illarum
1693 2748 1929 2822 ecclesiarum,
1969 2766 1989 2811 a

1191 2849 1308 2927 quibus
1337 2849 1542 2909 mortuorum
1580 2861 1720 2922 corpora
1754 2849 1987 2908 assumuntur.

1190 2947 1338 3008 Obeunte
1353 2960 1432 3006 vero
1448 2943 1492 3012 te,
1513 2958 1602 3003 nunc
1616 2943 1764 3019 ejusdem
1779 2943 1844 3005 loci
1860 2945 1987 3020 priore,

1191 3044 1401 3107 veltuorum
1427 3041 1574 3117 quolibet
1603 3055 1845 3112 successorum,
1873 3041 1989 3102 nullus

1191 3140 1238 3202 ibi
1260 3139 1405 3218 qualibet
1430 3137 1653 3214 subreptionis
1671 3139 1807 3211 astutia,
1834 3155 1894 3200 seu
1918 3140 1990 3202 vio·

1191 3238 1305 3310 lentia,
1321 3237 1545 3314 praeponatur,
1562 3235 1627 3296 nisi
1643 3250 1739 3311 quem
1756 3235 1876 3297 fratres
1894 3251 1990 3298 com-

1192 3335 1283 3397 muni
1310 3349 1474 3396 consensu
1492 3333 1546 3393 vel
1578 3333 1718 3394 iratrum
1748 3349 1826 3410 pars
1852 3334 1988 3395 consilii

1192 3431 1346 3500 sanioris,
1375 3429 1555 3493 secundum
1579 3429 1639 3492 Dei
1662 3431 1816 3492 timorem
1836 3431 1989 3508 provide·

1191 3529 1258 3591 rint
1271 3527 1473 3605 eligendum.

1230 3627 1446 3689 Decernimus
1470 3639 1549 3700 ergo
1571 3627 1606 3686 ut
1626 3625 1711 3686 nulli
1730 3626 1866 3688 omnino
1880 3625 1988 3687 bomi-

1192 3741 1269 3786 num
1310 3723 1411 3785 liceat
1441 3719 1612 3799 praeiatam
1646 3723 1823 3784 ecclesiam
1857 3724 1985 3786 temere

1190 3820 1386 3899 perturbare
1412 3820 1465 3882 vel
1491 3822 1563 3897 ejus
1585 3821 1813 3896 possessiones
1838 3821 1985 3892 auterre,

1191 3919 1320 3980 ablatas
1343 3917 1498 3988 retinere,
1524 3916 1676 3979 minuere
1700 3933 1760 3980 seu
1783 3917 1987 3995 quibuslibet

1192 4013 1424 4078 vexationibus
1448 4013 1601 4090 fatigare,
1631 4013 1687 4076 sed
1716 4015 1827 4076 omnia
1855 4015 1986 4092 integra

1191 4113 1376 4184 serventur,
1391 4127 1506 4173 eorum
1522 4127 1581 4188 pro
1592 4127 1731 4188 quorum
1742 4110 1987 4188 gubernatione

1190 4210 1223 4272 et
1242 4208 1485 4270 sustentatione
1500 4221 1659 4268 concessa
1679 4208 1766 4277 sunt,
1786 4206 1901 4268 usibus
1914 4223 1989 4267 om-

1190 4305 1332 4368 nimodis
1356 4303 1539 4380 profutura,
1565 4302 1659 4364 saiva
1677 4303 1772 4363 Sedis
1787 4303 1987 4380 Apostolicae

1190 4403 1388 4465 auctoritate
1403 4403 1436 4462 et
1451 4400 1633 4462 Florentini
1655 4399 1802 4476 episcopi
1824 4401 1987 4462 canonica

1186 4500 1328 4578 justitia.
1345 4500 1381 4561 Si
1397 4513 1462 4576 qua
1483 4497 1586 4574 igitur
1602 4497 1637 4556 in
1650 4495 1797 4557 futurum
1808 4497 1988 4558 ecclesias-

1188 4598 1254 4660 tica
1266 4595 1630 4671 saecularisvepersona
1640 4593 1987 4656 hancnostraecousti-

1188 4695 1326 4758 tutionis
1345 4693 1502 4770 paginam
1520 4691 1628 4752 sciens
1641 4691 1757 4751 contra
1773 4705 1846 4752 eam
1861 4691 1987 4752 temere

1189 4792 1303 4854 venire
1316 4789 1504 4860 tentaverit,
1519 4787 1664 4850 secundo
1685 4787 1825 4849 tertiove
1845 4803 1988 4849 commo-

1190 4890 1271 4961 nita,
1288 4886 1355 4948 nisi
1370 4887 1500 4948 reatum
1521 4900 1618 4944 suum
1642 4881 1743 4959 digna
1759 4883 1989 4946 satisfactione

1189 4984 1386 5056 correxerit,
1403 4980 1575 5059 potestatis
1591 4980 1794 5057 honorisque
1805 4979 1857 5040 sui
1874 4983 1990 5043 careat

1190 5081 1362 5158 dignitate,
1384 5093 1544 5156 reamque
1565 5093 1601 5138 se
1627 5076 1740 5138 divino
1761 5075 1886 5153 judicio
1902 5079 1991 5138 exis-

1189 5181 1259 5240 tere
1293 5177 1333 5238 de
1367 5177 1556 5253 perpetrata
1580 5173 1755 5252 iniquitate
1796 5177 1986 5248 cognoscat,

1190 5275 1223 5337 et
1247 5289 1267 5336 a
1288 5273 1515 5336 sacratissimo
1532 5287 1669 5348 corpore
1694 5286 1734 5331 ac
1749 5270 1912 5346 sanguine
1928 5273 1990 5332 Dei

1190 5371 1366 5434 etDomini
1384 5369 1614 5446 Redemptoris
1637 5369 1742 5430 nostri
1756 5370 1837 5429 Jesu
1862 5366 1988 5429 Christi

1191 5467 1300 5530 alinea
1324 5468 1392 5538 ilat,
1413 5469 1511 5544 atque
1534 5467 1568 5526 in
1585 5467 1735 5527 extremo
1750 5464 1904 5525 examine
1918 5464 1990 5526 dis·

1189 5564 1296 5627 trictoe
1312 5564 1430 5626 ultioni
1450 5564 1632 5640 subjaceat.
1658 5561 1792 5623 Cunctis
1805 5563 1915 5623 autem
1931 5563 1986 5624 ei-
