4262 6382
179 355 239 415 ost

179 511 285 574 tribus
300 509 483 572 senonensi
502 506 549 590 (1)
570 506 831 585 archiepiscopo,
848 507 880 570 et
899 508 971 586 epi-

179 625 261 686 copo
275 606 516 672 Silvanectensi
531 604 590 686 (2),
605 605 757 676 salutem,
774 606 836 667 etc.

218 704 377 768 (terentes
393 705 432 767 de
447 705 557 766 vestra
573 703 711 764 caritate
726 701 880 762 fiduciam
895 716 972 776 spe-

179 803 313 874 cialem,
350 801 591 863 fraternitatem
630 800 774 861 vestram
815 813 971 873 rogamus

178 899 335 961 attentius
362 914 400 958 ac
426 913 485 974 per
509 896 699 974 Apostolica
730 895 822 957 vobis
848 895 970 970 scripta

178 995 317 1056 tirmiter
341 993 543 1071 injungendo
570 992 764 1053 mandamus
795 989 968 1068 quatenus,

177 1093 281 1154 ascito
303 1090 395 1154 vobis
417 1091 536 1152 dilecto
565 1089 682 1150 abbate
705 1089 745 1149 de
763 1087 970 1156 altacumba,

794 348 1021 410 EPISTOLAE.
1045 349 1123 410 LIB.
1150 351 1207 410 IX.

1761 356 1821 416 698

1024 507 1246 571 tisiactionem
1261 507 1419 570 exhibere
1438 525 1504 572 non
1523 511 1644 587 posset,
1666 513 1695 573 si
1714 514 1820 588 totum

1026 606 1061 668 in
1075 607 1139 667 hoc
1154 621 1249 666 suum
1271 607 1449 678 constaret,
1474 607 1583 669 adhuc
1604 609 1740 672 offensis
1764 611 1819 673 ol'-

1025 702 1148 775 fensas‚
1160 703 1293 779 injuriis
1303 703 1445 780 injurias
1456 706 1603 780 aggerat,
1614 706 1822 771 incessanter

1025 800 1061 860 in
1088 799 1305 861 ecclesiarum
1334 800 1487 878 reliquiis
1516 801 1821 878 debacchantiam

1026 897 1067 958 ad
1084 913 1232 974 praesens
1249 897 1289 958 de
1302 897 1379 958 aliis
1393 899 1573 970 taceamne,
1590 901 1821 964 vivariensem

1027 993 1212 1066 ecclesiam,
1239 995 1325 1056 sicut
1346 994 1582 1069 intelleximus,
1611 1001 1820 1074 usqueadeo

1025 1091 1142 1153 nititur
1168 1091 1375 1163 conculcare,
1403 1095 1439 1153 ut
1462 1092 1577 1152 villam
1600 1095 1819 1170 Argentariae,

176 1189 405 1250 Cisterciensis
421 1187 558 1258 ordinis,
572 1189 645 1248 viro
660 1186 817 1260 religioso
839 1189 871 1246 et
891 1183 969 1256 ndo,
1026 1205 1098 1265 quae
1122 1189 1172 1249 est
1196 1189 1399 1265 praecipuum
1424 1188 1585 1250 bonorum
1611 1190 1728 1266 ipsius,
1756 1207 1820 1252 au·

177 1287 232 1347 cui
257 1301 357 1362 super
380 1285 442 1346 hoc
473 1284 667 1361 scripsimus
695 1281 825 1344 litteras
851 1281 970 1358 quibus
1024 1285 1113 1346 terre
1132 1286 1289 1347 moliatur
1310 1287 1427 1358 eidem,
1452 1288 1627 1348 occasione
1649 1288 1821 1364 quusdam

176 1399 330 1459 rogamus
345 1382 556 1443 carissimum
571 1383 606 1441 in
624 1379 754 1441 Christo
769 1379 874 1439 filium
887 1394 969 1440 nos·
1026 1381 1130 1460 partis
1153 1398 1192 1442 ac
1207 1383 1425 1459 quorumdam
1440 1382 1583 1444 aliorum
1603 1400 1677 1460 quae
1692 1384 1771 1446 olim
1786 1386 1821 1446 in

175 1483 262 1542 trum
277 1495 390 1555 regem
414 1481 618 1538 Francorum
634 1477 809 1547 illustrem,
824 1477 900 1546 eto,
919 1473 972 1552 (ut
1026 1495 1066 1540 aa
1080 1478 1229 1539 tenuisse
1249 1481 1447 1556 proponitur
1467 1483 1563 1556 pater
1583 1483 1666 1556 ejus,
1688 1483 1720 1542 ei
1734 1497 1819 1559 quae,

175 1592 294 1652 supro,
310 1589 417 1649 osque
431 1573 612 1653 abstinere)
627 1573 835 1650 praesentetis
851 1571 968 1642 eidem,
1026 1576 1142 1636 eodem
1157 1575 1250 1652 patre
1264 1577 1370 1652 ipsius
1390 1592 1450 1654 pro
1464 1577 1545 1638 vilio
1561 1576 1735 1653 pravitatis
1751 1578 1823 1639 hae-

175 1675 209 1736 et
220 1675 329 1750 ipsum
340 1671 380 1732 ad
394 1671 637 1732 exaudiendum
650 1671 763 1731 nostra
780 1669 971 1746 precamina
1026 1673 1149 1745 reticeo,
1167 1673 1262 1750 quasi
1277 1689 1336 1748 pro
1357 1673 1447 1734 laesae
1464 1674 1603 1735 crimine
1623 1674 1819 1751 majestatis,-

174 1767 972 1847 inhacparteprudenteretefficaciterinducere
1026 1769 1173 1832 totaliter
1195 1785 1255 1830 sua
1277 1771 1368 1831 terra
1390 1759 1532 1847 privato,
1558 1771 1658 1831 Sedes
1673 1772 1820 1847 Aposto-

176 1865 337 1928 studeatis
356 1864 396 1925 ad
416 1866 551 1940 treugas
569 1879 643 1925 cum
657 1863 783 1925 illustri
808 1878 887 1938 rega
903 1866 973 1922 An·
1025 1866 1092 1927 lica
1113 1867 1178 1943 ipsi
1199 1867 1359 1939 ecclesiae,
1384 1867 1420 1927 in
1451 1871 1546 1944 cujus
1571 1867 1753 1928 dominium
1779 1868 1821 1930 de

175 1963 251 2039 gliae
273 1962 490 2033 innovandas,
507 1963 616 2038 ipsum
636 1960 677 2021 ad
698 1961 772 2032 hoc,
790 1957 971 2020 secundum
1022 1964 1099 2039 jure
1121 1963 1299 2033 deciderat,
1325 1961 1523 2040 specialiter
1536 1963 1715 2024 contulisse
1737 1961 1823 2024 dici-

176 2059 286 2121 datam
310 2074 330 2120 a
353 2062 420 2120 Deo
434 2057 529 2118 vobis
548 2056 769 2134 prudentiam,
786 2057 877 2117 Omni
892 2069 971 2117 cura
1026 2063 1092 2132 tur,
1106 2059 1139 2121 et
1151 2059 1319 2136 privilegii
1331 2059 1382 2120 sui
1395 2059 1578 2121 munimine
1592 2060 1819 2122 confirmasse.

176 2157 331 2233 omnique
351 2155 460 2216 studio
479 2155 638 2215 inducere
657 2155 867 2229 satagentem
890 2153 971 2214 certi
1066 2156 1211 2234 Ideoque
1236 2155 1428 2218 discretioni
1455 2157 1574 2217 vestrm
1596 2173 1656 2234 per
1677 2159 1820 2234 Aposto-

176 2254 262 2331 quod
289 2252 375 2312 nihil
408 2251 519 2312 iacere
544 2251 686 2328 possetis
719 2252 782 2312 hoc
810 2253 969 2326 tempore,
1027 2256 1092 2317 lica
1108 2254 1232 2330 scripta
1247 2253 1442 2314 mandamus
1462 2253 1625 2330 quatenus
1645 2253 1822 2331 diligenter

176 2350 262 2427 quod
272 2366 332 2411 vos
342 2349 539 2426 Apostolicae
549 2349 626 2409 Sodi
634 2347 787 2410 redderet
795 2347 969 2424 gratiores.
1027 2352 1190 2413 moneatis
1204 2349 1349 2411 nobilem
1360 2351 1577 2411 memoratum
1589 2352 1634 2422 ut,
1647 2351 1821 2413 attondens

175 2451 293 2518 Perre,
318 2447 347 2507 si
371 2446 477 2507 dictus
501 2445 603 2507 abbas
627 2445 706 2506 huic
729 2444 814 2508 torte
838 2443 971 2520 negotio
1027 2447 1113 2526 quod
1135 2448 1198 2508 sihi
1218 2447 1429 2522 cogitandum
1451 2449 1550 2516 esset,
1575 2447 1703 2509 nonde
1726 2448 1821 2524 inge-

176 2544 363 2622 neduiverii
385 2545 563 2615 interesse,
590 2558 649 2604 VOS
683 2542 906 2618 nihilominus,
936 2541 972 2601 in
1026 2545 1139 2607 randis
1178 2545 1274 2606 novis
1300 2544 1449 2616 offensis,
1487 2544 1544 2604 sed
1580 2543 1621 2605 de
1653 2544 1821 2607 veteribus

176 2641 291 2702 eodem
307 2640 548 2702 studiosissime
561 2639 602 2700 ob
615 2639 763 2700 nostram
778 2641 811 2700 et
824 2638 970 2699 divinam
1027 2642 1252 2713 emendandis,
1267 2657 1286 2701 a
1301 2642 1531 2718 persecutione
1544 2643 1694 2703 ecclesiae
1707 2657 1822 2719 supra·

175 2739 396 2800 reverentiam
409 2735 594 2815 procedatis
610 2758 617 2797 :
631 2737 718 2813 quod
731 2735 809 2796 inde
824 2735 971 2796 feceritis
1027 2740 1134 2811 dictae,
1158 2739 1227 2800 tum
1247 2739 1282 2797 in
1305 2738 1392 2805 aliis,
1417 2739 1487 2798 tum
1511 2738 1701 2815 specialiter
1722 2747 1823 2815 super

176 2837 210 2898 et
238 2835 445 2907 inveneritis,
471 2833 566 2896 nobis
592 2833 736 2895 fideliter
760 2831 969 2908 rescripturi.
1026 2835 1106 2898 villa
1131 2836 1324 2906 memorata,
1350 2832 1505 2906 desistat;
1529 2834 1636 2911 eique,
1659 2815 1820 2896 nisi'mo-

176 2932 294 2993 Datum
310 2933 472 3007 utsupra.

520 3143 619 3231 vill

208 3295 260 3355 Ad
273 3296 439 3354 meantem
454 3293 488 3355 ot
498 3294 678 3354 cautorem
698 3292 948 3354 Valentioeosts

496 3392 656 3451 ecclesie.

442 3519 477 3577 ²5
491 3520 606 3592 augusti
622 3519 701 3576 liti.

300 3644 435 3710 [bouquet
449 3645 507 3695 nec.
521 3643 565 3693 des
577 3643 652 3704 illst,
664 3642 733 3706 XIX,
743 3658 768 3708 p.
780 3642 847 3706 ibo]

176 3771 246 3830 Cum
259 3768 436 3827 Raimundus
448 3770 501 3828 Vll
516 3769 683 3837 dolosanus,
700 3783 757 3840 quo
772 3775 900 3840 tempore
916 3767 971 3822 lto·

212 3871 305 3914 manae
323 3857 461 3914 Ecclesia
475 3857 652 3914 reconciliari
667 3862 784 3928 cuperet
799 3861 847 3913 aut
866 3867 972 3926 cupere

213 3945 384 4014 crederetur,
404 3945 517 4001 interim
536 3945 713 4004 vivariensis
732 3942 861 4000 ecclesiae
875 3941 972 3998 villam

212 4032 412 4106 Argentariam
422 4031 499 4088 velut
510 4032 653 4104 proprium
665 4037 844 4102 occupasset,
856 4027 973 4085 mandat

214 4121 356 4178 Honorius
373 4125 405 4176 ut
426 4119 472 4176 ille
492 4133 566 4176 nova
587 4133 708 4175 censura
733 4117 833 4174 lortius
856 4117 970 4188 ligetur,

213 4210 268 4266 nisi
282 4207 425 4282 pontilicis
437 4207 552 4264 monitis
568 4207 741 4278 acquiescat.

218 4335 386 4397 Honorius
409 4333 636 4411 episcopus...,
660 4331 792 4393 dilectis
814 4331 892 4392 liliis
911 4330 972 4392 de-

1027 2933 1107 2994 nitis
1143 2931 1364 3009 acquieverit,
1402 2930 1577 2992 manifeste
1615 2931 1821 2992 denuncietis

1027 3029 1125 3108 quod,
1140 3028 1297 3107 quamdiu
1312 3043 1411 3104 super
1420 3027 1501 3089 villa
1513 3029 1586 3104 ipsa
1601 3028 1634 3089 et
1647 3028 1723 3089 aliis
1739 3043 1821 3105 prae-

1015 3127 1148 3188 dictam
1161 3126 1338 3186 *ecolesiam
1359 3125 1597 3196 molestaverit,
1614 3124 1738 3190 trustra
1755 3125 1819 3185 sibi

1027 3223 1067 3285 de
1101 3223 1385 3285 reconciliationis
1423 3222 1531 3296 gratia
1570 3221 1761 3284 blandietur
1789 3223 1822 3284 et

1026 3322 1149 3384 frustra
1171 3320 1211 3381 de
1235 3319 1435 3396 assequendi
1454 3334 1528 3380 eam
1548 3318 1669 3379 fiducia
1692 3330 1727 3380 se
1745 3322 1820 3396 jac-

1025 3419 1119 3481 tabit.
1136 3418 1295 3494 Denique‚
1318 3417 1346 3476 si
1369 3416 1475 3477 dictus
1496 3415 1617 3477 nobilis
1634 3416 1822 3492 nequiverit

1026 3514 1160 3576 monitis
1177 3513 1297 3576 vestris
1322 3512 1445 3584 induci,
1469 3513 1506 3574 ut
1527 3527 1627 3589 super
1644 3511 1725 3574 villa
1747 3513 1822 3589 ipsa

1026 3614 1059 3674 et
1081 3611 1157 3672 aliis
1173 3611 1319 3672 cessata
1341 3609 1571 3670 molestatione
1592 3607 1740 3670 indebita
1762 3623 1821 3669 ec-

1027 3708 1137 3770 clesiae
1157 3706 1359 3776 memoratae,
1384 3721 1445 3766 vos
1466 3704 1574 3781 ipsum
1589 3706 1622 3765 et
1643 3704 1822 3781 complices

1028 3807 1099 3882 eius
1127 3819 1148 3864 a
1173 3801 1404 3864 molestatione
1432 3799 1622 3875 hujusmodi
1655 3815 1714 3875 per
1742 3815 1823 3860 cen·

1027 3916 1139 3962 suram
1155 3897 1426 3968 ecclesiasticam,
1444 3896 1666 3972 appellatione
1680 3897 1819 3968 remota,

1027 3997 1113 4058 sicut
1128 3995 1254 4072 justum
1274 3992 1386 4060 suerit,
1405 3992 1633 4066 compescatis,
1650 4007 1726 4051 cum
1747 3992 1820 4052 ior-

1026 4093 1094 4153 tius
1109 4091 1211 4167 ligari
1224 4089 1335 4152 valeat
1348 4091 1419 4166 jam
1439 4087 1571 4164 ligatus.
1596 4088 1688 4161 Quod
1703 4089 1733 4148 si
1754 4103 1821 4150 uon

1028 4203 1152 4260 omnes,
1167 4187 1229 4248 etc.
1246 4185 1365 4247 Datum
1382 4185 1549 4257 Laterani,
1571 4187 1647 4246 VIII
1661 4183 1822 4244 kalendas

1028 4284 1234 4362 septembris,
1255 4281 1467 4359 pontificatus
1487 4281 1593 4343 nostri
1613 4297 1701 4342 anno
1721 4295 1819 4342 nono.

178 4448 262 4495 cano
287 4433 319 4493 et
347 4431 477 4492 cantori
501 4427 741 4500 valentinensi,
768 4429 802 4490 et
824 4429 972 4489 sacristae
1070 4466 1074 4471 -

179 4528 392 4600 Romanensi,
427 4525 635 4589 vivariensis
669 4525 836 4596 dioecesis,
882 4523 974 4585 salu-

178 4626 336 4698 temeto.

218 4723 376 4798 exparte
395 4721 516 4784 nobilis
537 4719 715 4784 Raimundi
729 4719 792 4780 dlii
807 4718 972 4796 quondam

179 4823 218 4881 R.
245 4819 374 4881 comitis
393 4817 549 4878 Tolosani
573 4817 636 4878 fuit
653 4816 749 4878 nobis
769 4815 973 4893 propositum

178 4919 245 4979 tam
265 4913 465 4992 frequenter,
483 4913 569 4990 quod
589 4913 757 4975 desiderat
772 4915 839 4974 Deo
861 4915 894 4974 et
908 4913 972 4973 lic-

179 5013 290 5076 clesiae
310 5011 504 5074 satisfacere
525 5010 565 5070 de
587 5011 782 5083 commissis,
809 5009 842 5070 et
864 5009 973 5071 redire

1397 4539 1454 4626 IX

1146 4702 1198 4760 Act
1216 4701 1411 4773 episcopum
1430 4697 1702 4757 atrebatensem.

1291 4833 1457 4909 9septemb.
1472 4833 1552 4892 itti.

1060 4963 1178 5027 tuaest,
1190 4961 1236 5011 lib.
1256 4959 1300 5018 IX,
1310 4958 1383 5024 epist.
1401 4957 1439 5007 19.
1452 4958 1510 5008 llss.
1522 4958 1558 5007 La
1569 4956 1645 5006 Porto
1654 4955 1688 5006 du
1697 4956 1790 5022 Theti]

179 5111 220 5172 ad
235 5108 497 5172 ecclesiasticam
511 5105 683 5179 unitatem,
698 5123 717 5167 a
733 5122 809 5184 qua,
824 5107 894 5166 suis
907 5105 975 5166 cul·
1029 5086 1150 5145 Litteras
1169 5084 1368 5158 imi>0ffli⁰ii⁸2
1393 5096 1410 5139 ἃ
1437 5084 1546 5138 J⁰iss¹¹e
1571 5079 1711 5152 diffidunt,
1737 5081 1823 5140 tacita

178 5209 231 5285 pis
257 5205 477 5284 exigentibus,
506 5203 569 5266 suit
596 5204 772 5281 praecisus3
805 5204 862 5264 sed
885 5202 974 5265 cene
1118 5173 1248 5240 veritate,
1264 5171 1395 5229 obtentas
1410 5169 1504 5226 irritas
1519 5167 1734 5225 cssedeclarut.

178 5305 286 5381 ipsius
301 5318 401 5381 opera
415 5302 526 5366 verbis
542 5301 730 5378 hujusmodi
745 5301 877 5378 penitus
894 5316 975 5362 con·
1038 5349 1040 5352 .
1069 5298 1247 5368 Honorius,
1265 5296 1339 5367 etc,
1353 5292 1540 5356 venerabili
1566 5293 1698 5355 fratri...
1729 5293 1822 5370 epis-

178 5401 355 5462 tradicunt
386 5401 466 5460 Cum
490 5399 579 5460 enim
603 5401 707 5460 Deum
733 5397 767 5460 et
788 5397 973 5460 Ecclesiam
1029 5411 1111 5472 copo
1139 5392 1361 5464 Atrebatensi,
1388 5391 1581 5454 salutemet
1602 5390 1824 5467 Apostolioam

180 5497 228 5557 sic
242 5497 455 5559 vehementer
470 5496 655 5566 offenderit,
670 5495 756 5573 quod
771 5495 906 5570 dignam
923 5509 975 5554 sa·
1029 5491 1302 5554 benedictionem.

216 5645 257 5720 (i)
269 5644 381 5704 Galtero
393 5646 526 5703 Cornuto.
1067 5639 1108 5712 (Ξ)
1124 5639 1259 5697 Guarino.
