4222 6374
152 259 191 322 25
761 260 988 324 EPISTOLAE.
1012 262 1090 324 uls.
1113 261 1168 326 VI.
1751 266 1794 328 26

152 419 224 482 ticae
251 417 286 478 in
317 418 474 480 ilamensi
510 419 684 496 provincia
723 420 944 483 consistentes
997 421 1103 484 nobili
1130 421 1266 484 mulleri
1292 421 1338 484 M.
1362 437 1532 498 germanae
1555 424 1586 490 J.
1615 424 1794 490 comitissas

153 515 341 578 vicesimam
381 517 684 580 ecclesiasticorum
723 521 943 596 proventuum
998 519 1224 592 FlandrensiS,
1241 519 1395 596 spiritum
1412 509 1546 582 consilii
1561 522 1717 584 sanioris.

152 629 253 690 usque
273 613 314 674 ad
333 614 516 675 triennium
546 615 676 691 integre
700 615 873 677 conferant
900 617 941 677 ad
1038 617 1129 688 Quod
1144 616 1206 687 tibi
1221 602 1432 678 salutationis
1448 617 1630 696 alloquium
1645 618 1794 696 denega-

151 710 387 774 rclevationcm
415 711 542 787 negotii
570 714 762 786 memorati,
793 713 942 791 exceptis
997 729 1082 785 mus,
1104 729 1171 774 non
1189 729 1231 775 ex
1253 713 1320 775 alia
1335 715 1437 774 causa
1458 716 1618 790 procedit,
1636 717 1702 788 nisi
1715 717 1794 795 quia

151 808 392 879 venationibus,
416 809 667 886 piscationibus,
692 810 942 888 procurationi·
999 827 1177 887 numquam
1193 811 1342 872 salutare
1357 799 1591 873 consuevimus
1603 829 1791 876 excommu-

150 905 221 976 bus,
237 922 311 984 quae
331 906 371 967 de
390 905 483 967 lacili
497 906 652 968 extimari
669 905 753 986 [lege
770 906 941 987 aestimari]
999 907 1166 969 nicatione
1192 907 1323 984 ligatos.
1341 909 1422 969 Cum
1446 909 1557 971 autem
1581 911 1627 971 sis
1643 925 1702 988 per
1721 913 1795 974 stu·

150 1018 215 1064 non
234 1004 383 1079 possunt,
401 1004 435 1065 ct
448 1002 639 1081 hujusmodi
663 1021 748 1066 onus
774 1005 945 1083 imposue-
998 1005 1089 1066 dium
1114 1007 1262 1066 nostrum
1287 1002 1327 1066 de
1353 1006 1445 1067 illius
1470 1007 1623 1068 manibus
1638 1007 1793 1080 liberata,

149 1099 216 1162 rint
228 1101 328 1162 etiam
346 1100 514 1175 religiosis
528 1101 693 1174 omnibus,
710 1101 944 1166 Cisterciensi-
998 1116 1073 1163 cum
1088 1118 1152 1179 quo
1171 1102 1207 1163 in
1220 1102 1340 1166 salutis
1353 1104 1387 1164 et
1410 1102 1505 1165 lamae
1524 1105 1591 1166 tuae
1608 1105 1794 1181 periculum

150 1196 221 1269 bus,
247 1197 456 1274 Templariis,
470 1197 715 1278 {Hospitalariis
742 1201 776 1262 et
800 1199 944 1261 Gartlnu-
998 1199 1195 1272 morabaris,
1215 1215 1341 1277 nosque
1360 1201 1547 1264 venerabili
1568 1201 1665 1264 fratri
1680 1205 1795 1265 nostro

150 1293 315 1358 siensibus
331 1295 505 1358 dumtaxat
520 1297 679 1375 exceptis,
703 1313 765 1358 nos
785 1299 942 1360 statutum
997 1297 1153 1374 episcopo
1173 1298 1417 1370 cameracensi,
1435 1300 1468 1361 ct
1486 1298 1617 1362 dilectis
1638 1300 1718 1362 liliis
1734 1301 1797 1362 ab·

149 1391 351 1468 hujusmodi,
375 1395 534 1470 tanquam
558 1395 696 1472 provide
710 1393 845 1467 factum,
863 1411 944 1456 auc·
997 1394 1066 1456 bati
1083 1396 1195 1456 Sancti
1209 1395 1349 1457 scennis
1371 1395 1407 1456 in
1421 1397 1620 1458 valencenis
1635 1399 1796 1460 Camera-

150 1489 284 1550 toritate
323 1491 505 1567 apostolica
547 1491 792 1565 confirmamus,
825 1492 943 1554 dantes
998 1493 1108 1554 censis
1132 1491 1298 1565 dioeccsis,
1319 1493 1352 1554 ct
1374 1492 1611 1556 archidiacono
1638 1497 1795 1558 Gamera-

150 1586 256 1648 cidem
290 1587 539 1666 archiepiscopo
570 1587 711 1650 liberam
745 1589 943 1666 potestatem
999 1588 1276 1661 censi,dedimus
1291 1590 1326 1650 in
1342 1588 1508 1652 mandatis
1521 1594 1557 1654 ut
1573 1592 1607 1653 te
1619 1592 1796 1657 absolvant

149 1683 409 1746 contradictores
427 1681 470 1764 (si
486 1685 543 1763 qui
557 1684 695 1764 fuerint)
708 1686 750 1746 ad
764 1685 944 1748 exsolven-
999 1686 1040 1748 ab
1056 1687 1410 1748 excommunicationis
1434 1689 1600 1750 sententia
1617 1705 1717 1766 quam
1736 1692 1795 1752 in·-

149 1779 943 1858 damipsamvicesimamdistrictionccanonica,
1000 1799 1156 1844 curreres
1181 1783 1245 1844 bac
1269 1783 1310 1844 de
1332 1799 1450 1858 causa;
1475 1784 1683 1848 nobilitatem
1703 1787 1797 1850 tuam

148 1876 278 1940 sublato
312 1878 546 1955 appellationis
580 1879 763 1947 obstaculo,
798 1880 946 1957 compel-
999 1881 1181 1956 rogandam
1192 1879 1347 1941 duximus
1363 1881 1396 1942 et
1406 1882 1798 1961 monendamperapos·

147 1975 252 2036 lendi.
265 1975 408 2052 Ideoque
417 1976 631 2038 universitati
642 1977 761 2038 vestrae
771 1980 946 2054 parapos—
999 1977 1099 2038 tolica
1128 1976 1189 2038 tibi
1218 1977 1342 2054 scripta
1375 1977 1591 2052 mandantes,
1618 1981 1795 2058 quatenus,

137 2072 251 2229 5igioa
271 2073 395 2149 scripta
416 2072 624 2142 mandamus,
647 2073 809 2150 quatenus
823 2073 946 2135 vicesi-
1000 2073 1141 2136 consilio
1155 2075 1189 2136 et
1202 2075 1367 2137 voluntati
1379 2076 1508 2138 dilectae
1521 2078 1558 2139 in
1569 2077 1702 2140 Christo
1717 2079 1796 2142 tiliae

204 2186 237 2228 m
267 2169 374 2245 ipsam
404 2169 585 2231 exsolvatis
617 2169 664 2231 ita
699 2169 887 2233 liberaliter
913 2171 946 2232 et
1000 2170 1122 2232 nobilis
1154 2171 1306 2233 mulieris
1348 2173 1527 2237 comitissae
1565 2175 1795 2250 Flandrensis,

148 2265 303 2338 libenter,
319 2266 405 2343 quod
427 2266 468 2327 ob
491 2267 555 2328 boc
579 2267 723 2347 alicujus
739 2267 945 2340 difficultatis
1000 2285 1167 2345 germanae
1177 2271 1254 2341 tuae,
1268 2270 1355 2332 sicut
1363 2271 1454 2332 tuam
1468 2270 1562 2334 decet
1572 2273 1795 2349 prudentiam,

148 2362 328 2425 articulum
356 2364 529 2426 incurrere
555 2381 623 2426 non
651 2366 799 2442 possitis.
826 2368 944 2428 Datum
1000 2369 1227 2445 acquiescens
1244 2368 1379 2429 studeas
1393 2368 1429 2429 in
1453 2369 1606 2434 omnibus
1623 2370 1658 2432 te
1672 2371 1797 2434 habere

149 2461 318 2533 Laterani,
333 2463 424 2522 XVII
440 2461 574 2526 kalend.
592 2462 788 2536 decembris
804 2464 943 2541 pontili-
999 2465 1212 2527 laudabiliter
1235 2466 1268 2527 et
1293 2465 1432 2526 honeste
1456 2481 1516 2542 pro
1541 2468 1577 2529 ut
1601 2470 1795 2544 magnitudo

148 2561 245 2620 catus
262 2558 369 2620 nostri
383 2574 471 2620 anno
491 2560 597 2622 sexto,
999 2563 1064 2638 tuae
1079 2562 1259 2625 voluntatis
1286 2560 1388 2644 [sorte
1408 2561 1606 2646 nobilitatis]
1624 2567 1795 2644 exposcit:

186 2659 231 2718 ln
263 2660 421 2718 cumdem
446 2659 521 2732 sere
546 2661 686 2719 modum
704 2659 872 2733 seraptem
893 2659 945 2721 est
999 2661 1110 2722 sciens
1132 2661 1230 2738 quod,
1247 2659 1277 2721 si
1302 2661 1365 2722 boo
1385 2659 1515 2735 leceris,
1532 2678 1605 2736 nos,
1626 2663 1796 2741 inquibus

146 2769 256 2829 super
272 2757 333 2816 lvoc
347 2757 476 2816 eisdem
490 2757 651 2817 Romaest
665 2757 698 2817 et
712 2757 945 2832 suffragancis
1000 2758 1159 2830 decuerit,
1173 2757 1234 2819 tibi
1247 2757 1397 2819 favorem
1412 2759 1630 2834 apostolicum
1652 2761 1796 2825 libenter

147 2853 233 2923 ejus.
252 2852 333 2911 Cum
355 2852 552 2914 auctoritate
575 2851 725 2914 mandati
744 2853 944 2930 nostrique
999 2843 1032 2916 et
1047 2854 1231 2916 liberaliter
1245 2855 1485 2930 impendemus.
1497 2857 1615 2918 Datum
1624 2859 1793 2930 Laterani,

145 2947 215 3019 tibi,
234 2946 340 3009 frater
356 2948 617 3026 archiepiscope,
635 2949 786 3010 dedimus
798 2951 946 3027 potesta·
999 2951 1151 3012 XVlkal.
1169 2951 1366 3025 decembris,
1383 2967 1471 3013 anno
1486 2954 1592 3016 sexto

143 3045 209 3106 tem
231 3044 374 3107 faciendi
398 3046 433 3106 in
456 3046 514 3107 tua
538 3047 572 3108 et
586 3047 847 3122 Rothomagensi
866 3063 946 3123 pro-

142 3143 281 3216 vinciis,
305 3145 370 3205 tam
388 3143 423 3203 in
441 3143 671 3220 indulgentiis,
695 3145 770 3211 etc„
783 3145 822 3205 ut
836 3159 945 3218 supra

143 3255 255 3316 usquc
270 3239 407 3319 provide
429 3239 564 3312 lactum,
590 3241 788 3303 auctoritate
804 3244 943 3318 aposto·
1342 3191 1448 3278 XXX
1697 3331 1700 3338 Δ

142 3338 208 3400 lica
235 3337 482 3408 confirmamus,
503 3338 536 3399 et
558 3338 717 3416 proesenti
741 3339 856 3416 scripti
884 3355 947 3417 pa·
998 3343 1051 3405 Ad
1078 3343 1312 3418 Godesltdum,
1342 3345 1628 3406 cameracensem
1658 3348 1794 3422 episco-

143 3435 292 3498 trocinio
320 3435 578 3508 communimus,
615 3436 709 3498 salvo
744 3438 945 3513 Apostolicae
1306 3453 1403 3514 pum,
1421 3440 1484 3502 etc.

146 3533 246 3594 Sedis
273 3532 441 3605 mandato,
469 3531 586 3594 dantes
614 3532 676 3594 tibi
699 3533 805 3595 irater
827 3533 944 3595 archi·
1247 3567 1458 3628 „novembris
1467 3569 1547 3628 4221·
1647 3527 1651 3535 ’

143 3631 317 3709 episcope,
341 3629 479 3691 liberam
494 3621 690 3706 potestatem
711 3631 943 3692 contradicto-

145 3744 211 3802 res,
241 3727 348 3805 siqui
370 3726 505 3798 luerint,
529 3727 606 3800 etc,
631 3728 670 3789 ut
698 3744 808 3804 supra
833 3743 944 3804 usque

146 3824 379 3902 compellendi,
408 3822 609 3886 ⁴absolvendi
634 3825 735 3886 etiam
752 3827 851 3903 juxta
873 3825 945 3886 for·
999 3815 1116 3877 blandai
1132 3815 1285 3883 Honorius,
1303 3822 1334 3872 ut
1354 3817 1557 3890 Margarelam,
1577 3819 1696 3874 icaunae
1710 3819 1796 3877 Flau-

146 3911 901 4000 maniecclesiae‚tuaelegationisincendiarios
912 3923 945 3984 et
1034 3902 1145 3962 df⁰¹¹⁸³⁸
1166 3903 1319 3960 ⁰⁰fflffi⁸⁸ffi
1341 3918 1479 3972 ⁸⁰l⁰l0¹¹b
1494 3919 1557 3978 <11¹ae
1573 3913 1687 3978 propter
1704 3905 1794 3965 ⁰⁰hfl·

147 4021 371 4083 violentarum
386 4035 541 4082 manuum
562 4022 739 4083 in·9(‚t0res
773 4022 809 4082 ut
823 4021 872 4082 sic
887 4035 944 4081 eos
1034 3991 1200 4048 bitationern
1218 4005 1284 4048 oum
1304 3989 1467 4048 Buroburdo
1486 3992 1522 4049 de
1541 3993 1794 4053 Avesnisencom·

147 4118 319 4180 efficacius
345 4118 502 4180 inducere
524 4039 649 4181 valejas'
666 4118 708 4180 ad
726 4065 853 4195 n'egoffi
872 4134 945 4179 me*
1034 4080 1235 4138 manicationis
1253 4080 1393 4137 sententia
1414 4079 1549 4138 damnata
1570 4079 1673 4152 luerat,
1695 4085 1791 4144 absol·

148 4216 271 4278 morati
285 4232 490 4287 succursum,
510 4215 572 4278 tibi
590 4215 781 4278 facultatem
797 4215 946 4278 auctori·
1033 4176 1113 4228 vam·

146 4313 218 4375 tate
251 4314 465 4390 praesentium
493 4313 714 4390 indulgemus,
751 4313 872 4376 Daqum
904 4313 944 4375 ut
1038 4285 1399 4364 Honoriusepiscopus,
1412 4300 1528 4348 servus
1539 4303 1711 4350 servorum
1721 4291 1794 4365 Dei,

147 4423 283 4486 supro..
998 4383 1182 4445 venerabili
1206 4383 1302 4445 fratri
1324 4384 1479 4462 episcopo
1500 4387 1745 4460 cameracensi,
1761 4389 1796 4451 et

999 4480 1127 4543 dilectis
1143 4479 1221 4541 tiliis
1245 4478 1357 4542 abbati
1387 4482 1500 4543 Sancti
1517 4483 1657 4544 loannis
1670 4483 1706 4544 in
1731 4487 1796 4547 Va-

484 4578 611 4666 ΧΧῙΧ
998 4577 1145 4640 lencenis
1155 4577 1406 4639 Cameracensis
1414 4579 1568 4640 diaecesis
1582 4581 1796 4644 etarcbidia-

998 4690 1081 4737 cono
1105 4673 1349 4747 cameracensi,
1366 4675 1519 4743 salutem,
1536 4675 1598 4738 etc.

1038 4773 1117 4832 Cum
1128 4769 1368 4851 Blurobardus]
1376 4772 1563 4834 deAvesnis
1571 4773 1715 4834 nobilem
1726 4791 1796 4836 mu-

1108 3689 1244 3756 [Bouquat
1266 3691 1369 3742 Recueil
1384 3691 1430 3742 des
1451 3691 1526 3754 ilisa,
1537 3693 1605 3754 XIX,
1620 3693 1687 3756 aaa]

186 4721 240 4780 Ad
272 4719 525 4796 Mcrqcrciom,
551 4724 697 4782 Joanaoe
720 4723 898 4783 Ftaadrtoe

357 4817 543 4880 ⁰⁰m²ti⁸⁸ae
564 4833 734 4881 ⁸⁰r⁰⁷⁴em
998 4870 1114 4931 lierem
1150 4866 1400 4948 Mlargaretam]
1440 4885 1632 4946 germanam
1666 4869 1796 4935 dilectae

393 4939 426 4996 ¹⁶
440 4939 603 4998 ¹³⁰V⁰fflb¹i⁸
619 4941 699 4999 ¹²²¹·
999 4966 1076 5028 filiae
1097 4965 1219 5027 nobilis
1247 4965 1410 5037 mulieris
1433 4969 1451 5028 J
1457 4963 1598 5045 [oannae]
1616 4968 1795 5032 comitissae

289 5053 804 5124 [suaquet,1aee,aasffin„ffl‚ne,]
998 5063 1213 5125 Flandrensis
1236 5063 1386 5125 detinere
1414 5064 1632 5139 praesumeret
1655 5066 1691 5126 in
1710 5066 1794 5128 sub-

146 5170 361 5243 llargaretam,
388 5168 425 5228 ab
447 5171 746 5228 excommunicatione
765 5169 943 5239 absolutam,
999 5162 1194 5224 diaconatus
1206 5160 1323 5223 ordine
1338 5160 1553 5233 constitutus,
1572 5161 1708 5240 propter
1732 5163 1795 5228 boc

183 5264 283 5314 monet
295 5257 437 5316 Honorius
455 5264 496 5326 ut,
515 5255 669 5332 prudenter
682 5259 817 5330 ueinoeps
838 5258 946 5316 sororis
998 5261 1034 5322 in
1045 5275 1121 5320 eum
1133 5258 1332 5321 sustentate
1354 5257 1468 5319 nostra
1481 5255 1547 5321 luit
1565 5263 1796 5323 excommuni-

184 5359 244 5403 ΕΗΒ
267 5345 394 5403 0⁰1¹⁸i¹fi⁸
417 5347 614 5418 iiluieioessb
635 5345 814 5406 laudabiliter
837 5361 872 5404 ac
890 5345 942 5404 bo·
999 5356 1140 5420 cationis
1160 5355 1326 5418 sententia
1342 5355 1562 5433 promulgata,
1579 5373 1737 5434 expresso
1758 5361 1795 5423 ut
1824 5383 1826 5386 ·

184 5441 266 5492 ¹¹⁰⁸oe
281 5431 440 5492 schabest.
999 5453 1138 5532 praelata
1161 5456 1205 5516 Μ.
1231 5453 1398 5516 sententia
1420 5453 1649 5517 involveretur
1664 5455 1793 5530 eadem,

190 5549 356 5612 Honorius
367 5551 555 5628 episcopus,
565 5568 682 5616 servus
692 5554 942 5624 servorumbci,
1000 5553 1039 5625 si,
1060 5551 1217 5614 facultate
1237 5549 1351 5612 babila
1368 5550 1572 5624 discedendi,
1588 5552 1796 5617 cohabitaret
