4244 6374
329 313 388 372 543

329 483 568 547 cognoscamus
590 469 626 529 in
652 467 809 545 praesenti
830 467 982 540 articula,
1011 481 1120 543 quan-

329 571 399 631 tum
419 568 458 638 de
478 569 534 628 tua
556 567 731 628 devotione
747 579 882 640 sperare
897 565 933 625 in
953 565 1121 641 posterum

330 665 519 736 debeamus,
563 679 668 740 eoque
695 663 853 724 libentius
883 663 940 722 tua
973 661 1121 737 tempore

330 762 514 840 opportuno
525 761 744 822 exaudiamus
755 760 956 836 precamina,
966 775 1030 835 quo
1043 775 1122 820 nos-

329 864 381 922 tra
397 860 644 920 meminerimus
660 859 722 918 ate
738 857 841 918 luisse
855 857 1006 918 devotius
1018 873 1123 917 exau-

330 959 409 1018 dita.
442 958 492 1017 Ne
516 956 625 1016 autem
652 956 827 1016 occasione
854 971 1061 1026 excessuum,
1093 954 1122 1012 si

331 1055 388 1132 qni
407 1055 520 1116 forsan
541 1055 689 1129 ipsarum
704 1053 897 1128 treugarum
918 1053 1067 1130 ternpore
1088 1051 1122 1110 in

330 1151 560 1229 praejudicinm
573 1151 766 1212 alterutrius
782 1150 926 1226 partium
942 1151 1018 1210 snut
1032 1165 1124 1210 com-

330 1249 435 1319 missi,
462 1246 666 1310 disturbetur
690 1247 882 1323 prorogatio
918 1247 1119 1316 earumdem,

329 1361 486 1421 rogamus
502 1346 547 1416 ut,
562 1337 628 1404 ni¹si
643 1346 678 1405 tn
700 1360 739 1406 ac
753 1345 826 1420 ipse
840 1359 902 1404 rex
914 1343 1042 1418 Angliae
1060 1360 1121 1402 su-

329 1457 389 1520 per
411 1442 464 1502 bis
484 1442 661 1503 convenire
687 1442 837 1518 poteritis
859 1457 997 1517 pervus
1020 1442 1119 1517 ipsos,

329 1539 461 1615 eligatis
475 1539 694 1600 communiter
703 1539 834 1615 aliquos
846 1538 949 1598 honos
962 1539 1067 1610 viros,
1081 1539 1122 1599 ad

329 1654 470 1714 quorum
511 1637 686 1698 arbitrium
729 1653 887 1697 excessus
931 1636 1122 1712 hujusmodi

329 1735 546 1795 emendentur
569 1732 628 1814 (1).
655 1735 773 1795 Datum
795 1735 967 1805 Laterani,
994 1737 1023 1793 X
1052 1733 1120 1794 kal.

329 1833 453 1904 martii,
471 1848 559 1895 anno
574 1833 703 1894 octavo.

658 2099 793 2186 CXXX

449 2253 500 2312 Ad
512 2255 551 2311 B.
570 2251 730 2312 comttcin
743 2253 1001 2310 Posoiiteiiscin.

583 2382 616 2439 2Ι
636 2379 769 2438 februarii
790 2381 868 2437 Ι22Ι.

494 2506 586 2570 [Fejer,
600 2505 660 2558 God.
676 2504 792 2569 diplom,
804 2505 846 2563 ΙΙΙ,
859 2505 878 2562 Ι,
892 2503 959 2568 tau]

331 2631 427 2692 blonet
450 2647 515 2688 euni
537 2637 569 2687 ut
585 2630 613 2686 in
638 2629 694 2687 ilde
715 2636 743 2686 et
761 2629 913 2685 devotione
940 2629 1015 2687 Betae
1046 2629 1123 2702 regis

571 2719 703 2792 persistat
718 2717 880 2775 immobilis.

370 2843 547 2914 Honorino,
573 2857 689 2902 servus
719 2856 890 2901 servorum
912 2841 983 2912 Dei,
1003 2841 1122 2902 dilecto

330 2941 399 3002 filio
419 2941 531 3002 comiti
552 2939 759 3009 Posoniensi,
782 2939 922 2999 salutem
936 2939 968 2999 et
981 2941 1124 3014 Aposto-

330 3039 429 3100 licam
444 3037 717 3098 benedictionem.

370 3137 416 3196 Eo
439 3135 514 3194 ndei
538 3135 602 3194 tuac
627 3134 813 3194 constantia
828 3133 934 3208 magis
950 3132 1122 3208 splendere

330 3231 535 3308 dignoscitur
569 3245 632 3306 quo
665 3230 700 3289 in
735 3233 860 3306 majore
893 3229 1058 3291 carissimi
1088 3232 1122 3292 in

330 3329 460 3391 Christo
483 3328 595 3389 fratris
614 3327 720 3387 nostri
738 3329 773 3386 B.
788 3327 888 3402 regis,
911 3327 1122 3403 primogeniti

330 3425 495 3489 carissimi
524 3425 559 3484 in
584 3423 714 3484 Christo
748 3423 861 3484 fratris
894 3425 999 3484 nostri
1033 3426 1121 3500 regis

367 3583 407 3658 (l)
428 3584 499 3652 Quid
523 3582 558 3639 ad
578 3583 694 3638 llonorii
715 3589 839 3638 montein
860 3581 945 3638 etiarn
966 3584 1058 3655 egerit
1072 3599 1122 3639 rex

331 3657 480 3723 chrlcus,
496 3654 632 3710 discimus
646 3667 681 3708 ex
696 3652 824 3724 ejusdem
845 3652 945 3709 littoris
964 3669 1035 3725 quas
1054 3655 1122 3711 reci·

330 3735 371 3784 tat
384 3729 414 3784 F.
433 3728 547 3799 llymer,
557 3732 576 3780 t.
589 3727 611 3791 l,
629 3731 699 3795 part.
714 3739 733 3791 t,
747 3739 774 3794 p.
787 3724 840 3779 9οε

368 3800 450 3854 «ilex
464 3795 673 3852 constabulario
689 3793 838 3861 llovrensi,
855 3793 984 3850 salutem.
1002 3794 1118 3852 Manda-

330 3884 394 3926 mus
408 3865 457 3924 tibi
473 3867 547 3938 quod
561 3865 716 3922 denuncIes
728 3865 880 3920 baronibus
891 3865 1122 3937 nostrisdequin·

330 3955 384 4011 que
404 3939 530 4011 portibus
555 3943 584 3994 et
612 3935 816 3992 mercatoribus
837 3943 919 3991 terrae
941 3944 1054 4002 nostrae,
1070 3936 1121 3992 ire·

328 4009 479 4082 quentibus
503 4010 575 4064 inter
603 4008 691 4078 ipsos,
708 4012 736 4062 ut
751 4021 782 4062 so
809 4007 885 4078 ipsos
908 4005 1064 4063 certificent
1092 4008 1119 4063 in

330 4080 431 4154 quibus
446 4087 473 4135 et
492 4079 521 4134 in
537 4079 650 4150 quantis
669 4084 698 4131 et
720 4091 770 4147 pai·
789 4091 861 4147 quos
880 4075 915 4132 de
935 4092 1019 4148 posse
1044 4079 1121 4150 regis

330 4152 457 4210 Franclae
476 4148 650 4206 damnificati
668 4145 771 4204 luerint
786 4153 883 4203 contra
902 4146 976 4204 hanc
993 4149 1120 4205 ultiinain

328 4230 460 4303 treugam
484 4228 604 4291 quatuor
624 4231 774 4284 annorum,
791 4225 908 4288 captam
928 4219 1000 4274 inter
1020 4234 1072 4276 nos
1093 4227 1121 4276 et

329 4293 488 4362 Philippum
503 4288 646 4361 quondoin
662 4302 760 4359 regern
778 4289 914 4355 Francia,
928 4304 991 4359 quae
1012 4290 1121 4346 scilicet

329 4371 430 4433 treuga
448 4359 579 4416 duratura
598 4365 641 4414 est
659 4357 797 4428 usquead
818 4358 928 4416 instans
945 4361 1074 4430 Pascha3
1094 4367 1121 4417 et

330 4432 497 4506 provideant
512 4431 566 4501 ipsi
581 4429 703 4486 barones
717 4435 744 4484 et
762 4437 945 4497 mercatores,
962 4437 993 4486 ut
1004 4430 1040 4486 de
1056 4446 1118 4487 oin·

328 4503 412 4560 nibus
427 4501 568 4574 praedictis
583 4501 674 4556 sciant
690 4499 847 4556 certificare
863 4501 982 4558 nuncios
997 4509 1119 4570 nostros,

329 4590 401 4647 quos
427 4572 575 4628 mittemus
605 4568 680 4642 apud
703 4571 731 4626 S.
755 4569 888 4638 ademar,
912 4572 941 4626 in
970 4587 1119 4628 occursum

327 4645 496 4703 nunciorum
525 4643 603 4714 regis
627 4641 753 4697 Francia
773 4641 808 4697 ad
827 4641 1000 4698 dominicam
1024 4644 1119 4712 proxi·

327 4729 405 4774 mam
421 4723 486 4772 aute
500 4712 609 4770 Pascha
625 4711 768 4778 floridum,
783 4727 833 4784 pro
847 4712 949 4768 talibus
964 4710 1121 4784 interprisis

327 4787 516 4844 communiter
540 4781 737 4848 emendandis,
756 4791 785 4839 et
804 4783 878 4854 quod
901 4791 999 4838 contra
1022 4785 1118 4840 termi-

326 4873 394 4915 num
415 4857 493 4912 illurn
521 4854 701 4927 probationes
721 4867 789 4908 suas
809 4860 922 4924 parntes
942 4852 1075 4920 habeant,
1092 4863 1121 4912 et

326 4929 366 4986 illi
386 4927 507 5000 prompti
527 4927 584 4982 sint
598 4923 634 4980 ad
653 4922 882 4996 prosequendum
899 4931 927 4979 et
942 4924 1118 4994 responden·

326 4999 393 5057 duin
410 4999 472 5056 aliis
491 4996 527 5052 do
551 5009 641 5067 reguo
664 4994 800 5060 Francia,
817 4995 839 5049 si
858 5009 929 5064 quos
949 4993 1120 5052 clicndorint

325 5078 422 5127 contra
441 5077 571 5139 treugam
588 5064 760 5136 praedictam.
775 5065 858 5120 l'este
876 5065 908 5119 Ε.
928 5063 1119 5123 Londoniensi

324 5135 855 5268 gpis‘ccbpuepudWcstmonasterium
866 5135 1001 5190 vicesimo
1017 5145 1119 5207 quarto

346 5226 371 5267 ie
396 5227 411 5266 e
434 5225 556 5266 inani.»
1093 5221 1100 5247 ι

359 5283 462 5338 Eodem
482 5280 560 5336 ruodo
576 5275 713 5334 scribitur
728 5274 826 5346 mojori
852 5282 880 5331 et
902 5275 1118 5335 vicecomitibus

324 5350 464 5418 london,
483 5357 550 5417 etc,
566 5347 622 5403 hoc
641 5353 749 5402 mutato
769 5344 843 5417 quod
858 5345 1033 5403 certificandi
1053 5356 1119 5405 sunt

324 5423 420 5480 nuncil
435 5421 543 5478 domini
563 5419 650 5499 regis,
666 5432 737 5498 quos
759 5417 851 5473 mittet
865 5419 893 5472 in
908 5416 1043 5474 marchiis
1056 5421 1118 5476 Pic-

324 5495 407 5553 taviae
420 5501 448 5550 et
462 5491 649 5560 Andegivia,
662 5502 737 5542 circa
751 5487 861 5543 iiistans
873 5487 992 5545 Pascha.

360 5568 438 5630 ltciii,
456 5562 565 5618 itidem.
582 5580 592 5606 «
610 5560 668 5614 ltex
680 5557 812 5613 oinnibus
825 5557 860 5614 nd
871 5574 942 5630 quos
963 5568 1118 5630 praesentes

325 5636 424 5692 litterae
449 5629 639 5704 pervenerint,
661 5628 792 5684 salutem.
819 5629 961 5686 Noveritis
981 5645 1033 5687 nos
1053 5646 1117 5687 con·

944 307 1120 368 HONORII
1142 307 1187 366 ΙΙΙ
1209 308 1357 368 OPERA.

1914 310 1974 371 544

1176 467 1357 542 Hungariae
1377 465 1517 528 illustris
1540 465 1753 540 adversitate,
1769 469 1805 528 iu
1820 483 1884 544 qua
1901 470 1974 531 sola

1176 562 1409 639 comprobatur
1426 564 1570 637 dilecti0,
1593 581 1651 640 pro
1667 557 1744 642 ipso
1764 565 1928 642 intrepide
1940 569 1975 628 et

1177 662 1350 736 pecuniam
1367 663 1399 721 et
1421 677 1475 722 res
1496 665 1570 723 tuas
1592 663 1776 738 exposuisti
1801 664 1971 739 periculis,

1177 759 1208 819 ei
1230 758 1429 819 adhaerendo
1451 759 1604 832 fideliter,
1626 761 1658 820 et
1677 760 1830 821 habendo
1851 762 1970 838 ipsius,

1178 856 1212 915 ut
1227 856 1351 916 domini
1367 857 1415 918 tui
1434 857 1628 928 custodiam,
1646 859 1679 918 et
1701 873 1814 918 curam
1829 859 1861 919 et
1878 859 1975 919 solli-

1177 953 1358 1014 citudinem
1383 955 1580 1016 exercendo.
1603 955 1685 1026 Quia
1701 971 1780 1016 vero
1800 972 1867 1016 non
1887 957 1974 1016 inci-

1178 1050 1343 1126 pientibus
1366 1052 1422 1111 sed
1445 1052 1734 1127 perseverantibus
1761 1068 1885 1113 corona
1914 1053 1975 1113 de-

1177 1142 1282 1216 betur,
1321 1144 1526 1206 nobilitatem
1561 1146 1651 1206 tuam
1688 1162 1876 1218 monemus,
1913 1161 1973 1224 per

1177 1241 1365 1316 apostolica
1408 1242 1531 1317 scripta
1569 1243 1764 1304 mandantes
1801 1245 1970 1316 attentius,

1178 1339 1340 1414 quatenus
1358 1339 1393 1398 in
1411 1339 1475 1399 tide
1489 1341 1522 1400 et
1534 1340 1709 1401 devotione
1730 1339 1834 1416 ipsius
1846 1341 1974 1417 persis-

1177 1437 1250 1496 tens
1265 1434 1455 1508 immobilis,
1474 1437 1580 1512 magis
1595 1453 1634 1498 ac
1650 1437 1756 1512 magis
1771 1438 1811 1498 ad
1826 1441 1897 1515 ejus
1910 1455 1972 1500 ac-

1178 1533 1331 1594 cendaris
1356 1533 1528 1594 servitium
1552 1537 1585 1596 et
1610 1533 1791 1608 honorem;
1813 1535 1866 1595 his
1883 1536 1974 1598 enim

1178 1631 1336 1691 Dominus
1352 1625 1450 1692 finem
1464 1632 1565 1702 dabit,
1579 1632 1658 1693 etin
1675 1647 1829 1693 serenum
1842 1633 1973 1694 tandem

1178 1727 1328 1788 nubilum
1343 1730 1565 1790 convertetur.
1576 1731 1693 1790 Datum
1705 1731 1873 1800 Laterani,
1884 1747 1973 1792 nono

1180 1825 1340 1886 kalendas
1355 1827 1476 1898 martii,
1492 1842 1579 1887 anno
1595 1827 1723 1888 octavo.

1498 2114 1653 2199 dxxxi

1278 2257 1329 2316 Ad
1344 2257 1519 2316 andream
1534 2269 1653 2332 repom
1666 2259 1872 2332 Hiingort'oe.

1437 2387 1469 2444 2Ι
1484 2385 1616 2444 februarii
1632 2387 1711 2444 Ι22Ι.

1348 2512 1439 2575 [Fajen
1453 2513 1512 2561 dod.
1525 2511 1642 2576 diplom,
1657 2513 1700 2570 ΙΙΙ,
1710 2527 1728 2570 1,
1741 2511 1807 2574 Ι30.]

1179 2636 1320 2693 Honorius
1341 2636 1435 2692 Buzad
1457 2636 1602 2704 comitem,
1625 2637 1752 2708 aliosque
1774 2637 1859 2705 Balsa,
1882 2645 1973 2708 patria

1213 2723 1571 2792 extorris,sociosilndrerc
1579 2723 1734 2797 reginald
1745 2731 1857 2797 propter
1866 2724 1973 2782 damna

1214 2813 1367 2885 patiantur,
1383 2812 1575 2871 commendat.

1219 2941 1397 3010 Honorius,
1416 2939 1538 3000 illustri
1554 2939 1625 3014 regi
1641 2939 1834 3015 Hungariae.

1219 3039 1324 3109 Quum
1345 3036 1467 3097 nobilis
1485 3037 1538 3097 vir
1558 3039 1595 3097 B.
1612 3052 1722 3098 comes
1742 3037 1782 3098 de
1802 3039 1922 3110 Poson,
1941 3039 1975 3098 et

1179 3135 1313 3211 quidam
1335 3135 1394 3194 alii
1416 3151 1491 3195 cum
1511 3135 1686 3195 carissimo
1702 3135 1736 3194 in
1753 3134 1883 3196 Christo
1903 3134 1974 3195 lilio

1179 3233 1292 3294 nostro
1304 3235 1340 3292 B.
1353 3249 1442 3307 rege,
1458 3233 1677 3309 primogenito
1692 3233 1750 3294 tuo
1760 3233 1794 3292 in
1807 3235 1897 3293 terra
1911 3248 1976 3294 no-

1177 3329 1254 3390 bilis
1270 3330 1345 3401 viri,
1367 3329 1461 3390 ducis
1477 3329 1619 3391 Austriae
1639 3346 1698 3406 pro
1714 3332 1785 3407 ejus
1801 3329 1927 3391 honore
1941 3331 1976 3392 et

1178 3425 1327 3487 custodia
1349 3427 1604 3498 commorentur,
1623 3441 1724 3500 grave
1745 3427 1843 3487 nimis
1865 3427 1897 3487 et
1919 3426 1977 3487 in-

1177 3585 1298 3641 cessisse
1324 3592 1353 3642 et
1374 3585 1492 3641 tirmiter
1517 3591 1690 3651 arescusae,
1714 3583 1788 3654 quod
1813 3598 1847 3640 ea
1874 3587 1975 3642 omnia

1176 3669 1240 3726 quaa
1253 3663 1374 3727 quatuor
1390 3657 1532 3722 attornati,
1556 3655 1612 3712 duo
1630 3654 1759 3711 videlicet
1772 3669 1806 3709 ex
1822 3663 1904 3725 parte
1919 3656 1974 3712 do·

1177 3727 1246 3781 mini
1262 3727 1339 3798 regis
1355 3728 1538 3794 Francorum,
1551 3733 1579 3782 et
1591 3725 1647 3781 duo
1662 3739 1697 3780 ex
1712 3731 1792 3795 pai-te
1808 3732 1915 3794 nostra,
1927 3727 1976 3783 vel

1176 3804 1233 3853 tres
1248 3811 1356 3863 eorum,
1375 3811 1424 3868 per
1442 3802 1651 3852 sacramentum
1670 3810 1752 3851 suurn
1768 3796 1890 3852 dixerint
1906 3811 1973 3868 per-

1176 3867 1312 3924 solvenda
1327 3883 1413 3938 super
1427 3867 1540 3933 debitis,
1555 3865 1668 3922 damnis
1682 3875 1711 3924 ct
1723 3865 1877 3948 deperditis
1894 3881 1972 3923 nier-

1176 3946 1302 3994 catorum
1319 3946 1346 3994 et
1364 3938 1482 3994 aliorum
1502 3936 1650 3993 hominum
1665 3937 1773 3993 domini
1787 3939 1866 4008 regis
1881 3939 1972 3994 Fran·

1175 4007 1382 4077 accuminatis
1402 4007 1473 4064 inira
1495 4006 1570 4063 hanc
1589 4007 1718 4063 ultimam
1739 4015 1881 4079 betigam,
1897 4007 1974 4066 bona

1176 4078 1231 4135 fide
1246 4081 1275 4135 in
1295 4080 1353 4134 inte
1376 4093 1438 4136 ruin
1458 4079 1667 4150 persolvemus3
1693 4085 1720 4135 et
1744 4079 1767 4134 si
1792 4093 1849 4134 non
1872 4087 1974 4149 potue-

1175 4151 1231 4206 rint
1253 4095 1420 4207 conniXaii
1440 4149 1493 4220 ipsi
1513 4157 1633 4220 quatuor
1650 4150 1694 4206 vel
1715 4156 1774 4206 tres
1795 4150 1897 4216 exeis,
1921 4164 1974 4221 pei·

1176 4228 1386 4278 sacramentum
1402 4235 1484 4276 suum
1499 4220 1607 4291 eligent
1620 4221 1748 4291 quintum
1760 4219 1825 4276 dicti
1836 4227 1969 4292 quatuor,

1176 4299 1203 4348 et
1218 4291 1292 4362 quod
1308 4291 1354 4346 ille
1370 4292 1484 4362 quintus
1503 4305 1567 4347 cuin
1588 4288 1698 4346 dnobus
1720 4291 1831 4346 illorum
1851 4299 1974 4361 quatuor

1175 4361 1211 4418 de
1229 4361 1372 4444 predictis
1390 4360 1512 4416 dixerint
1531 4360 1760 4432 persolvendum,
1781 4361 1909 4432 plenarie
1929 4362 1971 4417 si·

1176 4433 1278 4490 militer
1312 4433 1497 4488 ersolvemus.
1514 4433 1546 4488 ln
1561 4430 1642 4502 cujns
1655 4431 1719 4492 lide,
1736 4439 1790 4488 etc.
1803 4433 1886 4488 Teste
1900 4446 1931 4487 re
1954 4447 1973 4488 e

1176 4503 1249 4575 apud
1296 4503 1587 4559 ''estinonasterium
1621 4501 1757 4557 vicesimo
1792 4502 1891 4572 quinto
1943 4518 1972 4558 ie

1175 4574 1372 4640 manileubo
1399 4573 1480 4644 regni
1507 4577 1619 4638 octavo,
1643 4586 1740 4628 corani
1760 4571 1876 4628 domino
1895 4573 1970 4629 Cau·

1176 4643 1311 4702 tuariensi
1338 4643 1553 4713 archiepiscopo
1578 4639 1703 4700 Huberto
1717 4642 1753 4700 de
1773 4644 1867 4714 Burgo
1884 4642 1969 4714 justi·

1175 4715 1277 4784 clario,
1312 4721 1340 4770 ct
1375 4713 1559 4770 bathoniensi
1587 4718 1616 4769 et
1648 4713 1858 4771 seresberiensi
1892 4713 1968 4785 cpis-

1175 4787 1294 4858 copis.»

1210 4857 1287 4923 tiam,
1305 4855 1415 4922 ididan,
1445 4870 1472 4926 p.
1489 4853 1534 4912 92.
1556 4875 1566 4903 ι
1587 4854 1709 4910 Domino
1723 4869 1786 4922 suo,
1809 4853 1924 4926 quando
1942 4855 1971 4910 ei

1175 4927 1326 4998 placuerit,
1359 4925 1519 4994 Ludovlco,
1552 4927 1603 4982 Dei
1635 4925 1742 4997 gratia,
1774 4925 1875 4981 illustri
1907 4927 1970 4997 regi

1175 4999 1359 5063 Francorum,
1383 4997 1524 5052 lleniicus
1550 4995 1650 5052 eadem
1674 4995 1766 5076 gratia
1792 5010 1842 5050 rex
1865 4995 1971 5067 hoglo-

1176 5083 1247 5135 rum,
1265 5069 1384 5126 salutern
1400 5074 1428 5123 et
1443 5066 1634 5123 dilectionem.
1651 5065 1788 5122 Mittimus
1803 5065 1838 5122 ad
1854 5081 1906 5121 vos
1923 5065 1967 5120 di·

1173 5139 1263 5195 lectos
1283 5138 1364 5194 nobis
1387 5137 1415 5193 in
1437 5137 1558 5204 Christo,
1575 5137 1689 5192 fratrem
1714 5136 1837 5192 ilianum
1856 5137 1967 5204 Marcel,

1175 5225 1219 5266 ma
1244 5210 1345 5265 istrum
1360 5209 1468 5264 militiae
1487 5207 1596 5279 Templi
1614 5207 1642 5261 ln
1660 5206 1775 5277 Augila,
1797 5213 1825 5262 et
1845 5207 1970 5278 priorem

1174 5279 1209 5336 de
1223 5225 1348 5336 Xenton.
1369 5287 1397 5335 et
1421 5280 1589 5350 magistrum
1613 5277 1647 5331 ll.
1668 5277 1869 5332 caticellarium
1891 5277 1967 5332 Lon·

1174 5349 1353 5412 donienscm.
1370 5347 1471 5421 quibus
1486 5347 1570 5404 tidem
1583 5347 1691 5404 habere
1706 5347 1799 5404 velitis
1817 5361 1903 5418 super
1923 5346 1970 5404 his

1174 5437 1236 5492 quae
1249 5421 1330 5478 vohis
1346 5420 1468 5477 dixerint
1487 5433 1521 5474 ex
1538 5425 1617 5490 parte
1639 5425 1746 5485 nostra,
1757 5417 1793 5474 de
1805 5416 1915 5543 treugis
1929 5419 1971 5474 in·

1174 5500 1215 5548 ter
1239 5508 1290 5548 vos
1312 5497 1340 5548 et
1364 5506 1417 5546 nos
1441 5488 1629 5562 prorogandis
1648 5503 1682 5544 us
1704 5503 1739 5544 ue
1758 5487 1793 5550 ad
1833 5503 1868 5544 ua
1891 5488 1966 5544 rieu-

1173 5563 1294 5628 nium‚a
1319 5560 1428 5618 Pascha
1445 5573 1520 5615 anno
1539 5561 1640 5632 gratias
1661 5501 1847 5640 MXCXXltJ:
1864 5558 1969 5640 ¹scituri

1172 5632 1358 5704 quadratum
1383 5638 1411 5688 et
1432 5638 1545 5702 gratuin
1569 5629 1738 5686 habebimus
1756 5627 1890 5700 quicquid
1913 5629 1969 5700 ipsi
