4274 6388
160 345 222 424 aas

162 503 294 566 Sanctae
324 503 440 566 Mariae
461 502 742 566 'theutonicorum
755 503 952 582 Hierosoly-

160 601 295 672 mitani,
321 601 461 662 salutem
489 602 522 662 et
541 601 764 677 Apostolicam
791 600 952 663 benedic-

161 699 298 760 tionem.

202 796 356 857 Graviter
366 795 479 856 oculos
505 795 627 856 divinae
648 797 831 873 majestatis
845 795 954 858 offen-

161 891 243 953 dunt
258 893 290 954 et
304 892 530 954 thesaurizant
544 891 607 952 sibi
620 892 704 954 iram
720 893 756 954 in
770 894 824 955 die
834 893 954 970 judicii
984 921 985 954 ς

157 989 241 1067 Justi
252 990 322 1060 Dei,
335 988 391 1065 qui
400 988 573 1064 religionis
586 989 735 1052 habitum
748 990 954 1051 assumentes

161 1088 195 1147 et
209 1085 405 1162 incipientes
422 1087 562 1148 Domino
585 1087 740 1147 famulari
762 1087 803 1148 ad
818 1085 954 1164 AEgypti

161 1182 299 1243 delicias
317 1181 493 1245 derelictas
518 1183 696 1246 inhiantet
722 1199 878 1260 pepones,
895 1182 955 1244 ab-

157 1279 404 1357 jectoquejugo
427 1280 557 1341 Domini
581 1279 797 1343 saecularibus
812 1280 954 1356 negotiis

162 1392 199 1437 se
220 1375 408 1438 immiscent
428 1377 460 1438 et
477 1377 594 1439 illicita
610 1377 837 1445 mercimonia,
853 1377 954 1438 immo

162 1473 354 1535 detestanda
368 1471 586 1535 contubernia
597 1475 795 1536 contrahere
810 1490 876 1535 non
891 1473 956 1535 for-

161 1569 299 1633 midant.
320 1570 476 1649 Plerique
502 1570 614 1643 etiam,
638 1572 695 1648 qui
720 1574 788 1633 Deo
809 1571 847 1632 in
870 1571 955 1632 dctis

161 1667 317 1744 operibus
346 1668 551 1729 mentiuntur
584 1667 721 1730 obtentu
751 1667 846 1729 salsae
874 1668 956 1729 reli-

161 1763 283 1840 gionis,
311 1780 410 1842 quam
436 1765 546 1842 potius
574 1765 690 1826 volunt
715 1765 830 1841 fugere
857 1780 955 1841 quam

161 1861 302 1934 mutare,
319 1877 386 1923 non
400 1849 503 1939 petita
518 1861 668 1938 magistri
683 1861 736 1922 sui
752 1861 888 1924 licentia
902 1862 955 1922 vel

162 1957 307 2030 obtenta,
322 1974 358 2019 se
368 1958 410 2020 ad
423 1957 527 2019 alium
539 1958 713 2034 religionis
723 1957 832 2019 locum
842 1958 956 2020 trans-

162 2055 284 2126 ferunt,
302 2070 368 2117 non
381 2055 603 2127 advertentes,
620 2055 706 2132 quod
719 2057 807 2116 Deus
818 2071 883 2116 non
898 2053 957 2117 ial-

161 2151 243 2212 litur
265 2167 327 2213 nec
352 2151 534 2212 altissimus
561 2149 729 2212 irridetur.
758 2151 828 2212 Nos
852 2151 957 2226 igitur

162 2248 330 2325 superbis
344 2247 494 2310 volentes
509 2249 645 2325 speciali
661 2248 803 2326 quadarn
823 2248 955 2326 sollici-

161 2345 277 2407 tudine
308 2345 495 2422 providere,
520 2345 717 2407 auctoritate
741 2345 956 2422 praesentium

163 2441 364 2514 inhibemus
378 2457 421 2503 ne
441 2441 527 2518 quis,
542 2442 616 2519 post
639 2443 880 2519 professionem
896 2458 956 2503 or-

163 2538 251 2599 dinis
263 2539 367 2600 vestri
381 2537 474 2600 vobis
489 2539 691 2614 regulariter
701 2547 703 2552 “
713 2539 835 2601 iactam
856 2537 957 2599 habi-

162 2636 298 2712 tumque
319 2636 499 2712 receptum,
516 2636 557 2697 ad
582 2637 741 2697 saeculum
767 2637 820 2698 vel
842 2636 957 2696 mundi

164 2729 317 2790 militiam
341 2730 399 2790 aut
427 2730 605 2791 saeculares
629 2730 763 2806 nuptias
787 2730 956 2791 licentiam

162 2825 285 2888 habeat
305 2826 513 2889 transeundi.
530 2827 650 2888 Nullus
675 2842 804 2905 quoque
818 2828 956 2904 majoris

163 2924 217 2984 vel
228 2923 366 2984 minoris
376 2923 551 2999 religionis
566 2923 700 2986 obtentu
716 2925 790 2985 sine
805 2923 957 2999 magistri

164 3019 217 3079 sui
243 3019 379 3080 lieentia
405 3020 586 3095 praesumat
607 3020 650 3080 ad
677 3020 780 3081 alium
806 3021 957 3081 ordinem

163 3115 380 3177 transvolare.
400 3115 492 3176 Nulli
518 3131 598 3191 ergo
627 3117 761 3177 omnino
785 3117 957 3198 hominnm

163 3212 265 3273 liceat
290 3212 377 3272 hanc
403 3211 559 3288 paginam
596 3214 720 3274 nostrae
748 3211 958 3274 inhibitionis

163 3309 359 3384 infringere,
375 3308 429 3369 vel
443 3308 475 3370 ei
488 3325 572 3369 ausu
585 3310 763 3370 temerario
778 3310 954 3372 contraire.

165 3406 202 3468 Si
217 3405 291 3480 quis
306 3406 417 3464 autem
432 3405 495 3466 hoc
514 3406 677 3468 attentare
692 3409 955 3484 praesumpserit,

164 3501 429 3576 indignationem
453 3502 689 3580 omnipotentis
709 3505 767 3565 Dei
796 3505 829 3566 et
843 3505 959 3567 beato-

164 3613 239 3660 rum
271 3597 362 3658 Petri
388 3599 421 3660 et
454 3599 552 3659 Pauli
575 3601 799 3675 apostolorum
826 3605 897 3678 ejus
922 3617 957 3662 se
990 3673 992 3678 ,

163 3693 296 3755 noverit
309 3695 534 3756 incursurum.
558 3698 676 3757 Datum
695 3697 863 3770 Laterani,
887 3697 955 3759 hal.

165 3789 336 3864 iebruarii,
350 3791 561 3868 pontificatus
585 3793 690 3855 nostri
704 3809 791 3855 anno
805 3795 954 3872 septimo.

778 343 1008 410 hal-should.
1030 346 1109 408 LIB.
1131 345 1202 406 VII.

1737 341 1798 404 290

1006 502 1115 566 torum
1149 501 1308 564 offensam
1337 500 1485 565 divinam
1512 501 1651 578 mitigat,
1682 499 1797 562 datin

1007 599 1163 678 praesenti
1173 599 1313 674 gratiam
1325 599 1358 660 et
1376 598 1491 674 adjicit
1505 598 1647 674 gloriam
1662 598 1697 658 in
1708 597 1800 660 iutu-

1007 713 1057 760 ro.
1070 700 1144 773 Ipsa
1160 697 1247 759 enim
1261 696 1411 772 dispersa
1420 694 1660 771 multiplicatur
1667 695 1700 756 et
1713 710 1800 756 cres·

1008 794 1062 866 cit,
1076 795 1108 856 et
1117 794 1262 871 reposita
1278 793 1311 853 in
1325 808 1442 852 manus
1456 807 1637 868 pauperum
1648 793 1799 854 coelestes
1917 856 1919 866 ,

1008 891 1200 966 congeritur
1222 891 1258 950 in
1272 889 1458 962 thesauros,
1475 888 1555 964 quin
1574 888 1694 964 potius,
1713 888 1800 966 quod

1008 988 1067 1050 uni
1088 1003 1132 1048 ex
1155 986 1302 1048 minimis
1319 985 1441 1047 iactum
1465 983 1567 1048 suerit
1584 985 1625 1046 de
1644 985 1800 1061 operibus

1008 1084 1174 1155 caritatis,
1204 1083 1269 1160 ipsi
1295 1083 1433 1144 Domino
1464 1082 1587 1144 iactum
1619 1083 1802 1146 secundum

1007 1180 1159 1242 veritatis
1167 1180 1334 1256 eloquium
1341 1178 1543 1256 perhibetur.
1552 1179 1626 1239 Non
1634 1179 1803 1240 estautem

1008 1275 1122 1348 alicui,
1146 1277 1233 1338 sicut
1253 1275 1466 1344 arbitramur,
1482 1275 1698 1350 incognitum,
1716 1275 1806 1352 quod

1010 1374 1121 1436 dilecti
1134 1373 1207 1446 filii,
1218 1373 1336 1435 iratres
1347 1372 1531 1449 Hospitalis
1543 1373 1673 1434 Sanctae
1686 1373 1803 1434 Mariae

1010 1471 1290 1533 theutonicorum
1318 1469 1624 1546 Hierosolymitani,
1655 1471 1712 1548 qui
1741 1487 1803 1533 sua

1010 1567 1804 1648 omnia,immoetseipsossuperimpenduntser·

1009 1665 1802 1742 vitioJesuChristi,sicintentisuntcireaopera

1010 1762 1171 1834 caritatis,
1200 1761 1390 1839 specialiter
1412 1760 1454 1822 ad
1478 1761 1704 1828 defensionem
1726 1762 1804 1834 fidei

1011 1859 1220 1932 Christianae,
1231 1858 1426 1920 aemulantes
1441 1858 1681 1934 quodammodo
1694 1860 1803 1922 zelum

1010 1956 1192 2028 Mathatiae,
1209 1971 1311 2032 quum
1334 1953 1463 2016 videret
1476 1956 1592 2017 sancta
1606 1955 1739 2017 Domini
1760 1955 1802 2018 ab

1011 2051 1337 2114 exterisnationibus
1352 2052 1568 2128 prophanari,
1585 2053 1642 2128 qui
1654 2053 1758 2114 vitam
1768 2053 1804 2114 in

1011 2149 1172 2226 patientia
1197 2149 1342 2212 tolerant
1364 2149 1397 2211 et
1417 2149 1453 2210 in
1477 2147 1643 2212 desiderio
1665 2152 1805 2213 mortem

1011 2245 1144 2319 habent,
1160 2245 1256 2308 bonis
1276 2247 1388 2308 tamen
1410 2244 1599 2308 coelestibus
1622 2246 1803 2310 inhiantes.

1011 2345 1116 2416 Quum
1145 2343 1248 2420 igitur
1275 2342 1355 2405 dicti
1382 2342 1515 2416 iratres,
1544 2344 1601 2420 qui
1629 2343 1806 2408 effundunt

1011 2456 1091 2517 opes
1107 2440 1139 2502 et
1153 2440 1289 2502 tradunt
1301 2455 1441 2517 corpora
1456 2456 1515 2517 pro
1528 2441 1599 2502 zelo
1608 2440 1684 2502 fidei
1695 2441 1806 2503 chris-

1011 2537 1122 2609 tianae,
1140 2537 1180 2598 ad
1196 2535 1425 2614 eleemosynas
1447 2552 1513 2598 non
1535 2537 1703 2600 sufficiant
1718 2554 1804 2600 con-

1011 2635 1133 2706 suetas,
1150 2634 1216 2694 nisi
1237 2633 1384 2695 fidelium
1400 2633 1570 2710 suffragiis
1594 2632 1803 2712 adjuventur,

1011 2731 1263 2794 universitatem
1279 2732 1424 2793 vestram
1446 2731 1627 2806 rogandam
1647 2733 1806 2793 duximus

1011 2829 1044 2891 et
1065 2827 1262 2890 monendam
1280 2827 1564 2888 inremissionem
1584 2828 1678 2890 vobis
1691 2845 1807 2906 pecca-

1011 2925 1137 2986 minum
1151 2923 1373 3000 injungentes,
1390 2926 1564 3000 quatenus,
1588 2940 1689 3001 quum
1702 2925 1804 2988 iidem

1012 3021 1131 3084 iratres
1152 3021 1206 3082 vel
1229 3035 1344 3082 eorum
1369 3021 1479 3082 nuntii
1503 3020 1545 3081 ad
1565 3037 1637 3082 vos
1652 3022 1806 3085 venerint

1013 3119 1240 3195 eleemosynas
1255 3117 1388 3194 petituri
1404 3132 1464 3193 pro
1475 3117 1716 3179 sustentatione
1726 3135 1806 3196 pau-

1012 3230 1127 3292 perum
1139 3231 1178 3276 ac
1192 3216 1303 3276 Terrae
1320 3215 1449 3275 Sanctae
1462 3230 1633 3289 succursu,
1650 3216 1744 3292 grata
1756 3217 1805 3277 eis

1012 3311 1159 3374 subsidia
1184 3311 1374 3384 conseratis,
1404 3312 1452 3372 ita
1468 3311 1553 3390 quod
1589 3328 1649 3390 per
1673 3313 1745 3374 haec
1772 3313 1805 3374 et

1011 3408 1079 3471 alia
1093 3409 1226 3486 pietatis
1241 3423 1354 3485 opera,
1371 3424 1444 3485 quae
1464 3409 1603 3471 Domino
1618 3409 1804 3486 inspirante

1012 3506 1168 3578 feceritis,
1192 3505 1374 3582 proficiatis
1395 3505 1491 3566 bonis
1514 3507 1753 3583 temporalibus
1772 3507 1805 3569 et

1012 3602 1107 3664 donis
1134 3618 1200 3664 non
1231 3601 1457 3664 destituamini
1482 3603 1703 3680 sempiternis.
1735 3605 1804 3668 Nos

1011 3715 1090 3762 vero
1114 3699 1174 3771 eis,
1194 3690 1250 3776 qui
1265 3700 1362 3761 dictis
1386 3698 1544 3761 iratribus
1567 3716 1701 3761 manum
1726 3716 1806 3778 por·

1010 3797 1160 3860 rexerint
1168 3797 1312 3874 pietatis,
1325 3797 1355 3857 si
1369 3812 1448 3858 vere
1458 3795 1582 3858 fuerint
1592 3798 1810 3873 poenitentes,-

1012 3894 1193 3958 secundum
1209 3893 1427 3973 quantitatem
1444 3892 1586 3953 subsidii
1600 3893 1633 3954 et
1653 3895 1803 3956 devotio-

991 4029 993 4036 ·
1012 3992 1064 4052 nis
1092 3991 1246 4052 affectum
1273 4004 1410 4054 suorum
1423 3989 1556 4050 veniam
1574 3991 1803 4065 peccaminum

991 4150 994 4158 ,
1012 4087 1219 4166 pollicemur.
1231 4087 1350 4148 Datum
1360 4087 1529 4159 Laterani,
1541 4089 1587 4148 ΙΙΙ
1597 4102 1674 4148 non.
1687 4085 1804 4151 febru-

293 4337 541 4398 aaantversos
561 4334 689 4398 carata
702 4337 827 4409 naeus
917 4313 927 4328 “

381 4507 382 4512 =
430 4474 447 4532 3
462 4473 595 4532 februarii
612 4473 690 4532 122³.

259 4607 395 4671 [Strehllra
404 4607 466 4660 Tab.
480 4607 535 4658 ord.
547 4607 684 4667 Thenton,
699 4607 745 4657 828
756 4621 783 4658 n.
796 4608 864 4673 3811]

165 4731 309 4790 Honorius
326 4733 476 4790 universos
496 4731 600 4790 Christi
619 4729 727 4800 fideles,
748 4732 892 4806 proposita
913 4735 955 4790 in-

200 4819 359 4892 dulgenm,
379 4818 508 4877 hortatur
540 4819 576 4876 ed
614 4819 836 4880 succurrendum
866 4821 959 4879 ordini

176 4969 179 4976 ,
201 4905 377 4966 vbeumntco
389 4907 591 4982 eleemosynis.

205 5042 372 5104 Honorius
383 5041 568 5118 episcopus,
578 5057 695 5104 servus
704 5059 875 5106 servorum
885 5045 957 5117 Dei,

165 5137 332 5218 universis
347 5137 471 5200 Christi
491 5137 654 5211 fidelihus,
678 5140 719 5201 ad
735 5155 817 5218 quos
838 5142 958 5204 litterae

166 5235 238 5300 istae
261 5235 486 5312 pervenerint,
513 5235 709 5298 salutemet
734 5239 959 5316 Apostolicam

165 5330 441 5394 benedictionem.

206 5429 295 5490 Inter
308 5430 441 5501 caetera,
458 5446 532 5506 quae
551 5429 712 5504 inducunt
735 5432 959 5494 miserationis

166 5523 361 5602 patientiam
377 5525 419 5587 ad
433 5527 646 5603 parcendum,
666 5528 737 5589 sola
750 5529 801 5590 est
816 5529 961 5590 eleemo-

165 5636 261 5698 syna,
293 5639 367 5703 quae
390 5623 546 5700 operiens
571 5625 815 5700 multitudinem
842 5641 962 5702 pecca·
994 5707 998 5717 Ι

313 5767 430 5811 rnrnot.
449 5765 523 5810 roim
534 5754 587 5814 lll.

1012 4185 1089 4260 arii,
1102 4183 1314 4262 pontificatus
1329 4181 1435 4246 nostri
1449 4198 1537 4250 anno
1552 4183 1717 4262 septimo:

1339 4496 1483 4584 LXXII

994 4669 995 4674 ¹
1071 4650 1122 4710 Ad
1146 4649 1313 4710 decanum
1332 4648 1367 4709 et
1386 4649 1575 4721 coptluulm
1596 4653 1752 4740 ecolesma¹

1251 4747 1292 4805 cte
1315 4745 1560 4818 ,montensem

1277 4873 1294 4931 3
1314 4871 1448 4932 februarii
1462 4873 1540 4932 1223.

1000 5011 1004 5018 ’
1100 4997 1231 5062 [Bohmer,
1244 4995 1305 5048 cod.
1317 4995 1424 5061 diplom.
1435 4995 1610 5058 llaenoirane,
1627 5013 1653 5062 p.
1666 4998 1718 5064 38.]

1061 5121 1297 5181 Constitutionem
1311 5135 1328 5177 a
1340 5119 1472 5193 Philippo
1486 5120 1639 5193 praeposito
1654 5119 1758 5183 iactam

1332 5207 1493 5266 confirmat.

1053 5334 1222 5396 Honorius
1262 5333 1592 5408 episcopusservus
1635 5351 1808 5401 servorum

1014 5432 1084 5504 Dei,
1101 5430 1231 5491 dilectis
1247 5429 1325 5489 filiis
1340 5429 1466 5491 decano
1480 5431 1512 5492 et
1532 5433 1678 5508 capitulo
1700 5436 1810 5497 eccle-

1014 5529 1072 5590 siae
1086 5529 1126 5590 de
1140 5525 1374 5600 Franheniort,
1392 5527 1531 5590 salutem
1542 5531 1575 5590 et
1584 5531 1808 5606 apostolicam

1013 5623 1288 5688 benedictionem.

1638 5759 1671 5816 10
