4226 6372
320 313 381 376 eta
417 315 418 318 ’
939 313 1115 378 HONORII
1136 315 1182 377 111
1196 317 1350 380 ‘casita
1762 399 1771 404 -
1951 311 2018 371 920

238 483 240 491 ’
315 477 426 554 ipsum
441 471 777 536 excommunicationi
791 472 824 534 et
844 473 1036 535 comitatum
1047 475 1113 534 Fe·
1167 475 1247 551 quin
1263 473 1445 536 venerabili
1460 473 1557 536 fratri
1575 476 1728 535 nostro...
1749 469 2017 535 Noviomensi

316 588 449 634 sensam
475 587 580 648 usque
609 571 650 632 ad
680 571 814 646 dignam
850 571 1112 632 satisfactionem
1168 572 1321 648 episcopo
1346 572 1507 634 noveritis
1529 587 1590 632 nos
1609 587 1669 648 per
1691 571 1830 633 litteras
1873 569 2016 644 injun-

319 669 475 746 suinciat
502 668 691 730 interdicto.
713 670 761 728 Tu
790 668 889 730 etiam
917 668 1113 743 significasti
1167 669 1268 740 sisse,
1284 669 1320 729 ut
1340 669 1425 729 tales
1440 683 1600 730 excessus
1613 671 1744 730 vestros
1766 665 2014 728 auctoritate

318 767 489 843 nobisper
510 767 640 827 litteras
661 765 748 833 tuas,
773 766 859 841 quod
883 765 1041 842 prelatus
1057 781 1114 828 co·
1167 766 1280 827 nostra
1298 767 1467 842 corrigere
1483 781 1549 826 non
1565 765 1705 836 omittat,
1720 766 1818 826 nullo
1846 779 1905 824 ex
1941 763 2015 822 hoc

317 879 388 925 mes
418 864 569 938 diligenti
596 878 708 923 secum
740 862 885 923 tractatu
921 863 1034 924 habito
1073 863 1113 923 de
1167 861 1835 939 vobisveleidemdecanoinposterum
1856 863 2013 938 praeju-

318 961 548 1022 conservanda
564 959 719 1021 libertate
739 960 897 1036 praedicta
912 960 960 1020 sic
982 959 1113 1020 delendi
1168 957 1254 1017 dicio
1266 958 1466 1032 generando.
1480 958 1598 1018 Datum
1611 957 1726 1028 Reate,
1739 958 1784 1018 Ill
1800 953 2009 1017 kalendas

318 1074 393 1120 eam
419 1057 526 1119 voluit
553 1057 601 1117 sic
630 1057 770 1118 servari.
801 1059 969 1117 Praeterea
997 1057 1113 1118 dicens
1169 1054 1376 1131 septembris,
1389 1069 1478 1115 anno
1493 1054 1632 1115 decimo.

319 1169 419 1215 nosse
433 1155 464 1216 te
476 1154 605 1232 plenius
621 1153 743 1215 sactum
754 1153 954 1230 hujusmodi,
970 1169 1009 1214 ac
1022 1153 1113 1214 illins
1208 1199 1251 1256 In
1274 1199 1432 1258 eumdem
1451 1199 1591 1258 modum
1606 1195 1904 1270 scriptumest...
1927 1193 2010 1252 No.

318 1252 418 1314 terrae
434 1251 566 1320 statum,
583 1252 616 1311 et
635 1267 670 1311 111
690 1250 753 1311 boc
765 1265 895 1311 versari
915 1251 1115 1311 ecclesiasti·
1168 1292 1333 1353 viomensi
1356 1293 1521 1370 episcopo,
1536 1295 1573 1353 ut
1598 1291 1627 1352 si
1643 1291 1766 1354 dictum
1782 1289 2005 1368 capitulum

320 1363 393 1410 cam
413 1348 590 1457 utffhtafem
611 1362 683 1456 .¹¹⁰n
701 1347 875 1458 mpdlcffm’
894 1349 935 1457 ft.
958 1363 1114 1456 ¹¹3³ng
1169 1389 1232 1450 boc
1246 1405 1313 1449 non
1336 1391 1507 1452 curaverit
1525 1387 1720 1464 adimplere,
1736 1387 1825 1449 idem
1847 1387 2008 1464 episco-

320 1461 402 1522 cpus
411 1444 1116 1521 mrserrccrd1aecontinenpetrvrstrsuppli·
1170 1501 1231 1562 ΡΜ
1245 1486 1330 1548 tales
1346 1501 1503 1548 excessus
1518 1502 1634 1547 eorum
1647 1485 1858 1547 auctoritate
1877 1487 2003 1559 Apos-

320 1543 403 1602 citer
419 1542 525 1618 ipsius
546 1541 675 1602 comitis
693 1541 953 1619 supplicationes
971 1541 1111 1604 admitti.
1168 1583 1268 1645 muca
1309 1584 1477 1661 corrigere
1504 1599 1572 1645 non
1615 1581 1754 1646 omittat·
1785 1585 1932 1644 Datum
1961 1582 2003 1642 ut

320 1639 480 1710 Quocirca
516 1637 718 1701 fraternitati
745 1639 810 1700 tuae
839 1655 899 1715 per
923 1639 1115 1714 Apostolica
1169 1695 1287 1755 supra·

320 1735 443 1812 scripta
458 1735 666 1808 mandamus,
683 1737 846 1813 quatenus
863 1735 1049 1797 libertatem
1064 1736 1116 1812 ip-

321 1847 403 1904 sam,
418 1834 451 1894 et
465 1833 708 1894 immunitatem
720 1848 780 1909 per
792 1833 1114 1894 excommunicatio-

319 1943 395 1990 nem
410 1929 445 1989 in
460 1945 619 2005 personas
632 1933 768 1991 Forens.
786 1931 954 1998 comitum,
969 1930 1002 1991 et
1016 1929 1116 1992 inter·
1506 1939 1633 2026 XXIV

320 2025 443 2087 dictum
465 2025 499 2086 in
515 2027 688 2102 praelatum
704 2027 896 2088 comitatum
919 2027 1115 2088 auctoritate
1313 2091 1320 2103 .
1388 2091 1395 2103 θ
1944 2091 1951 2104 ·

893 2123 1048 2184 critatem
1074 2124 1114 2184 ad
1170 2089 1221 2148 Ad
1240 2089 1527 2162 Corconrtcmem
1551 2091 1585 2152 ct
1605 2093 1855 2150 Treccrenscm
1886 2102 1991 2162 epas-

1209 2199 1310 2260 ccpos
1321 2186 1354 2246 ct
1368 2187 1523 2246 abbatem
1538 2189 1573 2248 8.
1592 2189 1712 2248 Crucis
1727 2189 1985 2262 Comparettae,

1211 2283 1473 2356 Cortscpttcnsts
1486 2285 1653 2344 dtoecests.

322 2123 511 2197 Apostolica
536 2124 672 2194 tuearis,
693 2139 790 2199 quam
815 2124 892 2185 auct

320 2219 397 2279 tuos
423 2219 523 2279 etiam
550 2220 685 2280 extendi
711 2219 864 2282 volumus
891 2237 1112 2282 successores.

321 2315 441 2375 Datum
452 2317 619 2387 Reate,lll
628 2316 790 2378 kalendas
802 2317 1010 2394 septembris,
1027 2334 1115 2380 anno

323 2410 462 2472 decimo.
1437 2423 1451 2478 l
1466 2421 1605 2494 septemb.
1619 2422 1696 2478 ttae.

1322 2544 1471 2609 [llanrique
1485 2543 1676 2601 dementem„
1691 2545 1733 2602 1v‚
1748 2544 1816 2608 ata]
1891 2507 1898 2512 -

652 2655 783 2743 XXIII
1329 2678 1369 2732 De
1383 2675 1503 2734 testibus
1518 2683 1546 2733 et
1566 2675 1801 2734 attestationibus.

419 2799 472 2856 Ad
492 2797 680 2871 captantum
703 2797 822 2859 Sancta·
849 2797 1012 2863 Quintilli.
1211 2798 1307 2878 (Vide
1319 2803 1479 2866 Orciniana
1491 2803 1783 2877 compilationem,
1797 2801 1820 2864 t.
1835 2803 1864 2874 Ι,
1873 2801 1935 2862 lib.
1949 2815 1972 2870 r,

585 2925 847 2999 coangustatas.
1170 2897 1415 2976 001·227·2ἳ3·)

350 3045 470 3112 [liegest.,
481 3047 525 3098 lib.
540 3047 571 3106 ll,
588 3047 661 3112 epist.
677 3047 717 3098 38.
731 3048 787 3098 llss.
805 3049 842 3098 Lu
851 3049 927 3098 Pcrte
938 3049 972 3098 du
985 3047 1076 3110 rheti]

337 3170 467 3243 lnjungit
481 3171 523 3228 eis
538 3178 569 3228 ut
584 3172 709 3244 ipsorum
731 3171 840 3228 decano
856 3173 935 3243 ipsos
952 3172 1098 3244 corrigere
1516 3191 1622 3278 XXV

478 3259 584 3316 volenti
604 3259 795 3316 obedientiam
811 3265 952 3330 prestent.

360 3383 528 3444 Honorius
536 3383 723 3460 episcopus,
735 3399 852 3444 Servus
860 3399 1032 3446 servorum
1042 3385 1112 3456 Dei,
1170 3351 1221 3409 Ad
1235 3350 1479 3410 Varcdtensem
1494 3351 1527 3410 et
1541 3353 1766 3412 &curiensem
1777 3353 1966 3424 episcopos.

321 3479 451 3540 dilectis
476 3481 554 3540 tiliis
577 3480 721 3556 capitulo
738 3482 851 3541 Sancti
868 3481 1029 3554 Quintini‚
1046 3484 1117 3543 Nc·-
1436 3487 1600 3561 {septemb
1618 3489 1697 3547 1225.

320 3577 502 3637 vicmensis
527 3575 692 3648 dioecesis,
714 3578 855 3639 salutem
882 3579 914 3639 ct
942 3579 1114 3654 Apostoli·
1316 3609 1816 3676 [vejcr,Cod.dip1.tlung.,111,n‚t3.]

276 3699 280 3716 ‹
321 3672 683 3736 cambenedictionem.
1196 3735 1201 3748 ,
1626 3735 1632 3747 .
1790 3736 1796 3748 .
1875 3735 1882 3748 .

361 3741 526 3841 Quoniam
548 3771 646 3846 proni
669 3773 746 3832 sunt
768 3772 913 3833 hominis
932 3787 1051 3833 sensus
1073 3773 1114 3832 ad
1170 3734 1348 3794 lirsmandat
1365 3741 1396 3792 ut
1420 3749 1505 3806 super
1524 3735 1689 3792 excessibus
1709 3735 1964 3814 llosprtalanorum

970 3870 976 3882 .
1195 3825 1223 3881 S.
1240 3823 1337 3882 llariae
1351 3822 1601 3890 theutonicorum,
1615 3823 1764 3880 veritatem
1776 3823 1937 3880 inveniant.

320 3866 457 3938 malum,
473 3867 506 3928 et
526 3867 629 3928 multa
654 3883 696 3929 ex
715 3868 844 3930 delectu
865 3885 1115 3946 propr10‚n0n-

211 3965 216 3972 '
320 3963 412 4024 nulla
427 3978 507 4026 vcro
521 3979 563 4024 ex
576 3964 685 4026 aliena
700 3963 839 4037 malitia,
857 3982 929 4041 quae
945 3981 1011 4026 non
1029 3981 1114 4028 con·
1209 3967 1387 4038 Honorius,
1413 3965 1488 4038 etc,
1515 3965 1713 4028 Varadiensi
1736 3966 1768 4027 et
1788 3963 1961 4028 (lauriensi

320 4061 470 4132 veniunt,
483 4062 743 4133 committuntur,
761 4061 1057 4138 extirpari-debent
1069 4063 1116 4123 vi·
1170 4063 1345 4142 episcopis,
1363 4065 1426 4124 etc.

319 4156 377 4229 tia,
410 4159 557 4218 resecari
584 4159 713 4229 nociva,
748 4157 895 4218 salubria
932 4157 1046 4230 inseri,
1084 4161 1117 4221 et
1209 4159 1410 4220 Detestabile
1423 4175 1554 4235 semper
1573 4158 1623 4220 est
1644 4158 1895 4234 ingratitudinis
1914 4155 1961 4218 vi-

320 4254 465 4329 plantari
490 4255 641 4316 virtutes.
663 4255 891 4316 Intelleximus
920 4271 1011 4327 sane,
1028 4257 1115 4332 quod
1168 4257 1264 4326 tium,
1280 4272 1343 4332 quo
1355 4255 1428 4332 quis
1444 4255 1571 4331 accepti
1591 4255 1742 4316 beneficii
1758 4255 1958 4317 etbenelac-

319 4365 393 4410 cum
409 4349 511 4424 aliqui
527 4353 674 4411 vestrum
689 4352 818 4426 aliquos
837 4352 1044 4414 committunt
1059 4369 1115 4413 ex·
1169 4353 1251 4414 toris
1267 4353 1317 4412 sui
1339 4351 1464 4429 pariter
1479 4352 1697 4424 obliviscitur,
1716 4367 1791 4412 cum
1809 4352 1850 4412 ad
1876 4349 1959 4412 anti-

319 4461 443 4517 cessus,
468 4447 707 4508 correctionem
734 4449 786 4508 sui
815 4448 935 4509 decani
954 4451 1115 4526 recipere
1170 4449 1245 4511 dcta
1262 4449 1403 4525 quilibet
1426 4448 1625 4509 naturaliter
1646 4447 1820 4523 obligetur.
1840 4449 1958 4510 Verum

320 4543 575 4605 contradicunt:
602 4543 868 4621 licetsicutipse
890 4545 1035 4608 decanus
1055 4563 1114 4607 as·
1169 4561 1210 4606 ea
1244 4544 1449 4620 ingratitudo
1485 4543 1712 4606 detestabilior
1744 4544 1955 4620 dignoscitur,

321 4643 603 4703 seritvestrarum
628 4656 742 4702 curam
765 4641 887 4704 habeat
913 4644 1112 4714 animarum,
1170 4659 1244 4704 curn
1257 4643 1342 4719 quis,
1360 4657 1426 4703 non
1447 4642 1553 4702 solnm
1566 4657 1633 4702 non
1653 4643 1842 4703 estmemcr
1858 4641 1955 4708 illius,

320 4743 353 4800 et
367 4739 491 4814 singuli
506 4745 652 4800 vestrum
674 4738 896 4800 obedientiam
922 4741 953 4800 ei
976 4740 1116 4801 iecerint
1168 4755 1188 4800 a
1216 4755 1281 4816 quo
1306 4755 1342 4800 se
1369 4741 1460 4800 novit
1481 4739 1678 4800 beneficium
1700 4739 1879 4815 recepisse,
1904 4733 1956 4797 sed

319 4837 519 4898 manualem.
540 4837 700 4899 Nolentes
713 4837 826 4912 igitur,
847 4839 931 4914 quod
957 4853 1114 4898 excessus
1169 4837 1292 4898 malum
1308 4838 1340 4897 ei
1355 4853 1415 4913 pro
1437 4836 1527 4897 bono
1540 4834 1705 4907 retribuit,
1722 4837 1755 4897 et
1769 4836 1881 4896 odium
1903 4845 1956 4911 prc

319 4933 423 4995 vestri
445 4935 641 4996 remaneant
667 4935 702 4995 in
726 4937 910 4996 vestrarum
927 4935 1114 4995 animarum
1169 4949 1293 4995 amore.
1332 4935 1562 5011 conquerente
1598 4949 1679 4994 sane
1715 4932 1889 4994 carissimo
1925 4929 1955 4989 in

317 5029 503 5108 periculum
528 5031 718 5103 incorrecti,
735 5033 769 5092 et
796 5047 838 5093 ex
864 5031 974 5092 cincio
999 5031 1114 5092 nostro
1169 5031 1299 5092 Christo
1320 5031 1389 5092 lilio
1416 5034 1529 5091 nostro
1558 5025 1716 5110 A[ndrea]
1737 5029 1861 5090 illustri
1885 5039 1955 5102 rege

319 5139 420 5202 super
440 5126 641 5202 hujusmodi,
657 5126 734 5186 dum
750 5125 791 5187 lis
806 5127 977 5197 intervos,
993 5127 1113 5187 etcum
1169 5129 1360 5204 Hungariae,
1373 5145 1433 5205 per
1448 5127 1602 5189 dilectum
1621 5125 1726 5186 illium
1739 5127 1805 5187 Ma.
1822 5127 1954 5187 Floren-

318 5223 473 5293 vertitur‚
488 5223 711 5299 providentes,
733 5222 998 5300 perApcstolica
1021 5223 1115 5284 vobis
1168 5223 1263 5293 tium,
1273 5225 1441 5285 custodem
1450 5223 1841 5294 Orodiensem,nuncium
1853 5235 1952 5285 suum,

318 5321 441 5396 scripta
465 5319 671 5391 mandamus,
692 5322 854 5396 quatenus
879 5307 980 5395 super
999 5321 1116 5395 singu-
1169 5322 1264 5383 nobis
1279 5323 1424 5383 innotuit
1444 5343 1452 5382 ι
1469 5321 1645 5398 quodcum
1664 5319 1852 5396 inquadam
1869 5319 1953 5396 parte

318 5417 427 5478 lorum
459 5417 608 5477 vestrum
638 5416 830 5477 excessibus
856 5417 963 5494 ipsius
997 5417 1114 5478 decani
1170 5419 1333 5495 regniaci
1349 5417 1577 5494 hospitalariis
1600 5419 1633 5477 S.
1649 5417 1765 5478 Mariae
1781 5413 1954 5478 Tbeutoni-

319 5511 649 5576 correctionemside
669 5515 841 5590 utriusque
862 5516 967 5590 partis
986 5517 1114 5591 praeju-
1170 5531 1296 5588 corum,
1311 5518 1435 5577 terram
1451 5513 1491 5575 ad
1504 5513 1642 5588 triginta
1655 5511 1828 5575 dumtaxat
1837 5515 1950 5577 aratra,

315 5609 408 5676 ,dicio
446 5612 594 5688 recipere
623 5611 759 5672 minime
792 5611 992 5674 detractetis.
1022 5612 1116 5674 Alio·
1170 5613 1319 5674 caritatis
1359 5612 1492 5684 intuitu,
1535 5610 1719 5674 liberaliter
1755 5605 1949 5674 contulisset,
