4274 6388
180 279 241 346 285
787 277 1016 344 EPISTOLAE.
1039 272 1117 341 nia.
1140 277 1210 343 vn.
1756 281 1822 344 '286

181 435 873 519 dicta,·quodeademnonpraejudicstiem
886 437 974 501 dioto
1027 431 1821 516 moratamlnipsoncgotiouspueaddllnnititoe

177 536 360 615 praeposito
368 536 422 598 vel
432 539 504 614 ejus
515 535 666 598 ecclesie
677 534 712 595 in
724 534 865 606 actione,
876 547 975 612 quam
1028 533 1201 596 sententiaa
1215 529 1381 595 calculum
1393 533 1556 598 duxeritis
1564 537 1821 614 procedendum,

182 633 298 696 contra
310 631 485 695 Nicolaum
501 633 533 694 et
547 631 647 694 Othes
661 629 798 693 comites
810 631 975 692 etlsmae-
1027 629 1159 692 tandem
1173 631 1285 692 tamen
1298 630 1412 707 elapso
1435 631 1579 695 termino
1593 633 1634 695 ad
1650 633 1819 698 arbitran—
1937 643 1940 650 ’

181 729 261 792 litas
285 743 323 791 se
347 729 471 790 babere
495 728 624 789 dicebat
646 728 843 805 praepositus
861 740 977 804 ¹saepe-
1025 727 1106 788 ,dum
1134 726 1289 803 praedm,
1317 727 1359 788 ad
1393 727 1661 792 terminationem
1695 732 1823 808 negotii

183 827 302 888 dictus.
324 825 483 887 Promisit
495 825 597 887 eliam
611 824 775 902 praetatus
791 823 975 900 'Gregorius
1027 823 1164 884 minime
1182 823 1408 900 processistis3
1434 825 1570 902 propter
1593 827 1680 903 quod
1705 829 1821 891 eadem

182 937 219 986 se
232 921 596 998 centumquadraginta
611 937 702 993 oves,
716 921 880 998 quasipsi
894 934 977 997 prae·
1025 923 1202 998 jussuum
1229 935 1297 980 non
1334 920 1441 1003 potuit
1474 919 1633 984 obtinere.
1663 924 1820 996 volentes

182 1019 289 1096 posito
300 1017 447 1090 abstulit,
456 1017 574 1091 eidem,
583 1033 681 1094 quam
692 1013 975 1094 cito'llungarium
1029 1013 1177 1088 igiturut
1190 1013 1267 1074 linis
1285 1013 1400 1075 litibus
1415 1014 1615 1092 imponatur,
1626 1015 1819 1080 discretioni

182 1115 367 1188 intraverit,
397 1114 613 1176 redditurum.
643 1115 735 1176 Licet
760 1114 864 1191 igitur
888 1113 975 1174 idem
1027 1109 1148 1172 vestrae
1172 1121 1231 1186 per
1249 1109 1440 1186 apostolica
1463 1111 1588 1190 scripta
1611 1113 1819 1187 mandamus,

183 1211 363 1288 Gregorius
376 1210 536 1288 quantum
550 1209 591 1272 ad
604 1211 870 1288 impetrationem
885 1207 977 1272 litte-
1029 1206 1191 1284 quatenus
1200 1205 1350 1283 partibus
1365 1207 1556 1270 convocatis
1566 1208 1726 1286 inspectis
1737 1211 1821 1273 actis

183 1323 298 1372 rarum
311 1308 501 1370 nostrarum
521 1307 794 1384 compositionem
811 1319 884 1369 ‘non
903 1319 977 1368 ser-
1029 1303 1062 1365 et
1071 1303 1204 1376 auditis,
1218 1303 1248 1364 si
1257 1315 1331 1380 quae
1338 1303 1452 1382 dejure
1462 1304 1586 1368 ineunt
1595 1307 1822 1384 proponenda,

183 1405 313 1469 raverit
329 1405 567 1482 supradictam,
588 1403 738 1467 volentes
758 1405 870 1466 tamen
889 1402 975 1479 'quod
1031 1413 1166 1461 oausam
1200 1399 1307 1478 ipsam
1330 1401 1512 1464 secundum
1539 1399 1770 1466 attestationes
1787 1407 1826 1478 et

184 1501 220 1564 in
243 1501 320 1564 aliis
351 1501 498 1564 obtineat
521 1500 665 1563 debitam
692 1497 893 1569 firmitatem,
917 1511 977 1577 per
1030 1495 1257 1558 contessiones
1280 1497 1437 1575 praelatas
1456 1498 1489 1561 et
1512 1499 1661 1562 rationes
1680 1499 1823 1575 alias,·si
1916 1555 1918 1562 Α

184 1597 373 1676 apostolica
386 1597 481 1660 vonis
496 1597 620 1676 scripta
633 1597 841 1669 mandamus,
860 1596 978 1673 quate·
1030 1606 1112 1671 quas
1127 1593 1167 1655 de
1178 1595 1256 1671 jure
1265 1593 1422 1657 'udonus
1441 1593 1674 1670 admittendas,
1689 1596 1821 1660 subluto

185 1709 248 1758 nus
270 1695 363 1756 illam
380 1694 421 1756 de
442 1695 562 1758 cetero
585 1693 715 1756 laniatis
738 1692 978 1757 inuiolabiliter
1019 1689 1263 1766 appellationis
1278 1689 1460 1764 obstaculo,
1477 1691 1511 1752 si
1535 1691 1576 1753 de
1589 1693 1734 1769 partium
1750 1707 1823 1757 ¹ao-

184 1791 367 1878 obserrari,
400 1790 582 1854 smundum
614 1789 754 1854 sormam
785 1801 980 1868 expressam,
1029 1786 1157 1849 luntute
1180 1787 1472 1864 processeramus
1489 1786 1600 1851 debito
1621 1790 1822 1864 terminetis,
1895 1793 1897 1800 ’

170 1887 351 1965 superius,
378 1887 601 1964 appellatione
631 1885 826 1964 postposita,
858 1899 978 1963 proce·
1030 1882 1189 1946 iacientes
1204 1883 1727 1961 quoddecrereritisauotoritate
1740 1903 1822 1949 nos-

185 1983 303 2056 dendo,
313 1983 423 2045 ‘nullis
439 1983 560 2046 litteris
574 1982 779 2046 obstantibus
793 1983 978 2044 barum'te-
1029 1981 1082 2042 lra
1104 1980 1245 2042 tirmiter
1261 1979 1444 2042 observari.
1461 1981 1618 2059 Alioquin
1632 1999 1706 2045 eam
1728 1983 1818 2044 suiti-

184 2095 268 2142 nore
288 2080 389 2144 tacito
415 2095 436 2142 a
463 2079 547 2142 sede
565 2080 755 2159 Apostollca
778 2079 975 2157 impetratis.
1028 2075 1157 2140 cleriter
1181 2077 1378 2140 instructam
1415 2076 1456 2138 ad
1491 2079 1691 2156 apostoncae
1726 2079 1824 2142 Sedis

185 2176 328 2248 Quodsi
349 2177 639 2250 nonomnes,etc.
663 2178 782 2239 Datum
806 2176 974 2248 Laterani,
1029 2173 1207 2236 remittatis
1246 2187 1388 2236 examen
1424 2175 1633 2252 praefigentes
1666 2175 1823 2254 partibus

185 2273 217 2334 Il
239 2272 400 2335 kalendas
422 2273 594 2348 februarii,
621 2273 844 2352 :pertineatis
870 2272 978 2336 nostri
1030 2270 1208 2332 terminum
1218 2271 1469 2348 competentem,
1484 2287 1548 2350 quo
1561 2275 1827 2336 senustrocons·

185 2380 276 2432 anno
291 2369 443 2448 septimo.
1020 2367 1141 2445 pectui
1155 2367 1540 2446 representedtpustam,
1558 2370 1659 2432 dante
1669 2371 1822 2445 Domino,

1031 2459 1229 2526 senmntlam
1242 2465 1437 2542 recepturae.
1453 2465 1546 2538 Quod
1569 2466 1599 2527 si
1614 2476 1822 2542 nontomnes,

1028 2557 1228 2624 eto.1)atnm
1257 2562 1422 2635 Laterani,
1448 2564 1478 2624 ll
1492 2560 1626 2625 kalend.
1639 2563 1821 2639 ttcbruarli,

511 2646 655 2733 LXVII
1018 2657 1628 2738 .=pontilicutus'nostni2annoseptimo.

186 2779 239 2858 nit
251 2790 405 2858 assatam
423 2779 461 2858 ²s.
476 2782 579 2858 taetra
601 2795 642 2856 ce
669 2797 759 2858 aaa
779 2795 976 2867 cometen,

226 2883 261 2955 ct
292 2880 501 2969 monstrum
545 2879 739 2954 albericum
774 2894 979 2954 ccaootcam

222 2980 455 3051 'cadmeae
480 2991 530 3050 W.
546 2988 724 3078 'Redoltem
748 2990 977 3050 communen.
1344 2977 1510 3074 LXVIII

214 3083 417 3147 'mmmm
441 3161 713 3252 mmmmm.
1091 3134 1144 3194 Ad
1157 3134 1431 3208 archiepiscopos
1445 3134 1480 3196 ei
1498 3135 1684 3212 episcopos,
1698 3137 1763 3200 etc.

205 3287 327 3367 ineptia,
337 3300 383 3352 in.
394 3300 535 3366 adapes
550 3285 672 3352 lenna.
688 3299 960 3364 mascalarum]
1292 3261 1463 3335 attenuant
1479 3263 1559 3323 1223.

1072 3375 1323 3452 [saluntianensis
1333 3386 1388 3439 ord.
1402 3387 1564 3450 Tbeulonici,
1574 3402 1600 3455 p.
1611 3386 1667 3451 326,
1679 3402 1704 3439 n.
1714 3389 1784 3457 aba]

188 3425 304 3486 ilandat
316 3423 424 3484 ut'tlne
442 3423 537 3482 debito
548 3437 672 3494 ‹oaumm
689 3424 763 3482 lutor
777 3426 821 3494 it,
833 3422 978 3496 quondm

223 3514 382 3587 bogiorum
396 3512 537 3586 reginam,
556 3518 585 3570 et
602 3512 795 3571 Cenomanos.
811 3513 978 3586 episcopum
1032 3511 1175 3570 Honorius
1189 3509 1268 3584 iubet
1283 3511 1415 3584 prelatos
1428 3511 1536 3570 ordinis
1547 3513 1718 3574 =Tbeutonioi
1734 3515 1821 3588 privi-

224 3601 388 3659 terminent.
1067 3598 1144 3672 legia
1158 3599 1321 3671 Apostolioa
1335 3599 1444 3672 legere,
1464 3599 1628 3672 observare,
1643 3602 1821 3662 obseruanda

218 3716 407 3790 Honorius,
442 3716 518 3788 eto„
552 3715 682 3778 dilectis
715 3715 832 3778 filiis...
855 3714 980 3778 abbati
1068 3701 1179 3745 ΜΝ·

176 3811 405 3875 —SanctiPetri
420 3811 980 3888 devallecarnoten.,etmagistro
1073 3811 1740 3889 Honoriusepiscopus,servusservorum
1749 3818 1821 3891 Del,

188 3907 343 3970 *Alberioo
352 3907 978 3980 mnonicoParisien.,etw.Redonen.
1033 3907 1280 3970 venerabilibus
1311 3907 1471 3970 fratribus
1507 3908 1766 3990 archiepiscopis
1789 3915 1829 3976 et.

191 4007 414 4067 cenomanen.
437 4003 618 4078 canonicis,
631 4005 979 4083 salutemetbposto-
1034 4003 1824 4083 episcopis,etc,salutemetapostolicambane-

191 4101 291 4162 licam
305 4100 581 4163 benedictionem.
1035 4101 1225 4164 dictionem.

229 4199 280 4258 En
302 4198 405 4274 parte
418 4195 600 4258 carissimae
614 4196 648 4258 in
672 4196 802 4259 christo
827 4197 906 4260 dlis
929 4199 979 4270 13„
1076 4199 1113 4260 Si
1133 4197 1338 4269 discrimina,
1370 4197 1581 4275 quce‘dilecti
1612 4201 1674 4262 tilii
1701 4202 1822 4268 fratres

189 4292 354 4371 quondam
376 4293 558 4368 anglorum
582 4292 708 4368 rapinas
731 4293 892 4366 illustris,
919 4293 983 4355 luit
1035 4293 1216 4370 Hospitalis
1242 4293 1372 4356 Sanctae
1398 4294 1515 4358 Mariae
1547 4296 1825 4364 uneutonicorum

189 4389 393 4466 propositum
413 4403 525 4450 coram
544 4388 651 4460 nobis,
669 4389 755 4466 quod
782 4406 884 4467 quum
906 4391 981 4468 ipsa
1034 4390 1328 4467 Hierosolymitani
1344 4407 1404 4467 pro
1421 4391 1614 4456 defensione
1629 4394 1825 4459 christiani-

190 4484 315 4548 diutius
342 4487 445 4562 super
456 4485 596 4546 diversis
618 4486 769 4546 articulis
790 4501 902 4548 coram
929 4486 983 4547 di·
1033 4487 1112 4549 tatis
1125 4485 1272 4564 quotidie
1292 4488 1458 4550 sustinent
1481 4489 1688 4566 inpartibus
1710 4494 1825 4556 trans-

189 4582 297 4643 versis
304 4581 471 4659 judicibus
486 4581 683 4643 auctoritate
699 4581 889 4658 apostolica
902 4598 982 4646 con·
1034 4583 1184 4657 marinis,
1219 4583 1253 4645 et
1286 4583 1458 4656 beneficia,
1488 4600 1577 4663 ¹quae
1624 4591 1823 4666 pauperibus

188 4679 242 4742 tra
255 4677 482 4740 venerabilem
494 4677 631 4739 fratrem
651 4679 803 4740 nostrum
817 4682 981 4741 Cenoma·
1035 4680 1298 4751 subministrant,
1308 4681 1573 4746 consideratione
1586 4685 1729 4750 sollicita
1741 4702 1825 4764 pen-

190 4787 267 4837 nen.
279 4775 470 4852 episcopum
480 4774 653 4850 litigasset,
662 4775 981 4839 demumintendens
1035 4778 1166 4850 saretis,
1182 4794 1250 4839 non
1264 4779 1370 4839 solum
1386 4777 1427 4840 ab
1443 4794 1557 4841 eorum
1577 4781 1739 4844 molestiis
1757 4799 1826 4846 ces·

190 4871 361 4948 imponere
375 4869 544 4931 laboribus
559 4871 755 4946 suis'finem,
771 4878 871 4951 super
889 4889 980 4950 prae·
1035 4876 1166 4947 seretis,
1183 4873 1340 4948 sedatius
1366 4875 1543 4938 studeretis
1561 4876 1746 4939 districtius
1760 4895 1822 4943 co-

190 4966 980 5046 missisomnibusunacumpartealterarenuu·
1034 4969 1349 5034 bibem.'(loetemm
1370 4967 1558 5034 audivimus
1586 4973 1620 5034 et
1649 4974 1824 5040 audientes
1897 4996 1910 5028 x

188 5064 303 5127 tiendo
328 5062 449 5127 litteris
475 5065 659 5142 impetratis
689 5069 722 5129 et
749 5067 978 5146 impetrandis,
1032 5069 1245 5147 pepulimus
1258 5083 1326 5130 non
1349 5067 1487 5141 mirari,¹
1501 5069 1586 5146 quod
1607 5084 1665 5133 eos
1684 5073 1823 5150 ‚quidam

191 5161 429 5240 compromisso
458 5153 612 5235 durante,
639 5165 675 5225 in
707 5180 767 5225 vos
798 5165 867 5227 sub'
891 5168 981 5229 certa
1024 5163 1427 5228 nestrum-duriusculos
1437 5163 1673 5244 persequentes
1682 5185 1751 5234 non
1765 5187 1825 5234 so-

189 5258 298 5321 sorma
321 5258 478 5336 tanquam
518 5258 731 5323 ad²arbitros
762 5262 982 5328 amicabiliter
1019 5263 1103 5324 lum
1118 5259 1398 5341 querelaseorum
1413 5261 1633 5338 dissimulant,
1653 5267 1710 5329 sed
1732 5269 1822 5346 ipsos

191 5353 669 5434 compromisit3sed¹vos;licet
679 5357 820 5436 receptis
828 5360 979 5434 testibus,
1019 5359 1343 5436 aravtnuslnjuriis
1355 5358 1560 5424 vexaverunt
1575 5363 1608 5424 et
1627 5363 1663 5424 in
1679 5345 1823 5428 damnass

190 5455 225 5516 ei
238 5453 506 5515 attestationibus
516 5453 705 5531 publicatis,
715 5456 841 5519 auditis
849 5457 982 5520 confes·
1033 5455 1094 5517 bili
1114 5455 1284 5533 proposito
1305 5455 1413 5518 adbuc
1437 5461 1662 5534 perseverant,
1682 5461 1823 5524 ‘litteras

192 5547 342 5612 sionibus
355 5550 479 5614 etalils
502 5551 543 5613 ad
565 5566 666 5616 causa
687 5553 885 5617 iacientibus
911 5566 989 5618 me-2
1033 5555 1165 5618 nostms
1189 5552 1363 5629 generales
1385 5556 1418 5616 et
1436 5555 1640 5632 quandoque
1661 5561 1822 5634 speciales
