4274 6388
299 333 359 398 aas
436 385 440 394 ,
910 333 1089 398 uouonu
1110 333 1156 396 111
1177 303 1327 396 ornas.
1882 330 1945 398 aaa
1997 345 2001 348 ·

300 474 406 556 sentia
415 491 530 569 scripti
542 489 727 570 patrocinio
736 491 1093 556 commuuimusliuiii
1148 492 1303 571 episcopo
1333 491 1583 568 Petragoricen.
1612 491 1670 570 qui
1693 492 1768 555 rice
1795 487 1945 569 iungitur

301 603 382 666 ergo
395 590 530 658 omuino
542 587 713 652 hominum
725 588 826 652 liceat
835 587 922 652 itanc
935 590 1093 666 paginam
1148 589 1276 652 abbatis
1291 589 1426 662 ibidem,
1449 590 1585 668 propter
1599 588 1663 650 hoc
1677 589 1718 650 ad
1734 589 1814 652 dicti
1828 589 1943 665 legati,

284 689 425 750 'nostrae
457 684 720 752 continuationis
759 684 953 761 intringere,
978 685 1031 750 voi
1062 685 1094 748 ei
1148 689 1181 750 et
1198 687 1346 760 cantore,
1367 703 1407 748 ac
1423 686 1569 763 capitulo
1585 685 1787 764 supradictis
1806 685 1848 746 ad
1864 701 1946 747 nos-

300 797 385 846 ausn
409 783 588 846 temerario
616 782 795 844 contraire.
821 782 858 842 si
883 783 959 859 quis
981 784 1093 846 autem
1148 786 1234 847 uam
1248 783 1451 846 audientiam
1466 782 1735 860 provocantibus,
1750 782 1790 844 de
1809 782 1943 846 iactoin

300 880 364 944 boc
378 881 542 944 attentare
554 879 814 956 praesumpserit,
830 879 1094 955 indignationem
1148 882 1328 944 canonicos
1354 882 1581 953 nominarunt,
1611 881 1647 942 in
1681 879 1944 942 contradictores

300 977 538 1055 omnipotentis
550 975 940 1066 Dei‚etbeatoru1nPetri
953 980 987 1038 et
996 976 1094 1040 Pauli
1149 978 1504 1040 excommunicationis
1525 977 1724 1038 sententiam
1741 977 1944 1054 jaculantes,

299 1075 524 1152 apostolorum
549 1077 622 1150 ejus
645 1088 683 1135 se
707 1074 839 1136 noverit
865 1073 1092 1136 incursurum.
1149 1091 1289 1153 quorum
1316 1075 1461 1152 quidam,
1498 1075 1674 1136 occasione
1704 1073 1945 1136 nominationis

300 1172 419 1234 Datum
440 1171 608 1244 Laterani,
634 1173 679 1234 III
698 1171 773 1232 idus
799 1171 929 1249 aprilis,
954 1172 1094 1250 pontiti·-
1149 1171 1339 1250 hujusmodi
1349 1171 1462 1233 laicali
1475 1172 1552 1234 freti
1567 1171 1725 1248 potentia,
1737 1170 1823 1232 bona
1836 1171 1944 1248 ipsius

190 1345 192 1357 y
300 1269 617 1333 catusuostrianno
632 1268 786 1345 septimo.
1149 1269 1300 1331 ecciesiae
1336 1269 1500 1331 violenter
1536 1267 1708 1330 invadunt.
1744 1267 1838 1328 Unde
1879 1267 1946 1328 nisi

1150 1365 1257 1426 eidem
1283 1380 1384 1441 super
1418 1364 1493 1433 hoc,
1523 1364 1622 1426 citius
1650 1351 1855 1435 susurratur,
1888 1363 1947 1425 rix

1149 1461 1295 1540 adiiciet,
1312 1462 1349 1524 ut
1369 1461 1535 1537 resurgat.
1564 1459 1727 1533 Quocirca
1753 1459 1946 1522 discretioni

655 1560 742 1648 GVI
1149 1561 1269 1622 vestrae
1291 1573 1351 1637 per
1373 1557 1564 1636 Apostolica
1588 1557 1712 1636 scripta
1735 1555 1943 1630 mandamus,

1150 1657 1324 1734 quatenus,
1343 1657 1373 1717 si
1392 1657 1444 1718 est
1461 1655 1521 1728 ita,
1533 1654 1655 1718 dictam
1674 1653 1945 1716 excommunica-

299 1753 1093 1832 ddproepcsttumdedudterraaecLemoctccu.
1149 1754 1251 1816 donis
1275 1753 1474 1816 sententiam
1498 1753 1575 1830 post
1595 1751 1852 1830 appeliationem
1879 1751 1945 1812 hu-

337 1855 504 1923 osoecesu,
517 1852 822 1926 poenttenttmaum
833 1853 869 1914 et
881 1857 924 1914 P.
940 1855 1096 1916 Ptctssuc
1145 1849 1293 1927 jusmodi
1332 1849 1575 1926 promulgatam
1615 1848 1849 1910 denuntiantes
1885 1862 1946 1924 pe-

338 1952 543 2012 canonicum
556 1951 771 2010 mamaeae.
1149 1947 1238 2009 nitus
1258 1960 1332 2008 esse
1350 1945 1477 2008 nullam
1498 1948 1531 2009 et
1556 1946 1700 2020 irritum,
1723 1945 1946 2022 appellatione

576 2079 608 2135 li
630 2078 726 2157 aprilis
746 2077 825 2136 ιω.
1150 2043 1344 2120 postposita,
1364 2041 1580 2104 decernentes
1610 2040 1696 2119 quod
1725 2055 1825 2118 super
1853 2057 1944 2118 prec-

313 2201 434 2268 magau,
446 2199 492 2252 lib.
505 2201 560 2260 vii,
572 2200 646 2266 epist.
661 2199 715 2250 ici.
726 2199 784 2250 bles.
795 2199 831 2250 La
844 2197 921 2250 Porta
933 2198 968 2250 dn
983 2197 1079 2265 Thali]
1150 2137 1513 2300 ffliezsizsmmllilffissmm
1527 2137 1740 2247 atteqtatum
1755 2135 1876 2199 dictam
1888 2153 1946 2199 ec·

1203 2279 1208 2296 .
1290 2281 1298 2308 ,
1446 2250 1515 2312 prae
1527 2236 1634 2296 oculis
1648 2233 1719 2296 solo
1733 2237 1811 2306 lieo,
1828 2233 1947 2299 aucto-

297 2325 415 2387 iiandat
434 2333 466 2384 ut
486 2325 637 2382 ecclesiam
658 2325 686 2383 S.
707 2323 859 2382 Frontonis
879 2324 1093 2398 petragoricen.
1150 2335 1249 2397 rigago
1277 2335 1391 2396 nostra
1419 2334 1518 2410 juxta
1547 2331 1722 2394 multatos
1757 2332 1874 2409 ipsius,
1905 2331 1947 2392 αθ

331 2415 410 2490 iuxta
424 2413 574 2472 facultates
587 2414 677 2487 ipsius
694 2408 731 2470 de
747 2413 879 2486 personis
892 2411 1004 2470 idoneis
1018 2411 1093 2470 ordi·
1151 2431 1304 2509 personis
1320 2429 1452 2492 idoneis
1471 2429 1644 2502 ordinetis,
1665 2429 1695 2490 εἰ
1714 2425 1866 2490 videritis
1881 2409 1945 2489 ΘΧ,

336 2511 415 2562 Μ·
1151 2529 1277 2608 pedire,
1306 2526 1569 2589 contradictores
1595 2541 1656 2604 per
1685 2541 1860 2587 censuram
1885 2539 1946 2586 ec-

338 2619 519 2690 Honorius‚
538 2619 613 2690 etc„
629 2617 761 2680 dilectis
780 2617 896 2680 filiisn·
915 2617 1096 2696 praeposito
1151 2625 1387 2697 clesiasticam‚
1413 2623 1542 2686 subiato
1573 2622 1806 2702 appellationis
1830 2619 1946 2684 obsta·-

299 2716 795 2781 deSubterraneflhemovicess·
809 2714 1097 2792 dioec.,poeniten-
1152 2725 1238 2796 cuio,
1275 2721 1536 2798 compescentes.
1561 2719 1676 2782 Testes
1711 2719 1833 2791 autem,
1870 2720 1946 2792 etc,

298 2816 399 2878 tiario
418 2815 451 2876 et
466 2817 502 2875 P·
519 2811 669 2875 Plaissac
691 2813 851 2874 canonico
871 2812 1094 2884 ΙιθΜΟἾίθθΠη
1152 2821 1253 2884 nuliis
1279 2819 1397 2882 litteris
1416 2817 1550 2880 veritati
1569 2817 1602 2880 et
1615 2816 1758 2895 justitiae
1782 2815 1946 2893 praejudi-

299 2911 451 2984 aalutem,
469 2911 531 2972 etc·
1152 2917 1316 2980 cantibus.
1339 2915 1431 2988 Quod
1452 2915 1481 2976 si
1504 2929 1570 2976 non
1590 2929 1717 2986 omnes,
1740 2913 1803 2976 etc.
1829 2911 1947 2974 Datum

339 3007 497 3088 Experto
512 3007 712 3069 dilflsstffl'flffl
729 3005 874 3068 ffliOPilm
889 3005 1048 3079 cantoris,
1065 3007 1098 3068 θῒ
1153 3014 1320 3086 Laterani,
1338 3014 1384 3075 111
1402 3011 1479 3074 idus
1494 3011 1587 3085 maii,
1607 3010 1820 3090 pontificatus
1840 3009 1947 3071 nostri

302 3105 485 3184 capitulis.
501 3104 677 3166 Frontonis
691 3104 939 3180 petragoricen.
952 3103 1099 3180 luitpro·
1153 3127 1241 3176 anno
1257 3111 1408 3190 septimo,

301 3205 445 3284 positum
458 3217 570 3264 coram
582 3200 689 3273 nobis,
698 3200 870 3277 quodlicet
881 3200 1005 3262 dudum
1015 3201 1098 3264 duos

292 3287 343 3364 'de
357 3301 470 3364 nostro
484 3299 623 3377 speciali
630 3297 798 3366 mandato,
812 3313 851 3359 ac
864 3313 971 3376 nuper
984 3312 1096 3370 arnum,

302 3402 425 3476 acujns
435 3397 642 3474 impetitione
652 3395 739 3472 apud
751 3394 1098 3472 SedemApcstoiicam
1498 3393 1605 3481 GVH

303 3491 546 3560 sententialiter
560 3492 694 3554 fuerant
702 3491 857 3564 absoluti,
870 3492 911 3553 ad
928 3493 1099 3568 urgentem

302 3591 505 3658 venerabilis
525 3591 640 3653 fratris
662 3589 804 3652 nostri...
828 3591 986 3652 Portuen.
1005 3589 1098 3666 epis·
1312 3571 1559 3647 Adfflttitulum
1574 3569 1788 3630 Brundml'll·

303 3691 389 3770 copi,
406 3688 508 3765 iegati
522 3685 617 3750 Sedis
631 3685 1025 3763 Apostolicaejussionem
1040 3700 1098 3746 re·
1430 3701 1461 3758 il
1479 3699 1576 3772 aprilis
1592 3697 1672 3756 itit.

304 3789 454 3866 ceperint
463 3787 499 3847 in
509 3784 687 3892 canonicos
698 3784 731 3845 et
741 3781 775 3843 in
785 3781 943 3844 tratres...
954 3783 1100 3845 decanus
1171 3827 1293 3894 [august.
1309 3825 1353 3876 fib·
1366 3821 1422 3883 vii,
1434 3822 1508 3888 epist.
1521 3819 1575 3872 ¹43·
1590 3821 1647 3871 uss.
1659 3823 1695 3872 aa
1705 3819 1741 3871 1²0
1744 3825 1782 3870 m
1794 3819 1830 3869 uu
1840 3814 1935 3884 ML]

304 3889 426 3958 tamen,
447 3884 481 3945 et
497 3885 533 3944 L.
557 3879 815 3942 archidiaconus
838 3881 1099 3956 petragoricen„

305 3982 468 4059 susceptis
488 3981 636 4058 ejusdem
655 3978 758 4054 iegati
772 3977 904 4050 litteris,
919 3978 961 4039 ad
979 3977 1101 4040 dictam

305 4081 481 4144 ecclesiam
509 4076 717 4146 ordinarunt,
741 4075 849 4150 ipsius
875 4073 1099 4148 facultatibus,

305 4178 404 4257 prout
420 4175 541 4246 decuit,
565 4189 632 4235 non
653 4172 824 4247 inspectis,
841 4187 915 4248 quae
930 4172 1102 4234 diminutae

306 4275 385 4338 sunt
402 4273 484 4336 adeo
505 4271 641 4347 propter
660 4284 800 4345 guerras
822 4269 908 4346 quod
931 4269 1102 4330 canonicis
1196 4261 1374 4332 Honorius,
1383 4256 1687 4332 etc.,diiectistiiiis
1695 4255 1840 4332 capitulo
1848 4257 1953 4316 Brun·

305 4368 529 4436 residentibus
544 4368 580 4428 in
595 4367 722 4438 eadem,
740 4381 802 4428 nec
813 4381 881 4426 non
896 4365 1102 4429 beneficiatis
1157 4360 1280 4432 dacin,
1295 4357 1448 4430 salutem,
1465 4357 1527 4418 etc.

305 4469 340 4532 et
349 4464 593 4546 praebendariis
613 4463 684 4525 suis
707 4463 766 4524 via
780 4466 919 4540 possunt
932 4479 1032 4541 super
1045 4463 1104 4525 dc-
1197 4461 1302 4531 Quum
1316 4454 1510 4518 Theodorus
1528 4451 1744 4514 dominianus
1759 4461 1952 4510 excommu-

265 4631 284 4652 .
305 4583 377 4632 cem
386 4579 516 4626 menses
526 4561 765 4624 beneficiorum
777 4575 913 4621 suorum
922 4561 1102 4639 stipendia,
1158 4554 1335 4618 nicationis
1347 4551 1512 4614 sententia
1527 4549 1571 4610 sit
1583 4549 1717 4624 ligatus,
1735 4557 1795 4623 pro
1809 4559 1850 4607 eo
1865 4543 1952 4623 quod

1155 3951 1272 4014 Mandat
1288 3957 1320 4008 ut
1337 3949 1510 4008 sententiam
1529 3944 1834 4004 excommunicationis
1852 3949 1951 4002 contra

1187 4039 1370 4098 Theodorum
1398 4037 1607 4104 domicianum,
1632 4033 1709 4106 quod
1738 4040 1845 4091 terrain
1873 4031 1953 4104 regis

1191 4127 1423 4188 Thessalonicen.
1438 4126 1599 4198 impugnat,
1616 4121 1768 4196 publicent.

304 4762 411 4842 ipsius
445 4755 676 4821 ecclesiastiea
715 4754 911 4830 gravamina
952 4755 1104 4818 nolentes
1157 4749 1247 4826 regis
1269 4744 1542 4808 Thessalonicen.
1573 4739 1715 4802 illustris
1738 4753 1806 4801 non
1829 4737 1955 4804 desinit

306 4859 435 4930 audire,
451 4869 625 4934 perperam
644 4851 681 4914 iu
700 4851 877 4914 commisso
892 4851 956 4912 sibi
971 4852 1104 4928 negotio
1159 4849 1365 4924 impugnare,
1388 4838 1580 4902 discretioni
1599 4839 1719 4900 rasum
1738 4837 1954 4913 praesentium

307 4954 526 5036 procedendo,
543 4955 579 5016 L.
594 4951 768 5014 cantorem
784 4949 922 5026 majoris
941 4949 1102 5022 ecciesiae,
1159 4943 1355 5006 auctoritate
1366 4938 1573 5009 mandamus,
1585 4935 1749 5015 quatenus
1762 4933 1955 5010 frequenter

307 5057 348 5116 de
359 5054 491 5126 Quinta,
507 5053 540 5113 et
555 5053 594 5112 (i.
609 5047 861 5112 Bodiceturcen.
875 5046 1106 5125 archipresby·
1159 5035 1514 5102 eamdemsententiam
1524 5033 1741 5111 publicantes,
1752 5031 1785 5092 et
1795 5030 1955 5092 facientes

221 5205 223 5212 ,
308 5154 399 5216 toros
423 5149 456 5212 et
482 5146 671 5226 quindecim
701 5144 787 5206 aiios
808 5158 948 5220 quorum
972 5144 1105 5220 quidam
1159 5139 1260 5201 etiam
1283 5133 1458 5214 publicari,
1487 5147 1526 5196 ac
1552 5127 1793 5192 denunciantes
1817 5127 1955 5188 Latinos

308 5248 418 5312 minus
442 5245 568 5317 idonei,
598 5242 800 5320 ecquidem
833 5242 928 5318 pueri
963 5240 1105 5302 necdum
1160 5235 1267 5298 eidem
1288 5231 1463 5294 sententia
1482 5228 1655 5305 subjacere
1670 5227 1727 5303 qui
1745 5239 1821 5286 cum
1839 5224 1955 5286 eodem

309 5348 389 5412 tunc
413 5343 554 5420 primam
575 5343 749 5402 tonsuram
774 5337 1106 5416 habentes,quoruu1
1160 5330 1332 5394 Theodoro
1359 5326 1622 5398 commorantur3
1639 5322 1702 5384 sub
1726 5323 1830 5383 simili
1844 5337 1953 5400 poena,

311 5441 541 5524 progenitores
569 5451 701 5514 semper
726 5437 791 5514 ipsi
820 5435 970 5498 ecciesiae
993 5434 1106 5498 infesti
1150 5430 1309 5494 districte
1327 5425 1527 5492 auctoritate
1550 5423 1664 5484 nostra
1685 5419 1885 5492 inhibentes,
1913 5435 1956 5482 ne

313 5540 458 5612 inerunt,
472 5535 505 5602 et
519 5533 671 5598 nonnulli
685 5533 785 5596 etiam
806 5533 1031 5610 competenter
1048 5532 1108 5593 be-
1162 5529 1237 5607 quis
1253 5541 1366 5605 equos,
1383 5537 1488 5596 arma,
1504 5519 1675 5592 victualia,
1693 5531 1753 5579 seu
1769 5517 1870 5579 etiam
1886 5519 1955 5578 nri-

312 5629 822 5706 neiiciatiexistunt,venerabiii
838 5629 941 5692 fratre
955 5629 1105 5692 nostro...
1161 5627 1248 5698 lites,
1268 5625 1325 5686 aut
1339 5621 1431 5683 aliud
1450 5617 1618 5698 quodlibet
1637 5615 1801 5681 auxilium
1823 5629 1955 5691 praesu-

1989 6185 2013 6204 ·
