4226 6372
362 930 745 1171 runnu!
806 925 1556 1138 nanunnannn

498 1289 599 1358 QUAE
621 1288 664 1347 IN
688 1289 768 1348 HOC
790 1287 904 1348 TOMO
927 1288 1094 1358 QUARTO
1118 1287 1430 1348 CONTINENTUR.

612 1888 871 1976 EPISTOLAE
907 1889 1064 1976 LIBER
1102 1887 1303 1976 SEXTUS.
1724 2009 1768 2058 0,

314 2109 355 2165 Ile
370 2115 450 2164 sexto
466 2109 582 2166 llonorii
599 2112 639 2168 111
658 2110 840 2182 pontificatus
855 2125 930 2168 anuo
934 2148 1665 2168 ..........................
1740 2121 1777 2164 xv

137 2318 182 2375 Ad
198 2317 328 2376 abbatem
342 2322 369 2379 S.
382 2321 538 2379 Benedicti.
878 2261 930 2382 coi.
981 2322 1025 2381 Ao
1036 2324 1186 2395 Hugoncm
1203 2322 1386 2406 praepositum
1402 2321 1437 2377 de
1451 2319 1546 2389 Wido,
1567 2335 1666 2378 mona·

135 2389 181 2445 ad
194 2389 323 2447 abbatem
339 2399 367 2447 et
381 2399 553 2448 conventum
569 2393 791 2452 llasnonienses.
912 2396 929 2452 3
1017 2394 1103 2449 chum
1116 2393 1327 2451 corbeiensem.
1737 2392 1773 2450 30

135 2458 180 2515 Ad
196 2462 361 2532 episcopum
376 2464 622 2520 Lemovicensem.
911 2466 928 2522 3
982 2463 1396 2522 ddabbatemetconventum
1410 2462 1557 2519 Dolenscs.
1738 2463 1771 2520 34

135 2530 199 2656 Aah
204 2533 235 2587 P.
256 2539 285 2589 et
302 2533 345 2588 W.
372 2533 602 2590 archidiaconum
625 2539 654 2589 et
676 2541 821 2591 cantorem
911 2605 928 2660 4
982 2534 1025 2591 hd
1041 2534 1286 2606 archiepiscopum
1302 2534 1527 2600 Beruensemh.
1543 2533 1570 2590 S.
1583 2533 1662 2605 lega·
1699 2603 1760 2662 md

201 2609 324 2657 aienses.
1017 2613 1087 2660 tum.
1734 2622 1741 2660 r
1765 2647 1772 2660 .

134 2669 180 2726 Ad
195 2669 326 2726 abbatem
342 2679 552 2730 etconventum
563 2674 775 2730 llasnonenses.
853 2673 924 2732 lbid.
980 2674 1024 2731 Ad
1039 2675 1156 2730 abbates
1171 2675 1198 2731 S.
1215 2673 1300 2743 Eligii
1316 2673 1460 2740 Nouam,
1472 2679 1500 2727 et
1516 2673 1543 2728 S.
1560 2671 1664 2729 lohan-

135 2740 180 2796 Ad
193 2742 320 2798 cosdem.
909 2745 927 2800 tt
1016 2746 1061 2800 nis
1085 2745 1112 2799 in
1129 2744 1227 2800 Vincis
1242 2758 1275 2798 ac
1296 2743 1462 2813 stragistrum
1483 2742 1519 2797 de
1533 2745 1664 2810 Feritato,

133 2810 178 2866 Ad
195 2811 320 2867 cosdem.
910 2816 926 2871 6
1015 2816 1185 2870 canonicum
1198 2815 1226 2870 S.
1240 2813 1379 2870 lobannis
1400 2814 1429 2870 in
1456 2813 1554 2870 Vincis
1574 2817 1663 2871 sues·

134 2880 179 2938 Ad
193 2882 319 2938 eosdem.
853 2883 924 2942 lbid.
1017 2885 1190 2939 sioneuscm.
1736 2887 1771 2944 33

133 2951 178 3007 Ad
189 2953 367 3008 Fredericum
380 2953 781 3026 Romanorumimperatorem
792 2961 820 3012 et
981 2953 1022 3010 hu
1039 2955 1067 3010 S.
1081 2953 1215 3010 walerici
1235 2961 1262 3008 ct
1286 2952 1412 3021 abbates,
1430 2953 1553 3024 priorem
1570 2954 1665 3011 saneti

134 3023 527 3149 Adreaffitesrirffsssiaebaurentii
540 3094 569 3150 in
583 3095 689 3166 Campo
702 3099 730 3150 et
742 3095 803 3168 prio
910 3028 926 3082 ⁷
1015 3023 1377 3150 ἔγέοθέεὶῧίτῃωωεῃθῃὼ
1400 3030 1428 3079 et
1452 3023 1662 3096 Romomagffl
1737 3096 1772 3154 33

171 3164 274 3218 rems.
292 3163 430 3220 severini.
909 3166 926 3222 8
979 3163 1066 3221 Adca
1090 3165 1188 3220 itulum
1200 3162 1441 3234 liothomagensc.
1735 3168 1770 3224 34

133 3231 177 3288 Ad
194 3232 323 3288 abbatem
341 3239 368 3288 ct
383 3232 539 3289 monachos
555 3234 722 3304 biarchiam,
745 3235 816 3292 dioe·
979 3234 1022 3292 Ad
1037 3180 1197 3292 Jossannem
1213 3233 1458 3314 archiepiscopum
1469 3235 1664 3294 Viennensem

170 3305 244 3358 cesis
260 3303 463 3359 attrebatensis
909 3307 926 3362 9
1015 3313 1042 3362 et
1055 3305 1234 3362 Guillelmum
1247 3319 1412 3376 episcopum
1426 3305 1551 3362 Gratian.
1736 3306 1771 3365 35

133 3372 178 3429 Ad
191 3374 356 3444 episcopum
371 3381 399 3428 et
411 3375 566 3445 capitulum
581 3373 766 3432 Xanctorum.
852 3375 923 3433 ibid.
979 3375 1022 3432 hd
1039 3375 1207 3446 magistrum
1226 3376 1395 3432 Accont'tum
1411 3375 1618 3432 subdiaconum
1635 3384 1664 3434 et

133 3442 177 3500 Ad
194 3443 438 3515 archiepiscopum
452 3446 711 3516 maguntinensem.
893 3447 926 3504 l0
1014 3447 1205 3517 capellanum,
1216 3445 1251 3502 Α.
1267 3447 1294 3501 3.
1311 3445 1449 3518 legatum.
1736 3449 1771 3504 36

133 3513 799 3574 Administorialcsecclesiaehildensemensis.
892 3519 922 3574 ll
979 3517 1198 3574 thunzellum
1215 3515 1461 3588 archiepiscopum
1475 3516 1618 3588 spalaten.
1734 3520 1769 3576 37

134 3583 573 3656 Aduertotdompatriarcham
586 3587 809 3657 Aquileiensem.
891 3589 925 3645 43
978 3587 1021 3644 Ad
1037 3587 1188 3644 liebertum
1204 3586 1447 3656 vesprimiensem
1466 3601 1562 3657 episco
1585 3603 1642 3644 um.
1734 3590 1769 3646 38

133 3653 178 3710 Ad
200 3655 440 3736 archiepiscopos,
460 3658 611 3727 episcopos
634 3664 662 3712 et
683 3657 754 3714 alios
769 3672 815 3713 ec·
978 3604 1582 3738 AdepismpumbconensemetabbatemS

169 3724 320 3781 clestarum
334 3727 465 3798 praelatos
485 3741 535 3799 per
550 3727 718 3788 Teutoniem
732 3743 816 3785 cons·
1015 3730 1084 3800 Lupi
1096 3730 1322 3799 corisopitensis.
1693 3728 1765 3786 lbid.

169 3796 277 3851 titulos.
851 3797 922 3856 lbid.
977 3797 1021 3854 lu
1054 3799 1247 3869 praepositum,
1276 3796 1416 3852 decanum
1449 3803 1478 3853 et
1506 3797 1661 3870 capitulum
1708 3849 1716 3856 .

133 3864 177 3920 ld
192 3867 326 3922 comitem
341 3866 513 3924 bertoldum.
890 3871 923 3927 43
1014 3870 1259 3925 suessionensem.
1734 3869 1769 3926 39

133 3935 177 3990 Ad
190 3936 321 3992 abbatem
337 3939 365 3994 s.
393 3939 529 4010 Dionysii,
551 3945 579 3994 et
613 3937 816 3996 vicedecanum
977 3937 1160 3994 Adcosdem.
1735 3940 1770 3996 43

172 4019 206 4060 ac
231 4007 399 4075 magistrum
428 4008 464 4064 de
491 4011 635 4078 Bermont,
662 4011 818 4066 canonicos
977 4008 1206 4075 AdJohaoncm,
1223 4007 1449 4078 strigoniensem
1465 4006 1657 4081 archiepisco·

169 4075 335 4132 Rcmenses.
890 4080 923 4137 44
1033 4094 1080 4134 um
1094 4085 1122 4134 et
1134 4078 1334 4149 sullraganeos
1343 4079 1414 4150 ejus.
1693 4079 1764 4137 lbid.

134 4144 177 4201 Ad
201 4145 332 4201 abbatem
348 4147 376 4202 S.
397 4146 508 4229 Martini
528 4154 557 4203 et
575 4150 758 4229 praepositum
783 4164 818 4206 ac
978 4095 1200 4274 Atfcgiscopum
1214 4147 1498 4230 barchinonensem..
1732 4151 1764 4208 li

169 4214 807 4281 Th.decruce,canonicumhmbraneusem.
890 4221 923 4276 lb·
976 4218 1050 4276 Ado
1074 4220 1167 4275 batem
1183 4220 1210 4276 s.
1227 4221 1361 4275 Genauam
1374 4218 1410 4274 de
1425 4219 1525 4274 Pratts.
1732 4221 1768 4278 43

133 4285 175 4341 Ad
190 4287 339 4344 universos
351 4287 453 4345 Christi
464 4287 571 4344 fideles.
889 4291 922 4346 to
976 4289 1019 4347 Ad
1035 4290 1166 4346 abbatem
1186 4297 1214 4345 ct
1228 4295 1400 4346 conventum
1414 4289 1441 4345 S.
1467 4289 1602 4346 Germani
1625 4289 1661 4347 de

132 4355 815 4416 Adabbatemetconventums.Paulidellrbe.
850 4359 920 4417 lbid.
1013 4360 1297 4417 PratisParisiensis.
1694 4361 1765 4420 lbid.

131 4427 175 4484 Ad
197 4427 326 4512 abbatem
344 4430 370 4485 S.
388 4429 540 4511 tacobide
563 4431 697 4499 Pruvino,
724 4432 813 4487 scno·
976 4430 1018 4487 Ad
1048 4430 1162 4512 fratrem
1193 4429 1383 4497 borninicum,
1409 4428 1532 4502 priorem
1553 4429 1661 4488 ordinis
1751 4505 1767 4530 ,

131 4499 420 4626 hdnggssr'tscfalcffiresssrsn
436 4569 614 4652 episcopum.
653 4641 658 4653 .
888 4503 921 4628 {a}
975 4501 1504 4652 Adpitfzglltigesslrslefrlrltarchiepiscopum.
1732 4504 1768 4630 ἓῖ

131 4638 172 4694 hd
190 4639 340 4696 ltobcrtum
359 4644 598 4711 vesprimiensem
614 4655 789 4712 episcopum.
888 4643 921 4699 l9
975 4641 1468 4713 hdepiscopuml'amagustanum.
1731 4643 1766 4699 43

129 4709 172 4765 hd
184 4709 314 4768 abbatem
326 4718 533 4768 etconventum
543 4713 708 4769 monasterii
719 4711 814 4769 sancti
975 4711 1017 4769 Ad
1031 4711 1174 4767 eumdem.
1693 4713 1764 4771 lbid.

1585 3659 1662 3715 ancti

165 4780 277 4836 Martini
295 4781 431 4840 develle.
847 4781 919 4839 lbid.
974 4781 1379 4853 Addccanumetcapitulum
1395 4781 1599 4839 Nivernensesa
1729 4784 1764 4840 46
1859 4817 1864 4822 -

132 4849 173 4904 Ad
187 4852 390 4907 monasterium
408 4859 436 4908 et
452 4859 624 4909 conventum
649 4852 815 4909 manasterii
975 4851 1017 4909 Aa
1031 4852 1161 4908 abbatem
1177 4859 1205 4908 et
1219 4857 1391 4908 conventum
1407 4850 1443 4906 de
1455 4851 1624 4908 camberon.
1691 4853 1763 4911 lbid.

166 4921 194 4976 S.
212 4922 324 4976 blartini
338 4921 373 4978 de
387 4924 476 4980 Valle.
886 4923 918 4980 31
974 4923 1017 4980 hd
1030 4923 1198 4994 magistrum
1211 4923 1240 4978 C.
1257 4921 1500 4989 archidiaconum,
1517 4922 1660 4979 etolllcia·

131 4989 172 5047 dd
194 4993 376 5062 praepositum
402 5000 429 5047 ct
451 4991 550 5048 iratres
573 4992 784 5048 llorterienses.
845 4993 916 5050 lbid.
1010 4994 1065 5048 lem
1096 5007 1129 5047 ac
1160 4991 1436 5062 archipresbyterum
1464 4990 1501 5048 dc
1531 4993 1656 5060 llouton,

132 5061 171 5118 Ad
183 5070 362 5134 paraposrtum
379 5070 407 5119 ct
417 5062 518 5118 iratres
527 5064 737 5131 llortarieuses,
750 5062 811 5120 ord.
1009 5063 1141 5118 dioecesis
1157 5061 1378 5118 lemovicensis.
1732 5064 1767 5123 47

166 5133 192 5188 S.
210 5135 372 5204 Arrgustmi.
885 5133 920 5190 33
973 5133 1016 5189 Ad
1032 5133 1162 5188 abbatem
1178 5141 1205 5187 et
1226 5138 1397 5188 carmentem
1412 5130 1440 5188 S.
1467 5131 1599 5188 Germani
1621 5131 1657 5189 de

131 5201 172 5256 ho
188 5204 314 5272 abbates,
330 5205 447 5276 priores,
460 5203 594 5262 decanos.
611 5210 677 5270 etc,
695 5217 744 5276 per
756 5204 810 5259 Re·
1009 5205 1099 5259 Pratis
1114 5203 1292 5259 Parisicnsis.
1732 5203 1767 5262 48

166 5287 292 5329 mensem
310 5275 673 5346 provinciamconstitutos.
885 5274 919 5330 34
972 5273 1273 5345 Adarchieplscopum
1291 5272 1494 5328 senonensem.
1693 5275 1765 5332 lbid.

12 5399 13 5406 ,
132 5341 172 5398 ild
192 5345 381 5414 Margaretam
403 5347 533 5412 Joannae,
557 5345 697 5401 Flandriae
720 5345 810 5400 comi·
974 5344 1017 5400 hd
1027 5346 1193 5415 episcopum
1209 5343 1430 5398 Ariminensem.
1731 5345 1767 5402 49

165 5414 250 5480 tissa,
268 5429 404 5472 sororem.
885 5414 919 5471 35
974 5415 1272 5484 liderchicpiscopnm
1285 5413 1494 5469 Nicoslensem.
1692 5415 1764 5474 lbid.

133 5482 171 5538 dd
188 5483 618 5552 Gotciridamtlameracensem
634 5485 809 5557 episcopum.
885 5485 919 5541 36
972 5485 1016 5542 hd
1032 5487 1204 5542 Rerrrensem
1220 5483 1477 5555 arelriepiscopum,
1494 5484 1527 5540 Α.
1539 5483 1567 5540 S.
1584 5484 1660 5556 loga·

133 5552 373 5627 Adnajocensem
389 5557 565 5628 episcopum.
885 5556 918 5612 37
1010 5562 1081 5611 tum.
1731 5555 1768 5614 50

132 5623 172 5680 Ad
188 5625 365 5684 Frederiutm
377 5628 570 5684 Romanorum
582 5626 792 5699 imperatorem.
885 5626 919 5683 38
974 5625 1016 5684 dd
1032 5628 1158 5696 Petrum,
1173 5623 1421 5697 archiepiscopum
1438 5623 1645 5682 senonensem.
1732 5627 1765 5686 53
