4274 6388
167 357 291 428 293'

166 541 362 605 solemniter
375 541 411 603 in
425 557 540 604 earum
564 539 711 618 capitulo
725 541 803 604 talis
831 541 959 607 consti-

167 638 252 700 tutio
280 635 367 700 iacta
393 637 503 709 luerit,
537 638 571 700 et
596 639 788 716 iuramento
817 637 959 709 tirmata,

169 734 255 811 quod
276 735 430 796 videlicet
444 733 611 796 abbatissa
625 734 733 810 ipsius
748 735 827 806 loci,
844 750 962 810 quam-

169 846 308 910 cumque
335 831 405 892 tore
429 829 635 906 contingeret
658 830 723 903 bis,
751 831 787 892 in
816 830 962 908 quolibet

168 943 268 1000 anno,
291 928 435 989 decanus
448 942 539 996 vero,
564 927 673 989 etalii
697 927 801 989 balivi
819 927 960 1003 singulis

170 1022 297 1086 duobus
321 1023 490 1086 mensibus
511 1024 612 1086 semel
627 1023 668 1086 de
689 1024 832 1101 receptis
842 1025 879 1086 'et
900 1039 961 1086 cx-

169 1121 281 1198 pensis
307 1121 459 1184 cmnibus
482 1121 660 1184 redderent
684 1120 846 1184 rationem
869 1137 960 1198 prae-

168 1217 316 1280 sentibus
328 1217 502 1279 duodecim
517 1217 718 1280 monialibus
733 1217 848 1279 electis
861 1233 880 1278 a
897 1233 958 1278 ca·

167 1313 272 1392 pitulo
293 1315 325 1376 et
343 1314 526 1387 canonicis,
544 1315 602 1392 qui
623 1314 748 1376 vellent
768 1312 959 1392 hujusmodi

168 1407 344 1473 ratiocinio
367 1411 541 1483 interesse,
560 1411 830 1473 constitutionem
852 1411 959 1486 ipsam

167 1507 363 1580 faceremus,
374 1509 543 1586 tamquam
557 1507 622 1585 ipsi
647 1507 847 1569 monasterio
863 1506 960 1568 valde

168 1605 295 1676 utilem,
317 1603 466 1666 obtinere
488 1603 632 1666 debitam
647 1603 848 1666 firmitatem.
865 1603 962 1664 ldeo-

168 1717 232 1780 que
272 1701 463 1763 discretioni
500 1702 619 1764 vestrae
662 1716 723 1778 per
766 1700 961 1777 apostolica

168 1797 292 1876 scripta
324 1797 530 1870 mandamus,
560 1797 721 1876 quatenus
751 1795 962 1860 constitutio-

167 1910 244 1956 nem
259 1895 377 1972 ipsam,
398 1894 484 1957 sicut
498 1893 634 1972 provide
649 1893 736 1955 lacta
751 1895 813 1966 est,
830 1891 961 1956 faciatis

167 1989 407 2053 inuiolabiliter
430 1985 613 2063 observari,
639 1989 910 2058 contradictores,
932 1989 962 2050 si

169 2086 226 2166 qui
250 2081 374 2149 fuerint
387 2088 440 2149 vel
459 2085 612 2159 rebelles,
627 2102 687 2164 per
710 2102 886 2147 censuram
906 2101 962 2147 ec-

168 2183 401 2256 clesiasticam,
422 2183 643 2260 appellatione
659 2182 853 2260 postposita,
870 2199 962 2244 com-

168 2282 350 2358 pescentes.
379 2280 469 2354 Quod
494 2279 523 2340 si
545 2295 611 2340 non
640 2295 755 2342 omnes
781 2279 836 2340 bis
862 2295 962 2340 exse-

169 2375 307 2454 quendis
332 2376 494 2436 interesse
519 2373 704 2453 potueritis,
726 2374 790 2435 duo
812 2375 961 2436 vestrum

116 2481 122 2492 ·
169 2489 209 2534 ea
230 2471 446 2534 nihilominus
466 2472 701 2549 exsequantur.
727 2471 846 2544 Datum
868 2472 962 2534 Lato·

169 2567 255 2642 rani,
268 2570 345 2629 VIII
355 2568 429 2629 idus
444 2569 616 2644 februarii,
629 2567 840 2646 pontificatus
855 2568 961 2631 nostri

169 2682 256 2730 anno
269 2665 419 2744 septimo.

477 3009 656 3128 nnxvn

168 3184 221 3244 Aet
249 3181 438 3254 capitulum
465 3182 615 3242 ccclesiae
639 3181 675 3242 S.
708 3178 892 3240 Laurentii
919 3179 961 3240 dc

214 3282 386 3343 Vtttaltooa
401 3279 658 3352 Arenteptscopt
668 3289 776 3350 super
791 3279 920 3338 Yonen.

429 3421 598 3480 tilebruaril
621 3421 698 3480 lats.

170 3558 304 3638 ¹litasset„
317 3555 363 3608 lib.
374 3555 429 3616 vll,
443 3555 517 3620 epist.
529 3556 583 3607 103.
596 3556 654 3606 blss.
668 3556 705 3608 La
716 3556 791 3608 Porta
803 3554 838 3606 dn
851 3553 944 3620 rnen]

204 3685 321 3748 bessub
331 3688 407 3746 beati
416 3680 491 3747 Petri
504 3696 534 3746 et
544 3701 596 3746 sua
610 3688 785 3761 protectione
795 3687 925 3760 suscipit.

207 3833 385 3905 Honorius,
405 3833 480 3903 etc,
497 3831 626 3893 dilectis
642 3831 720 3892 tiliis
741 3830 886 3908 capitulo
899 3847 959 3893 ec-

169 3929 280 3992 clesiae
304 3930 416 3992 Sancti
440 3927 612 3990 Laurentii
636 3927 679 3990 de.
699 3929 874 3989 villanova
897 3931 961 3990 Ar-

169 4025 372 4105 cbiepiscopi
398 4041 499 4101 super
525 4027 653 4096 Yonen,
680 4040 859 4103 eorumque
884 4041 962 4086 suc-

168 4123 356 4186 cessoribus
383 4122 544 4184 canonice
562 4121 800 4184 substituendis
827 4121 862 4182 in
883 4137 961 4198 per-

168 4221 315 4299 petuum,
330 4219 482 4291 salutem,
497 4221 560 4282 etc.

210 4317 368 4390 Quotiens
383 4315 570 4392 postulatur
584 4329 604 4378 a
618 4311 724 4386 nobis,
737 4314 823 4393 quod
838 4315 961 4379 rationi

169 4414 355 4491 conveniat,
376 4413 409 4474 et
427 4413 595 4475 canonicae
611 4414 769 4473 consonet
784 4413 958 4485 sanctioni,

168 4511 351 4592 petentium
365 4509 540 4570 desideriis
555 4507 687 4569 facilem
703 4507 859 4569 debemus
874 4525 962 4586 praa-

167 4605 248 4670 bere
270 4621 478 4678 consensum,
495 4621 537 4666 ne
553 4605 588 4665 in
617 4620 656 4666 eo
683 4604 835 4666 difficiles
852 4605 961 4668 ridea-

774 362 1002 428 EPIS'I'OLAE.
1025 365 1104 427 LIB.
1126 367 1197 427 vlt.

1746 369 1806 429 294

1015 523 1199 601 patrocinio
1230 523 1482 598 communimus,
1499 527 1534 588 ln
1560 527 1676 604 primis
1700 527 1807 606 siqui-

1015 621 1089 682 dem
1111 622 1305 694 statuentes,
1319 622 1356 683 ut
1378 637 1602 724 quascumque
1621 625 1807 701 possessio-

1015 733 1085 789 nes,
1111 733 1325 796 quaeoumque
1352 717 1438 780 bona
1463 718 1577 782 eadem
1602 721 1743 784 ecclesia
1770 723 1806 784 in

1015 815 1267 891 praesentiarum
1284 817 1385 891 juste,
1409 815 1442 877 et
1461 817 1622 878 canonice
1646 818 1802 895 possidet,

1015 912 1073 972 aut
1086 911 1123 970 in
1137 910 1285 973 futurum
1299 921 1372 988 quta
1381 911 1482 988 justis
1494 912 1612 984 modis,
1625 917 1805 989 praestante

1015 1008 1165 1080 Domino,
1183 1008 1399 1069 concessione
1414 1009 1607 1084 pontificum
1621 1009 1691 1070 sive
1707 1002 1804 1074 obla-

1013 1095 1105 1166 tione
1129 1103 1275 1165 fidelium
1304 1103 1444 1182 adipisci
1473 1106 1603 1182 poterit,
1631 1107 1726 1167 llrma
1752 1123 1808 1170 ro-

1015 1201 1065 1264 bis
1104 1202 1290 1278 vestrisque
1323 1199 1573 1264 successoribus
1608 1203 1641 1266 et
1676 1203 1807 1268 illibata

1014 1299 1240 1376 permaneant.
1258 1300 1295 1359 ln
1314 1299 1432 1375 quibus
1451 1299 1522 1360 haec
1541 1301 1686 1377 propriis
1707 1301 1809 1363 duxi·

1014 1411 1087 1456 mus
1111 1395 1328 1485 exprimenda
1352 1395 1534 1458 vocabulis.
1556 1399 1678 1460 Locum
1700 1399 1807 1480 ipsum

1015 1493 1050 1556 in
1069 1508 1134 1570 quo
1157 1491 1296 1572 praefata
1320 1492 1462 1556 ecclesia
1485 1490 1549 1556 sita
1569 1496 1620 1558 est
1638 1512 1712 1558 cum
1732 1512 1809 1568 οῐῐι-Ι
1841 1491 1847 1500 “

1015 1588 1111 1650 nibus
1145 1589 1355 1666 pertinentiis
1384 1591 1469 1664 suis3
1503 1591 1636 1654 domum
1664 1594 1697 1656 et
1723 1610 1811 1676 pos--⁴

1015 1687 1180 1750 sessiones
1196 1702 1271 1748 cum
1286 1687 1495 1764 pertinentiis
1511 1689 1713 1761 earumdem.
1723 1706 1807 1770 quas

1016 1783 1180 1862 quondam
1199 1783 1305 1846 Guido
1321 1783 1361 1844 de
1375 1785 1514 1846 camera
1528 1785 1635 1846 eidem
1657 1787 1808 1848 ecclesiae

1015 1881 1135 1942 uestrae
1155 1880 1211 1956 pia
1234 1879 1435 1946 liberalitate
1464 1882 1645 1958 concessit;
1661 1883 1806 1957 domum,

1016 1977 1160 2055 quaesita
1171 1977 1322 2053 estjuxta
1337 1977 1563 2040 coemeterium
1576 1980 1721 2042 vestrum
1732 1996 1809 2040 cum

1016 2073 1131 2150 pratis,
1148 2073 1267 2145 vineis,
1281 2073 1394 2146 terrie,
1405 2074 1606 2148 nemoribus,
1614 2075 1764 2156 usuagiis
1776 2077 1810 2139 et

1016 2171 1160 2246 pascuis,
1175 2169 1322 2232 inbosco
1335 2171 1368 2232 et
1381 2171 1493 2248 plano,
1510 2169 1545 2234 in
1558 2173 1665 2250 aquis,
1688 2175 1722 2234 et
1737 2189 1810 2236 om-

1017 2267 1114 2330 nibus
1141 2267 1217 2329 aliis
1245 2267 1454 2330 libertatibus
1483 2272 1518 2330 et
1544 2269 1808 2334 immunitatibus

1016 2364 1098 2426 suis.
1130 2364 1350 2426 Prolubemus
1371 2365 1509 2446 insuper
1535 2368 1572 2428 ut
1604 2367 1691 2428 intra
1725 2367 1809 2430 fines

1015 2460 1183 2538 parochiae
1205 2463 1324 2524 vestrae
1349 2462 1460 2524 nullus
1487 2463 1560 2526 sine
1585 2479 1724 2526 assensu
1749 2467 1811 2528 Se-

1016 2573 1137 2620 nonen.
1165 2558 1408 2636 archiepiscopi
1435 2558 1616 2624 dioecesani
1641 2558 1745 2627 uestri
1778 2563 1811 2624 et

1015 2655 1119 2717 uestri
1145 2655 1322 2742 capellani,
1339 2656 1522 2718 oratorium
1548 2658 1589 2718 de
1617 2675 1702 2720 nouo
1729 2675 1811 2722 cen-

1016 2755 1146 2814 struere
1181 2750 1312 2824 audeat,
1342 2753 1445 2814 salvis
1480 2753 1665 2830 privilegiis
1699 2756 1813 2832 ponti·

1016 2849 1371 2910 ficuvaomanorum.
1390 2849 1600 2926 sepulturam
1620 2867 1750 2930 quoque
1762 2852 1810 2930 ip-

1017 2947 1086 3006 sius
1101 2945 1165 3005 loci
1180 2945 1319 3007 liberam
1335 2961 1409 3006 esse
1424 2945 1633 3008 decernimus
1649 2950 1809 3011 uteorum

1016 3042 1195 3116 devotioni,
1210 3044 1289 3114 ete,
1305 3057 1412 3116 usque
1427 3059 1568 3120 corpora
1584 3048 1808 3108 assumantur.

1016 3140 1167 3202 Decimas
1195 3139 1358 3217 praeterea
1385 3141 1418 3202 et
1444 3143 1673 3216 possessiones
1692 3144 1733 3205 ad
1753 3145 1810 3220 jus
1926 3211 1940 3218 ,

1016 3237 1166 3300 ecclesiae
1194 3237 1314 3299 vestrae
1343 3237 1542 3314 spectantes,
1568 3255 1642 3316 quae
1667 3254 1688 3300 a
1713 3240 1810 3303 laicis

1016 3335 1206 3396 detinentur
1237 3333 1432 3407 redimendi,
1474 3337 1508 3397 et
1540 3334 1687 3412 legitime
1720 3337 1807 3399 libe-

1016 3431 1112 3493 randi
1154 3431 1194 3492 de
1226 3431 1381 3492 manibus
1416 3446 1533 3495 eorum
1567 3435 1601 3496 et
1626 3434 1667 3496 ad
1701 3435 1810 3498 eccle·

1015 3529 1115 3601 siam,
1146 3526 1187 3590 ad
1221 3544 1320 3606 quam
1350 3529 1531 3606 pertinent,
1559 3531 1737 3593 revocandi
1766 3532 1810 3594 li-

1015 3621 1095 3686 bera
1116 3624 1160 3687 sit
1175 3623 1269 3686 vobis
1291 3625 1332 3685 de
1353 3627 1466 3688 nostra
1486 3627 1683 3690 auctoritate
1701 3628 1809 3690 tacul-

1014 3724 1077 3784 tas.
1096 3719 1281 3784 Libertates
1297 3722 1472 3799 quoquest
1492 3721 1728 3796 immunitates,
1746 3740 1808 3786 nec

1014 3834 1083 3880 non
1107 3820 1140 3880 ct
1171 3819 1398 3896 exemptiones
1423 3819 1635 3881 saecularium
1664 3820 1809 3883 exactio·

1016 3940 1096 3988 num
1119 3923 1160 3986 ab
1189 3923 1358 4002 aliquibus
1384 3922 1537 3985 fidelibus
1563 3925 1807 3991 rationabiliter
1868 3923 1878 3932 “

1014 4020 1109 4084 vobis
1131 4020 1289 4093 indultas,
1301 4021 1499 4084 auctoritate
1517 4021 1707 4099 Apostolica
1725 4037 1809 4086 con-

1015 4117 1185 4183 firmamus
1212 4119 1245 4179 et
1267 4119 1442 4195 praesentis
1476 4119 1592 4196 scripti
1630 4120 1806 4198 privilegio

1015 4213 1269 4278 communimus.
1299 4215 1516 4278 Decernimus
1544 4231 1624 4294 ergo
1652 4217 1689 4280 ut
1721 4219 1807 4280 nulli

1015 4312 1149 4375 omnino
1177 4311 1349 4373 hominum
1375 4312 1475 4375 liceat
1500 4314 1672 4390 praelatam
1697 4316 1807 4378 eccle-

1015 4409 1100 4472 siam
1109 4409 1234 4471 temere
1255 4407 1461 4486 perturbare,
1476 4411 1552 4483 etc..
1566 4427 1673 4487 usquc
1687 4411 1806 4490 proin-

1014 4508 1103 4578 tura‚
1123 4506 1217 4570 salva
1237 4505 1539 4584 sedisapostolicae
1560 4509 1758 4572 auctoritate
1774 4510 1807 4572 et

1016 4605 1182 4666 senonen.
1208 4602 1451 4680 archiepiscopi
1479 4607 1639 4668 canonica
1664 4607 1806 4684 justitie.

169 4720 254 4778 mur,
272 4704 357 4782 quod
377 4703 531 4766 convenit
545 4702 699 4764 celeriter
716 4701 898 4777 indulgere.
915 4705 961 4763 Ea
1017 4701 1052 4762 Si
1065 4716 1130 4777 qua
1145 4700 1248 4776 igitur
1259 4701 1294 4761 in
1306 4700 1463 4772 futurum,
1474 4704 1536 4763 etc.
1553 4703 1807 4764 Cunctisautem

169 4803 314 4880 propter,
329 4799 441 4861 dilecti
455 4801 491 4860 in
510 4799 650 4861 Domino
664 4798 736 4871 lilii,
751 4799 870 4860 vestris
886 4801 962 4877 jus·
1015 4798 1123 4860 eidem
1149 4797 1234 4871 loco,
1257 4797 1338 4870 etc,
1365 4813 1473 4872 usque
1498 4798 1658 4862 inveniat.
1689 4802 1806 4862 Amen.

169 4900 213 4962 tis
232 4897 511 4978 postulationibus
527 4896 706 4958 clementer
721 4896 909 4968 annuimus,
929 4896 962 4958 et
1016 4895 1134 4958 Datum
1149 4893 1318 4966 Laterani,
1332 4910 1392 4971 per
1413 4909 1546 4956 manum
1562 4895 1721 4958 (luidonis
1744 4896 1808 4957 do-

169 4995 345 5058 ecclesiam
357 4995 469 5055 Sancti
481 4993 651 5054 Laurentii
665 4992 704 5054 de
718 4993 962 5055 villanovaAr-
988 5045 989 5048 ,
1016 4991 1098 5054 mini
1138 5007 1233 5068 papae
1272 4991 1450 5067 capellani,
1482 4993 1556 5055 Vlll
1581 4992 1655 5056 idus
1683 4994 1807 5068 martii,

170 5091 373 5172 chiepiscopi
382 5105 482 5168 super
491 5090 667 5162 Yonen‚in
683 5106 747 5168 qua
759 5089 872 5151 divino
883 5090 963 5151 estis
1017 5088 1085 5149 ind.
1097 5090 1153 5160 XI,
1167 5088 1411 5149 incarnationis
1427 5087 1607 5150 Dominicae
1620 5092 1807 5164 ann01223‚

170 5189 327 5268 obsequio
340 5187 530 5264 mancipati,
539 5185 694 5248 subbeati
704 5185 793 5248 Petri
804 5188 837 5249 et
849 5187 963 5248 nostra
1017 5183 1230 5262 pontificatus
1249 5199 1329 5246 vero
1344 5183 1470 5246 domini
1489 5187 1629 5248 Honorii
1650 5189 1749 5266 Papae
1765 5191 1810 5250 lll

169 5285 375 5366 protectione
395 5283 604 5362 suscipimus,
615 5285 647 5346 et
661 5282 835 5362 praesentis
849 5283 964 5360 scripti
1018 5297 1106 5344 anno
1119 5282 1270 5358 septimo.
