4222 6374
250 343 255 350 ,
289 271 348 334 147
900 267 1078 335 HONORII
1100 269 1145 332 III
1167 270 1315 334 OPERA.
1874 273 1933 336 lle

288 428 421 512 dilectis
435 429 514 492 tiliis
535 428 661 494 decano
681 427 717 492 et
732 425 878 506 capitulo
895 429 928 508 S.
944 430 1083 496 Martini
1140 430 1205 503 tur,
1220 431 1307 509 quod
1317 447 1358 494 ea
1376 448 1451 510 quae
1465 429 1674 498 venerabiles
1689 429 1810 498 iratres
1824 433 1932 496 nostri

289 527 496 598 leodiensis,
521 525 663 590 salutem
687 525 721 588 et
742 527 959 604 apostolicam
982 527 1085 590 bene-
1141 529 1314 590 Remensis
1329 530 1600 608 archiepiscopus
1610 531 1658 611 (1)
1680 535 1717 596 A.
1735 533 1769 594 S.
1788 531 1929 607 legatus,

290 623 479 696 dictionem.
1138 625 1172 688 et
1187 627 1392 703 suffraganei
1407 629 1471 700 vni,
1488 629 1529 690 de
1541 629 1700 692 vicesima
1718 643 1777 706 pro
1797 629 1931 706 negotio

331 725 418 787 Sane
442 723 657 800 significastis
681 724 786 797 nobis,
820 723 906 804 quod
930 739 952 784 a
974 723 1083 800 longis
1139 723 1216 784 lidei
1229 723 1436 798 ordinarunt,
1462 725 1541 787 11091
1559 725 1673 788 dilecti
1697 725 1931 788 lilii-Suessio-

289 821 379 890 retro
402 821 605 898 temporibus
629 823 772 886 ecclesia
795 822 908 884 vestra
932 821 1085 898 superior
1138 821 1251 884 nensis
1267 823 1299 884 et
1312 823 1561 885 Cameracensis
1576 823 1705 897 decem,
1722 825 1755 885 91
1773 823 1933 898 magister

291 919 327 986 in
345 919 582 996 temporalibus
600 921 689 983 inter
710 921 795 982 alias
814 919 1010 990 habebatur,
1026 917 1083 980 sed
1140 919 1327 996 Stephanus
1342 920 1591 984 Suessiouemis
1613 920 1805 992 canonieus,
1818 920 1933 982 nuncil

290 1017 570 1082 invalescentibus
596 1017 712 1082 contra
733 1033 807 1080 eam
839 1016 944 1079 variis
971 1017 1005 1078 et
1027 1015 1082 1076 di-
1138 1016 1241 1078 vestri
1251 1033 1351 1096 super
1359 1017 1434 1090 boo,
1444 1018 1530 1080 sicut
1538 1018 1602 1080 viri
1613 1017 1743 1096 providi
1756 1018 1790 1080 et
1802 1017 1930 1090 fideles,

289 1114 398 1176 versis
426 1114 721 1191 persecutionibus,
751 1115 795 1178 ad
826 1114 954 1176 tantam
979 1113 1083 1176 deve·
1139 1113 1236 1177 nobis
1250 1115 1465 1178 vehementer
1478 1114 1672 1188 institerint,
1693 1131 1761 1176 non
1776 1113 1933 1176 1101111009

292 1211 389 1274 uerat
411 1212 570 1290 inopiam,
596 1213 684 1290 quod
705 1212 746 1274 de
769 1211 957 1290 praebendis
977 1211 1083 1288 ipsius
1138 1209 1357 1282 immutanda,
1372 1210 1435 1272 hoc
1446 1210 1591 1272 maxime
1604 1209 1789 1274 (1911100191
1800 1225 1842 1274 09
1857 1224 1934 1272 con-

195 1353 197 1358 ,
292 1309 443 1390 ecclesiae
464 1326 530 1374 nou
552 1311 711 1388 poteratis
734 1310 927 1384 sustentari,
953 1309 1087 1373 910011-
1137 1307 1190 1375 tra
1228 1323 1290 1369 nos
1328 1307 1523 1371 laxarentur
1550 1307 1639 1370 labia
1675 1307 1931 1378 detrahentium,

291 1405 422 1468 suetum
435 1407 542 1468 eidem
559 1407 749 1486 impendere
764 1395 970 1470 famulatum.
990 1406 1083 1468 Unde
1138 1403 1301 1482 nobisque
1315 1405 1519 1480 imputarent
1532 1406 1637 1482 ipsius
1648 1405 1780 1466 ruinam
1794 1403 1931 1479 negotii,

289 1505 492 1568 venerabilis
505 1505 609 1568 irater
620 1507 733 1568 noster
747 1507 957 1568 Coloniensis
972 1504 1085 1569 archi·-
1138 1500 1167 1562 si
1182 1503 1298 1565 9001111
1313 1499 1834 1564 1111111111109190111090909119119
1849 1499 1935 1562 arti-

291 1602 466 1679 episeopus
503 1604 788 1680 metropolitanus,
835 1605 868 1666 91
907 1603 1084 1680 episcopus
1139 1597 1213 1660 culo
1245 1597 1365 1660 secisse
1389 1599 1517 1676 aliquid
1546 1598 1747 1662 videremur.
1776 1597 1933 1662 volentes

171 1743 172 1751 .
291 1698 485 1762 leodiensis
497 1699 705 1764 dioecesanus
716 1701 792 1770 loci,
805 1700 987 1764 miserabili
998 1703 1085 1778 ejus·
1139 1697 1249 1758 autem
1266 1695 1413 1758 libertati
1427 1698 1546 1759 vestrae
1561 1697 1601 1756 in
1619 1696 1787 1773 posterum
1805 1709 1935 1770 praca-

292 1797 365 1860 dem
380 1798 530 1860 ecclesie
550 1799 638 1860 statu
662 1799 811 1875 pensato,
833 1799 875 1859 ad
894 1798 1084 1860 relevamen
1138 1808 1227 1864 vere,
1245 1794 1443 1856 auctoritate
1469 1795 1683 1870 praesentium
1708 1792 1931 1862 declaramus,

292 1895 398 1972 ipsius
413 1897 446 1958 et
465 1895 589 1958 cultum
610 1897 647 1956 in
668 1912 710 1956 aa
724 1897 901 1972 pristinum
917 1911 1083 1972 reparan-
1139 1906 1222 1952 onus
1244 1891 1350 1966 ipsius
1376 1891 1544 1954 vicesimae
1568 1890 1795 1967 persolvendae
1815 1888 1855 1952 ab
1871 1902 1932 1954 ar-

293 1991 370 2053 dum
388 1993 429 2053 de
444 1992 601 2056 blilehem
620 2009 694 2054 cum
714 1993 924 2070 pertinentiis
946 1993 1027 2064 suis,
1044 1991 1085 2052 de
1139 1986 1349 2064 chiepiscopo
1362 1987 1555 2063 supradicto
1570 1987 1606 2050 et
1630 1988 1707 2050 aliis
1729 2003 1798 2048 nou
1817 1985 1932 2063 potes-

292 2089 440 2162 Famala,
457 2090 497 2151 de
511 2091 675 2162 Berreste,
691 2090 732 2152 de
746 2090 823 2151 Usci
841 2091 874 2152 91
893 2090 933 2150 de
948 2088 1084 2150 Marciis
1138 2083 1205 2146 tate
1231 2084 1415 2155 ordinaria,
1437 2084 1495 2146 sed
1522 2085 1725 2146 auctoritate
1742 2083 1934 2160 apostolica

290 2186 462 2259 ecclesias,
493 2187 713 2264 capitulorum
746 2202 881 2248 suorum
907 2185 1085 2248 accedente

294 2301 470 2358 consensu,
486 2285 580 2346 vobis
595 2288 628 2346 91
649 2285 756 2346 eidem
776 2285 861 2358 loco,
878 2285 1010 2361 pietatis
1031 2285 1086 2344 in-

291 2381 379 2444 tuitu
401 2383 647 2443 concesserunt.
669 2383 738 2444 Nos
760 2397 839 2458 ergo
860 2382 981 2443 vestris
1004 2397 1086 2456 sup-

293 2479 528 2556 plicationibus
553 2483 748 2551 annuentes,
776 2479 862 2556 quod
885 2495 945 2557 per
968 2479 1084 2541 archi-

292 2577 484 2654 episcopum
505 2577 538 2638 et
561 2577 762 2654 episcopum,
793 2577 825 2638 91
851 2576 996 2655 capitula
1025 2589 1086 2637 sua

291 2673 451 2750 praedicta
472 2674 526 2750 pie
548 2689 652 2752 super
666 2675 729 2735 hoc
750 2675 783 2736 et
802 2674 939 2750 provide
962 2672 1089 2734 lactum·

291 2771 353 2840 est.
369 2771 462 2834 vobis
476 2771 509 2834 et
520 2789 580 2850 per
593 2772 815 2836 vosecclesiaa
829 2773 950 2834 vestrae
971 2773 1086 2833 aucto-

292 2870 391 2931 ritate
410 2869 599 2947 apostolica
624 2869 858 2932 confirmamus
879 2870 911 2932 et
932 2885 1085 2947 praesen-

292 2967 336 3028 tis
358 2967 472 3044 scripti
500 2968 685 3044 patrocinio
716 2967 971 3029 communimus.
994 2966 1087 3027 Nulli

294 3079 374 3138 ergo
390 3065 524 3126 omnino
533 3066 704 3125 hominum
716 3065 816 3126 liceat
830 3065 917 3125 hanc
931 3064 1085 3140 paginam

294 3163 417 3221 nostrae
446 3161 661 3236 protectionis
686 3163 718 3222 et
746 3161 1009 3223 confirmationis
1032 3161 1087 3221 in-

295 3257 452 3333 tringere,
472 3259 525 3320 vel
544 3261 576 3320 ei
594 3275 680 3320 ausu
701 3259 882 3320 temerario
907 3258 1084 3322 contraire.

297 3355 333 3414 Si
352 3354 426 3430 quis
443 3356 553 3416 autem
568 3356 631 3416 hoc
646 3356 811 3417 attentare
826 3355 1084 3432 praesumpserit,

294 3451 557 3528 indignationem
574 3453 811 3530 omnipotentis
830 3452 889 3514 Dei
914 3453 947 3514 91
967 3453 1086 3515 beato-

296 3563 371 3616 rum
386 3551 476 3612 Petri
492 3551 524 3612 et
538 3551 636 3612 Pauli
648 3550 876 3627 apostolorum
890 3552 962 3628 ejus
977 3566 1013 3612 se
1025 3567 1088 3612 no·-

296 3647 384 3709 verit
409 3647 634 3708 incursurum.
661 3649 781 3709 Datum
807 3648 975 3720 Laterani,
996 3649 1087 3709 XVII

295 3743 363 3808 kal.
376 3745 475 3824 junii,
489 3745 703 3824 pontificatus
718 3745 826 3810 nostri
843 3759 932 3808 anno
949 3743 1084 3825 (sexto).

294 4211 1086 4288 accapuutoetclesoosnenwnseprcvmctc.

587 4343 619 4399 17
640 4341 805 4400 1110111112.

203 4537 214 4548 ⁸
296 4465 434 4532 [bouquet
444 4465 547 4518 11000011
559 4465 675 4516 desunt.
689 4465 757 4522 XIX,
769 4479 796 4530 p.
806 4463 866 4526 lilp
879 4465 978 4530 Iicqsst.
990 4463 1089 4529 libii,

616 4544 689 4610 epist.
701 4544 769 4609 38111

296 4653 453 4713 Persuadct
481 4653 623 4711 110οο0101
646 4651 767 4720 clericis,
786 4657 818 4708 01
840 4651 1020 4722 vicesimam,
1035 4651 1090 4709 hoc

331 4744 496 4814 triennium,
517 4743 676 4800 voluntarie
696 4741 868 4814 persolvent,
883 4749 912 4798 et
931 4749 1039 4800 metum
1054 4741 1089 4798 (19

330 4831 464 4905 imposita
490 4831 636 4888 taxatione
656 4829 685 4886 in
710 4837 855 4902 posterum
881 4828 1089 4886 demitesserta

331 4936 431 4979 eorum
446 4919 575 4978 libertate
597 4926 698 4976 contra
713 4919 864 4992 episcopos
884 4924 913 4974 91
932 4916 1089 4990 archiepis·

333 5023 430 5084 copos.

337 5135 505 5196 Honorius
520 5134 733 5212 episcopus...
753 5132 882 5194 dilectis
898 5131 978 5194 liliis
994 5133 1090 5210 oapi-

297 5230 376 5294 tulis
389 5233 422 5294 91
434 5231 494 5292 1011
514 5232 603 5293 01900
627 5230 800 5295 Remensis
820 5229 1013 5308 provinciae,
1031 5245 1090 5291 sa-

297 5331 376 5402 tem,
391 5331 454 5392 910.

337 5429 413 5490 Non
429 5426 601 5488 moveatur
615 5428 725 5488 vestra
741 5426 898 5489 discretio
913 5425 1093 5490 191100119-

333 5586 377 5661 (l)
394 5581 605 5658 Gulllelmusde
620 5577 761 5642 101011119.

1140 2181 1330 2257 impositum
1357 2180 1451 2243 vobis
1478 2197 1565 2254 esse,
1586 2179 1793 2242 decernendo
1822 2196 1865 2243 ne
1891 2195 1935 2242 ex

1139 2293 1178 2342 90
1202 2279 1289 2356 quod
1316 2277 1411 2342 vobis
1429 2278 1631 2354 irrequisitis
1653 2277 1843 2354 impositum
1871 2277 1935 2340 luit

1139 2391 1223 2437 onus
1232 2375 1433 2453 hujusmodi,
1447 2375 1682 2452 praejudiciuna
1691 2373 1825 2454 aliquod
1840 2373 1934 2436 vobis

1139 2474 1174 2535 in
1189 2475 1357 2551 posterum
1372 2475 1560 2550 generetur,
1575 2487 1616 2534 ac
1640 2471 1823 2535 districtius
1838 2471 1934 2534 iuhi-

1139 2569 1246 2632 beudo
1261 2585 1304 2632 ne
1324 2570 1569 2646 archiepiscopi
1588 2569 1641 2632 191
1656 2569 1805 2646 episcopi
1817 2569 1932 2641 vestri,

1139 2667 1329 2745 hujusmodi
1342 2667 1528 2740 occasione,
1541 2665 1935 2744 praesumantinvossibi
1963 2661 1970 2674 '

1140 2765 1316 2828 vindicare
1326 2781 1446 2828 novam
1461 2766 1518 2826 aut
1538 2764 1705 2827 insolitam
1726 2765 1932 2840 potestatem.

1139 2863 1282 2935 hdhaec,
1306 2862 1464 2939 quidquid
1488 2861 1631 2924 subsidii
1645 2875 1863 2938 personarum
1874 2861 1935 2922 aut

1140 2977 1252 3022 rerum
1268 2960 1445 3022 0001909119
1469 2961 1603 3035 negotio
1627 2957 1819 3029 memorato,
1839 2955 1933 3019 vobis

1141 3059 1177 3120 iu
1204 3056 1465 3120 satisfactionem
1504 3059 1690 3118 vestrorum
1727 3054 1933 3132 injungimus

1141 3155 1363 3233 peccatorum.
1381 3159 1448 3218 Vos
1469 3154 1571 3231 igilur
1594 3153 1642 3216 sic
1654 3151 1835 3216 voluntarii
1849 3151 1933 3212 sub·-

1141 3254 1285 3315 veniatis
1298 3253 1431 3329 negotio
1440 3253 1630 3329 saepedicto
1645 3250 1731 3328 quod
1741 3249 1936 3325 obsequium

1141 3352 1289 3412 vestrum
1316 3351 1483 3426 tamquam
1512 3351 1731 3425 spontaneum
1741 3345 1936 3408 Dominoslt

1141 3447 1324 3524 acceptum,
1339 3447 1372 3507 et
1384 3461 1444 3506 nos
1458 3445 1632 3506 caritatem
1645 3446 1792 3506 vestram
1810 3441 1934 3504 debea-

1142 3561 1214 3604 mus
1241 3544 1360 3605 merito
1389 3541 1631 3604 commendare.
1657 3542 1778 3604 Datum
1812 3539 1932 3612 alatri,

1141 3643 1216 3703 XVI
1230 3640 1298 3702 kal.
1310 3639 1411 3718 junii,
1424 3653 1512 3701 anuo
1527 3640 1633 3700 sexto.

1439 3993 1638 4086 CLXXIII

1163 4149 1214 4210 Aci
1233 4149 1460 4220 (1011100000,
1483 4150 1688 4210 lismensem
1706 4143 1908 4218 archiepisc.

1433 4287 1467 4344 tt
1481 4287 1549 4344 maii
1566 4285 1644 4344 tait.

1174 4419 1313 4485 [1100111101.
1325 4419 1400 4478 ibid„
1412 4433 1439 4484 p.
1449 4419 1509 4478 111;
1522 4420 1631 4483 blegent,
1642 4417 1686 4468 lib.
1700 4416 1742 4476 vl,
1755 4416 1828 4480 epist.
1837 4413 1907 4480 381]

1144 4541 1937 4617 110001οω11909οε09101190100011090009010010000,

1180 4633 1359 4692 amicabilem
1375 4631 1480 4690 lecerat
1491 4632 1727 4705 compositionem
1740 4645 1806 4687 cum
1819 4628 1936 4702 quibus·

1179 4721 1245 4782 tiam
1265 4722 1396 4796 capitulis
1417 4720 1629 4779 cathedralibus
1648 4719 1683 4777 dc
1708 4717 1845 4776 solvenda
1860 4717 1937 4774 1109-

1179 4811 1253 4868 sima
1268 4818 1347 4884 parte
1360 4807 1532 4878 reddituum,
1545 4815 1644 4866 censet
1656 4808 1798 4866 lloncrius
1810 4806 1939 4864 similiter

1178 4899 1326 4973 agendum
1344 4899 1428 4956 annis
1439 4897 1667 4971 insequentibus.

1184 5033 1353 5096 HonorIus
1378 5033 1603 5112 episcopus...,
1630 5029 1817 5094 venerabili
1842 5027 1939 5090 iratri

1147 5132 1398 5208 archiepiscopo
1415 5132 1582 5202 ilamensi,
1602 5133 1640 5190 A.
1655 5131 1688 5189 S.
1702 5127 1824 5203 legato,
1840 5125 1938 5186 salu-

1146 5230 1300 5398 teIIIIthtY
1316 5325 1377 5387 tibi
1390 5323 1587 5395 deferentes,
1604 5337 1663 5399 per
1682 5320 1832 5398 patentes
1846 5317 1939 5380 litte-

1147 5441 1203 5487 ras
1227 5427 1293 5488 tuaa
1320 5420 1521 5486 fraternitati
1543 5419 1749 5492 mandemus
1766 5418 1803 5480 ut
1820 5415 1942 5480 vicesi-
