4244 6374
339 260 464 339 sm‘

340 451 453 499 sorum
478 438 571 499 stans
599 438 823 507 matrimonio,
850 438 1134 502 allaborantibus

339 534 382 594 ad
405 549 520 596 eorum
548 535 740 607 divortium,
765 536 931 612 intrepide
954 536 990 596 in
1014 533 1133 598 faeiem

339 633 541 704 eorumdem,
561 634 702 710 Justitiae
720 650 834 696 amore
853 635 1025 696 resistens.
1050 634 1133 704 Quia

337 743 418 792 vero
431 730 519 790 idem
542 733 578 790 B.
600 746 660 792 rex
681 747 816 806 marom
837 747 897 808 pro
921 731 1133 792 matrimonio

338 825 410 901 ipso
419 827 683 902 persecutionem
694 827 989 899 sustinet,coaotus
1000 829 1134 905 proptor
1183 837 1187 844 ·

337 920 402 984 hoc
412 923 446 982 in
459 924 581 984 terram
594 924 715 984 nobilis
725 925 802 994 viri,
817 925 910 988 ducis
925 925 1081 998 nustria,
1097 940 1134 985 se

337 1019 537 1094 transserre3
574 1020 816 1083 fraternitatem
850 1027 941 1084 tuam
977 1035 1134 1096 rogamus

337 1117 371 1178 et
383 1116 556 1178 hortamur
570 1119 705 1190 attente,
730 1119 894 1195 quatenus
915 1120 1009 1180 tuum
1025 1118 1134 1178 adhuc

338 1213 403 1274 sibi
419 1214 607 1285 consilium,
624 1211 833 1276 et'auxilinm
846 1217 1005 1291 tanquam
1019 1215 1053 1274 in
1068 1214 1133 1274 ad-

335 1310 495 1372 versitate
520 1311 710 1388 hujusmodi
743 1313 981 1382 necessarium,
1004 1309 1132 1372 libera-

334 1405 412 1468 liter
426 1407 459 1467 st
470 1405 611 1470 libenter
622 1408 794 1484 impendas
809 1409 856 1468 ita
869 1408 954 1484 quod
968 1408 1033 1484 ipsi
1048 1422 1133 1474 oon-

337 1503 405 1564 silii
420 1505 453 1566 et
467 1504 587 1564 auxilii
602 1505 651 1566 tui
673 1521 734 1581 ope
755 1505 891 1570 suffulto
904 1506 979 1581 post
995 1507 1135 1580 tempes-

335 1601 437 1662 tatem
448 1601 724 1678 tranquillum,ot
734 1617 888 1663 serenum
900 1603 973 1678 post
983 1600 1133 1667 nubilum

336 1697 469 1758 mndem
483 1697 553 1760 flat.
569 1699 687 1762 Datum
700 1699 867 1770 Laterani,
885 1700 959 1761 Vlll
973 1698 1134 1764 kalendas

336 1794 459 1867 martii,
476 1795 689 1871 pontificatus
704 1797 810 1864 nostri
826 1811 913 1859 anno
930 1797 1059 1856 octavo.

642 2132 834 2221 CXXXIV

433 2269 489 2342 'ild
502 2283 795 2356 orclrteptscopom
811 2285 1036 2346 colocensem.

598 2411 633 2468 22
648 2409 782 2468 lebruarll
798 2411 877 2469 liti.

501 2531 592 2598 [saper.
603 2533 665 2584 cod.
683 2533 802 2600 diplom,
815 2533 858 2592 ill,
871 2535 891 2592 l,
907 2533 976 2598 aaa]

343 2646 451 2706 Eadem
466 2661 551 2706 eausa
567 2649 751 2708 colocensem
768 2650 855 2706 etiarn
870 2651 904 2707 h.
921 2650 1134 2722 episcopocum

512 2736 571 2794 suis
585 2737 778 2810 suffraganeis
789 2737 964 2795 cohortatur.

380 2853 548 2914 Honorius
558 2853 745 2930 episcopus,
754 2869 871 2916 servus
880 2868 1053 2916 servorum
1062 2854 1134 2925 Dei,

341 2949 591 3026 archiepiscopo
627 2951 815 3022 colocensi,
850 2952 884 3011 et
915 2950 1137 3026 suffraganeis

342 3048 435 3122 ejus.¹

382 3144 488 3212 Quum
501 3142 695 3206 carissimus
710 3143 745 3204 in
761 3143 892 3208 Christo
907 3143 996 3204 illius
1010 3144 1135 3215 noster,

344 3252 405 3299 rex
419 3238 509 3308 Bela,
522 3239 763 3316 primogenitus
776 3241 941 3302 carissimi
956 3241 991 3305 in
1007 3240 1137 3301 Christo

341 3335 403 3396 lilii
417 3335 524 3396 nostri
537 3335 689 3410 Andreas,
706 3337 796 3413 regis
812 3338 967 3412 Ungariae
982 3337 1136 3410 illustris,

342 3447 478 3508 gravem
492 3447 550 3508 pro
564 3445 615 3498 eo,
630 3433 715 3512 quod
729 3449 868 3495 uxorem
881 3449 976 3495 suam
991 3433 1031 3498 ad
1048 3449 1139 3496 man-

344 3529 457 3590 datum
472 3530 621 3590 nostrum
634 3529 770 3606 recepit,
785 3531 1051 3608 prosecutionem
1065 3547 1140 3592 sus-

342 3627 463 3698 tineat,
486 3626 621 3688 coactus
651 3641 694 3688 ex
722 3627 844 3688 hocin
868 3630 992 3690 terram
1018 3627 1139 3688 nobilis

343 3724 420 3796 viri,
438 3723 532 3784 ducis
544 3721 698 3796 Austriae,
714 3740 749 3786 se
763 3725 945 3786 transferre
961 3747 968 3784 ι
983 3723 1140 3786 fraterni-

341 3821 405 3884 tati
425 3821 546 3882 vestras
571 3835 630 3896 per
648 3819 839 3897 apostolica
860 3821 983 3898 scripta
998 3821 1139 3882 manda-

344 3934 429 3989 mus,
442 3919 605 3994 quatenus
617 3917 777 3994 praedicto
790 3918 867 3980 nato
879 3918 967 3994 regis
980 3918 1138 3994 ejusdem,

958 280 1134 352 Honoun
1156 281 1201 340 111
1223 279 1371 342 OPERA.

1506 447 1675 533 CXXXV

1298 599 1350 657 Ad
1364 599 1568 672 Leopocdam
1580 597 1734 694 Austrtoe
1745 599 1888 677 darent,

1446 727 1481 784 22
1494 724 1626 784 februarii
1642 727 1719 784 lara.

1350 850 1442 914 ffojer,
1456 847 1516 899 (lod.
1532 849 1650 912 diplom,
1663 850 1707 906 lll,
1718 850 1738 908 l,
1751 848 1819 914 had]

1189 973 1362 1046 leopoldum
1378 974 1498 1031 hostria
1508 972 1621 1041 ducem,
1634 973 1707 1044 quod
1720 975 1815 1031 lislam
1829 973 1982 1046 prologum

1440 1061 1608 1132 susceperit,
1624 1059 1730 1119 laudnt.

1227 1179 1408 1250 Honorius,
1425 1181 1486 1241 eto.

1228 1277 1443 1338 Deuotionem
1458 1278 1548 1338 tuam
1563 1277 1597 1338 in
1612 1278 1752 1338 Domino
1767 1275 1983 1336 commenda-

1188 1389 1273 1445 muS,
1304 1374 1390 1450 quod,
1419 1375 1629 1438 carissimum
1657 1375 1692 1435 in
1719 1374 1850 1435 Christo
1879 1373 1983 1439 lilium

1189 1472 1349 1543 nostrum,
1362 1473 1398 1532 B.
1411 1487 1534 1548 regem,
1547 1472 1802 1549 primogenitum
1818 1470 1984 1532 carissimi

1188 1570 1222 1629 in
1239 1569 1370 1629 Christo
1394 1568 1455 1630 lilii
1477 1569 1594 1641 nostri,
1608 1569 1698 1644 regis
1714 1569 1872 1644 Ungariae
1884 1567 1984 1628 illus-

1188 1663 1261 1738 tris,
1276 1665 1332 1742 qui
1346 1681 1482 1742 gravmn
1500 1682 1559 1744 pro
1577 1681 1616 1727 eo
1632 1665 1719 1744 quod
1735 1681 1873 1726 uxorem
1889 1680 1983 1728 suam

1189 1761 1229 1824 ad
1244 1764 1392 1824 nostrum
1413 1761 1605 1824 mandatum
1623 1761 1760 1838 recepit,
1778 1761 1985 1838 perseeutio-

1189 1877 1264 1922 nem
1281 1861 1414 1938 patitur,
1436 1859 1469 1921 et
1488 1860 1529 1922 ad
1548 1861 1582 1922 te
1605 1859 1740 1938 propter
1763 1859 1826 1920 hoo
1850 1859 1984 1920 coactus

1190 1957 1240 2021 est
1264 1958 1401 2034 insuper
1425 1973 1461 2018 se
1484 1955 1677 2029 transferre,
1700 1957 1767 2018 tam
1787 1955 1930 2032 benigue
1952 1958 1985 2016 et

1190 2053 1327 2116 honeste
1352 2052 1548 2130 pertractas,
1582 2055 1639 2115 tuo
1670 2069 1745 2114 eum
1778 2053 1920 2114 consilio
1952 2053 1986 2118 et

1190 2151 1317 2212 auxilio
1345 2143 1535 2211 refovendo.
1566 2152 1658 2212 Licet
1685 2150 1789 2225 igitur
1816 2165 1892 2209 eum
1924 2149 1983 2210 tibi

1190 2245 1422 2308 commendare
1436 2262 1573 2308 necesse
1586 2262 1652 2307 non
1666 2247 1769 2321 essee
1784 2247 1861 2322 quia
1873 2247 1984 2306 tamen

1190 2344 1254 2406 sibi
1276 2360 1318 2404 ex
1338 2343 1401 2404 boc
1416 2345 1533 2410 merito
1546 2344 1664 2404 adesse
1677 2344 1841 2416 tenemur,
1857 2341 1984 2402 nobili-

1189 2443 1292 2504 tatem
1311 2441 1402 2502 tuam
1421 2456 1578 2516 rogamus
1602 2441 1635 2502 et
1658 2441 1833 2502 hortamur
1846 2440 1983 2512 attente,

1191 2539 1352 2616 quatenus
1365 2538 1399 2598 iu
1413 2537 1554 2599 fovendo
1565 2539 1673 2613 ipsum
1684 2537 1783 2599 solita
1798 2538 1984 2598 constantia

1190 2651 1420 2713 perseverans,
1437 2650 1497 2711 pro
1521 2635 1677 2696 Ecclesiae
1703 2637 1860 2700 Romanae
1884 2649 1985 2695 reve·

1189 2733 1298 2793 rentia
1321 2748 1396 2792 eum
1418 2731 1541 2792 habeas
1561 2732 1758 2809 propensius
1773 2731 1988 2792 commenda-

1190 2831 1280 2903 tum;
1304 2829 1351 2889 ita
1373 2829 1458 2904 quod
1483 2829 1517 2888 in
1542 2829 1616 2900 hoc,
1643 2828 1730 2889 sicut
1749 2827 1785 2887 in
1809 2827 1897 2899 aliis,
1920 2828 1987 2888 tuae

1190 2925 1348 2987 bonitatis
1375 2927 1535 3001 appareat
1568 2924 1772 3001 magnitudo,
1803 2923 1836 2986 et
1863 2939 1924 2987 nos
1951 2923 1987 2984 id

1192 3021 1804 3098 etiamhabeamusacceptum.Datum
1816 3019 1986 3092 Laterani,

1191 3123 1267 3181 Vlll
1295 3119 1457 3181 kalendas
1485 3119 1614 3192 martii,
1641 3119 1853 3196 pontificatus
1879 3119 1989 3182 nostri

1192 3233 1279 3279 anno
1295 3217 1423 3278 octavo.

1495 3434 1686 3588 oraru

1347 3627 1399 3685 Ad
1414 3627 1609 3700 episcopum
1636 3627 1844 3686 Vocienscm.

1450 3753 1486 3812 22
1507 3753 1641 3812 ianuarii
1658 3755 1737 3813 lari.

1258 3878 1386 3943 [Theium
1400 3877 1555 3929 Monument.
1579 3877 1727 3940 llnugania,
1741 3879 1759 3927 l.
1777 3876 1818 3936 ld,
1828 3877 1860 3930 N·
1873 3877 1926 3940 sa]

343 4016 398 4076 cui
434 4015 553 4077 merito
581 4013 734 4075 tenemur
770 4015 903 4088 adesse,
932 4015 1080 4076 vestrum
1109 4013 1140 4074 ei
1195 4002 1451 4072 Manddl‚lltssdloe
1465 4001 1659 4075 regidomilio
1678 4001 1840 4072 auxilioque
1855 4003 1995 4060 dsslslel'e

346 4110 535 4172 exhibendo
555 4109 714 4184 favorem,
727 4111 859 4187 plenius
881 4111 1058 4184 assistatis,
1075 4125 1142 4172 mo-
1553 4096 1663 4162 Wssffl·

344 4206 425 4266 nitis
457 4205 545 4280 apud
581 4207 709 4282 patrem
737 4205 843 4286 ipsius
867 4207 900 4267 et
929 4205 1140 4266 exhortatio·
1235 4205 1403 4267 Honorius
1412 4205 1722 4282 episcopusservus
1734 4219 1905 4268 servorum
1914 4207 1988 4278 Dei,

346 4301 444 4364 nibus
465 4301 667 4373 insistentes
686 4317 725 4362 ao
740 4303 950 4364 consulentes
971 4303 1089 4373 eidem,
1106 4302 1142 4363 ut
1195 4302 1380 4367 venerabili
1395 4301 1528 4363 matri...
1545 4302 1891 4378 episeopoWaoiensi,
1904 4303 1997 4364 salu-

347 4398 410 4460 slbi
426 4397 628 4459 malitiosum
648 4415 683 4459 se
701 4415 767 4460 non
782 4399 948 4472 exhibeat,
966 4399 1018 4460 rel
1033 4397 1139 4460 inles—
1195 4400 1261 4462 tem
1276 4401 1309 4462 et
1322 4399 1544 4476 Apostolicam
1555 4398 1828 4461 benedictionem.

345 4497 427 4568 tum,
444 4509 506 4556 nec
521 4495 562 4556 ad
582 4511 617 4555 se
637 4495 748 4557 redire
772 4497 948 4572 compellat
968 4495 1138 4570 eumdem3
1236 4495 1491 4558 Fraternitatem
1500 4495 1589 4556 tuam
1601 4494 1711 4570 dignis
1723 4495 1757 4556 in
1773 4497 1911 4557 Domino
1922 4496 1995 4556 lau·

347 4593 404 4655 sed
429 4593 465 4653 ln
489 4607 591 4668 regno
612 4609 683 4666 suo,
705 4591 763 4653 ubi
782 4609 856 4654 oum
876 4595 947 4670 eius
969 4607 1084 4665 uxore,
1102 4609 1141 4654 ae
1197 4594 1293 4656 dibus
1316 4592 1594 4664 commendamus,
1618 4592 1703 4669 quod
1724 4593 1810 4654 siout
1833 4595 1994 4672 exparte

347 4691 427 4764 suis,
445 4690 675 4768 sioutregium
696 4690 790 4752 decet
811 4690 986 4762 haeredem,
1003 4691 1142 4752 honeste
1197 4690 1362 4754 carissimi
1390 4691 1426 4750 in
1459 4689 1589 4750 Christo
1615 4689 1676 4750 lilii
1707 4691 1811 4751 nostri
1836 4693 1876 4752 B.
1902 4691 1994 4767 regis

346 4788 457 4852 valeat
472 4789 682 4859 commorari,
699 4787 846 4849 redditus
861 4787 893 4848 ei
908 4788 1015 4850 certos
1029 4787 1141 4864 assig-
1197 4786 1408 4866 primogeniti
1431 4785 1594 4848 carissimi
1616 4785 1651 4847 in
1673 4787 1802 4849 Christo
1823 4787 1884 4848 lilii
1908 4803 1993 4848 nos-

346 4887 422 4961 net;
439 4885 530 4961 ipsos
552 4886 664 4956 etiam,
684 4886 740 4961 qui
760 4901 834 4945 cum
859 4885 931 4961 ipso
957 4885 1140 4957 morantur,
1196 4886 1277 4947 tri.··
1299 4883 1479 4959 Huugariae
1503 4883 1592 4957 regis
1608 4883 1746 4943 illustris
1761 4883 1823 4944 luit
1837 4885 1994 4960 proposi·
2028 4873 2037 4882 '

345 4997 554 5060 nequaquam
568 4981 603 5042 in
616 4981 779 5058 personis,
796 4982 849 5044 vel
864 4981 964 5044 rebus
979 4981 1140 5058 offendat3
1196 4983 1265 5044 tum
1281 4996 1392 5044 coram
1412 4979 1518 5051 nobis,
1534 4979 1571 5040 tu
1585 4978 1692 5040 eidem
1707 4982 1743 5040 B.
1759 4981 1832 5058 regi
1847 4982 1880 5042 et
1894 4981 1993 5042 uxori

344 5077 536 5141 mandatum
559 5078 709 5140 nostrum
726 5078 839 5142 taliter
853 5079 1034 5155 impleturi,
1055 5069 1142 5155 quod
1197 5095 1265 5140 suae
1285 5091 1416 5154 semper
1435 5075 1577 5137 fideliter
1595 5076 1743 5148 astitisti,
1764 5091 1824 5152 pro
1845 5077 1994 5153 ipsorum

264 5229 272 5241 ,
345 5175 456 5236 vestra
476 5177 697 5251 cognoscatur
711 5175 886 5251 diligentia
902 5191 961 5253 per
975 5175 1140 5247 effectum,
1198 5177 1289 5238 stans
1302 5174 1524 5243 matrimonio,
1539 5172 1810 5234 allaborantibus
1823 5174 1863 5234 ad
1877 5189 1994 5236 eorum

346 5269 524 5334 etanobis
539 5271 673 5348 possitis
697 5271 737 5336 de
762 5273 1000 5352 circumspecta
1016 5273 1143 5334 sollici·
1197 5271 1376 5334 divortium
1409 5269 1574 5346 intrepide
1598 5269 1632 5329 in
1659 5269 1778 5332 faciem
1803 5270 1995 5332 eorumdem

345 5367 461 5432 tudine
480 5369 715 5433 commendari.
740 5371 857 5432 Datum
878 5370 1045 5442 Laterani,
1067 5372 1143 5431 Vlll
1193 5369 1333 5448 justitiae
1346 5381 1463 5428 amore
1476 5367 1645 5428 resistens
1662 5368 1746 5438 Quia
1761 5383 1840 5428 vero
1855 5367 1942 5428 idem
1956 5371 1994 5429 Β.

346 5465 507 5528 kalendas
532 5467 656 5535 martii,
684 5467 895 5544 pontificatus
924 5467 1030 5529 nostri
1055 5483 1142 5528 anno
1197 5483 1259 5527 rex
1274 5479 1410 5541 gravem
1430 5479 1489 5542 pro
1511 5464 1722 5526 matrimonio
1745 5465 1817 5542 ipso
1836 5480 1998 5542 persecu-

348 5565 475 5626 octavo.
1197 5565 1320 5626 tionem
1347 5561 1505 5634 sustinet,
1536 5562 1670 5623 coactus
1699 5563 1833 5638 propter
1865 5563 1928 5624 hoo
1958 5565 1996 5625 in
