4222 6374
196 273 236 332 17
811 275 1040 340 EPISTOLAE.
1062 277 1141 338 LIB.
1164 275 1219 346 VI,
1542 346 1544 357 .
1800 272 1841 334 18

196 432 370 510 quatenus,
387 434 420 496 et
434 432 540 496 divini
555 434 701 498 nomlnls
716 433 824 500 cultus
840 436 991 499 celebre·
1045 433 1087 497 ad
1110 432 1304 497 solvendum
1327 433 1369 496 de
1390 431 1605 512 proventibus
1626 436 1699 512 ejus
1712 432 1839 496 vicesi-

195 529 252 590 tur
265 529 300 592 in
316 529 443 601 eadem,
462 531 571 593 etheo
590 533 712 594 nostrae
737 533 923 596 devotionis
937 533 991 594 in·
1045 547 1132 593 mam
1164 531 1302 592 minime
1338 531 1524 594 tenebatur.
1561 532 1655 593 Unde
1682 531 1842 608 prefatus

196 626 337 688 dioioibi
343 628 501 704 perpetuo
512 630 738 706 permanente,
748 630 871 692 ibidem
884 629 991 692 nestri
1045 629 1205 704 magister
1218 629 1333 690 volens
1353 644 1373 690 a
1391 628 1594 690 conscientia
1615 643 1676 691 sua
1698 645 1842 706 scrupu-

195 723 356 784 memoria
378 724 414 784 in
431 723 663 788 benedictione
673 727 800 804 jugiter
813 713 989 790 habeatur.
1045 726 1113 786 lum
1129 740 1311 798 removere,
1328 726 1369 786 ad
1385 739 1445 788 nos
1467 726 1562 790 duxit
1578 726 1715 804 provide
1729 742 1842 789 recur-

196 820 282 882 Hinc
306 820 359 882 est
380 821 468 899 quod
487 823 685 886 auctoritate
705 825 918 902 praesentium
937 825 992 884 in·
1045 822 1196 894 rendum,
1214 822 1416 900 supplicans,
1434 823 1470 883 ut
1490 838 1564 886 oum
1578 824 1772 886 vicesimam
1786 823 1841 900 ip-

195 915 348 978 hibemus
374 934 543 995 expresse,
573 937 616 982 ne
654 922 728 998 quis
747 937 798 993 ea,
830 939 905 998 quae
925 921 990 998 ipsi
1045 934 1126 991 sam,
1142 921 1172 979 si
1185 919 1280 980 nobis
1293 919 1401 980 visum
1414 918 1524 991 tuerit,
1537 919 1666 981 solvere
1679 921 1723 983 sit
1733 935 1838 997 para-

197 1013 347 1076 ecolesiae
363 1015 398 1075 in
412 1023 506 1088 auro,
519 1019 669 1094 argento,
684 1021 804 1096 pannis
817 1019 944 1091 sericis,
959 1019 992 1082 ot
1045 1018 1113 1088 tus,
1137 1016 1267 1078 absolvi
1295 1015 1481 1077 laceremus
1510 1016 1672 1088 eumdem,
1700 1017 1729 1077 si
1755 1015 1840 1078 sorte

197 1111 460 1190 quibuscumque
475 1113 551 1175 aliis
563 1116 798 1179 ecclesiasticis
813 1132 992 1178 ornamen-
1044 1113 1214 1174 vinculum
1234 1112 1368 1190 aliquod
1389 1129 1449 1190 pro
1473 1114 1563 1175 illius
1579 1113 1768 1176 detentione
1785 1114 1842 1175 in-

197 1209 252 1281 tis,
280 1225 385 1287 usquo
414 1211 456 1272 ad
475 1213 562 1274 hanc
590 1213 677 1275 diem
701 1213 911 1286 contulimus,
936 1215 990 1275 vel
1045 1210 1160 1272 currit
1181 1211 1251 1271 Nos
1271 1211 1374 1286 igitur
1393 1210 1611 1284 attendentes,
1629 1211 1715 1289 quod
1737 1211 1838 1273 abbas

198 1305 298 1367 etlam
324 1307 360 1367 in
378 1307 546 1384 posterum
573 1309 795 1383 conteremus,
819 1311 888 1372 ullo
905 1311 992 1373 tem-
1045 1307 1078 1369 et
1099 1309 1281 1370 conventus
1305 1308 1454 1384 praedicti
1478 1309 1594 1386 procul
1613 1308 1713 1370 dubio
1728 1308 1840 1371 solve·

197 1419 277 1481 pore
301 1403 436 1478 donare,
461 1407 615 1479 vendere,
633 1406 792 1484 obligare,
820 1409 862 1470 ad
887 1409 991 1470 alium

198 1500 308 1564 locum
332 1502 526 1576 transferre,
555 1521 615 1566 seu
643 1507 887 1583 quomodolibet
907 1506 992 1567 alie

197 1613 289 1671 nare,
306 1598 358 1660 vel
373 1599 497 1677 abipsa
516 1601 658 1663 ecclesia
671 1603 883 1680 sequestrare
899 1618 989 1679 prae-

196 1697 323 1770 sumat3
338 1697 395 1759 sed
409 1701 626 1760 conservetur
636 1698 759 1760 ibidem
772 1701 814 1760 ad
829 1715 992 1761 exornan-

197 1792 274 1854 dum
286 1793 554 1866 divinaservitia‚
566 1795 771 1873 temporibus
784 1797 989 1872 opportunis.

198 1890 322 1968 siquis
338 1892 461 1963 nutem,
479 1892 557 1953 huic
567 1893 691 1954 nostrae
703 1893 894 1955 inhibitioni
905 1910 992 1970 praa-

197 1989 378 2064 sumpserit
389 1989 567 2061 contraire,
582 1991 747 2052 sententia
762 1991 991 2052 excommuni-

196 2086 351 2158 cationis,
374 2089 407 2148 et
431 2087 664 2156 anathematis,
681 2103 717 2149 se
738 2089 868 2151 noverit
893 2088 992 2150 inno-

196 2183 320 2255 datum,
337 2199 436 2261 quam
449 2199 492 2245 ex
507 2185 645 2247 nuncin
660 2185 808 2263 ejusdem
824 2186 991 2248 inhibitio-

195 2281 249 2342 nis
263 2281 528 2357 transgressores
551 2283 717 2360 quoslibet
728 2285 989 2361 promulgamus.

195 2378 314 2441 Datum
330 2379 497 2453 Laterani,
520 2383 579 2442 Vll
601 2380 761 2443 kalendas
787 2381 989 2456 novembris,

196 2475 409 2552 pontificatus
424 2475 530 2538 nostri
546 2492 634 2537 anno
645 2478 749 2539 sexto.

236 2609 280 2668 Io
316 2612 474 2670 eumdem
501 2613 640 2672 necdum
666 2611 836 2684 sareptam
867 2611 920 2673 est
948 2610 989 2672 ad

198 2703 400 2781 Stephanum
417 2704 569 2768 abbatem
585 2705 618 2768 et
632 2708 832 2769 conventum
854 2723 992 2770 monas-

1044 1406 1120 1466 rent
1133 1404 1173 1466 de
1196 1405 1336 1482 grangia
1352 1405 1509 1482 predicta
1527 1405 1734 1479 vicesimam,
1748 1407 1778 1467 si
1797 1405 1839 1467 ad

1045 1517 1163 1562 manus
1183 1517 1261 1564 suas
1283 1502 1431 1564 eamdem
1453 1504 1628 1579 grangiam
1645 1503 1838 1577 retinerent,

1045 1614 1085 1660 ao
1099 1599 1174 1660 ideo
1184 1599 1288 1661 tutius
1303 1600 1533 1662 existimantes
1544 1603 1581 1662 ut
1591 1601 1739 1662 eamdem
1748 1601 1841 1662 vice·

1046 1696 1164 1756 simam
1176 1697 1283 1758 dietus
1296 1697 1455 1772 magister
1469 1697 1629 1768 exsolvat,
1647 1697 1840 1759 discretioni

1045 1793 1111 1855 tuae
1127 1808 1185 1869 per
1195 1792 1383 1868 apostolica
1398 1793 1522 1871 scripta
1541 1794 1749 1864 mandamus,
1762 1809 1840 1870 qua-

1044 1890 1143 1950 tenus
1172 1905 1245 1949 eam
1274 1890 1418 1967 recipias
1449 1889 1491 1950 ab
1522 1889 1637 1950 eodem
1667 1889 1702 1950 in
1728 1892 1840 1953 Terrae

1047 1985 1176 2048 Sanctae
1191 1985 1375 2047 subsidium
1397 1986 1664 2058 convertendam,
1683 1987 1762 2049 licet
1783 2002 1841 2048 au·

1044 2086 1110 2144 tem
1133 2083 1220 2145 idem
1246 2084 1406 2159 magister
1433 2083 1562 2144 nullum
1586 2085 1649 2144 hac
1668 2084 1716 2146 de
1737 2093 1840 2146 causa

1045 2177 1198 2241 videatur
1216 2180 1386 2242 vinculum
1407 2179 1601 2252 incurrisse,
1623 2196 1698 2242 cum
1717 2195 1840 2242 secun-

1046 2277 1123 2338 dum
1136 2292 1186 2350 aa,
1199 2292 1272 2354 quae
1288 2278 1461 2354 praemissa
1474 2278 1551 2339 sunt
1566 2277 1658 2338 nulla
1672 2278 1708 2337 in
1723 2293 1762 2338 eo
1773 2293 1842 2340 ma-

1045 2374 1118 2436 nna
1134 2375 1236 2436 suerit
1246 2375 1299 2437 vel
1314 2377 1531 2451 contemptus,
1549 2377 1578 2436 si
1595 2377 1707 2437 tamen
1722 2375 1841 2439 volue-

1044 2473 1100 2544 rit,
1117 2472 1216 2534 iidem
1237 2472 1435 2555 auctoritate
1454 2473 1571 2534 nostra
1589 2472 1760 2550 impendas
1775 2470 1839 2533 ab·

1046 2570 1212 2632 solutione
1238 2569 1434 2632 beneficium
1458 2570 1500 2631 ad
1522 2571 1696 2632 cautelam.
1721 2569 1839 2632 Datum

1045 2668 1212 2742 Laterani,
1229 2671 1273 2730 VI
1288 2667 1357 2729 kal.
1374 2668 1565 2732 novembris
1579 2684 1668 2731 anno
1685 2668 1791 2731 sexto.
1854 2726 1858 2738 ,

195 2801 274 2863 terii
292 2803 510 2866 cassinensis.
538 2801 696 2883 (Gattula,
713 2795 872 2868 Histcrto
886 2809 992 2868 obba-

197 2899 256 2961 ttee
277 2902 503 2972 cassinensis,
520 2902 561 2975 11,
578 2900 631 2983 11.)

1376 2917 1509 3006 XXIII

1153 3069 1205 3130 Ad
1223 3069 1508 3132 Conoeraceosem
1522 3071 1728 3144 episcopum.

1305 3199 1339 3258 tt
1354 3200 1478 3258 octobris
1498 3201 1578 3259 lsai.

1092 3323 1212 3388 [blegent.,
1222 3322 1267 3374 lib.
1278 3323 1322 3383 Vl,
1335 3337 1375 3388 ep.
1390 3323 1428 3373 ll.
1442 3324 1501 3376 blss.
1514 3325 1552 3376 ba
1563 3326 1637 3375 Porta
1650 3323 1683 3375 dn
1697 3323 1792 3389 Theti]

1045 3438 1161 3500 Mandat
1179 3448 1209 3497 ut
1226 3442 1302 3497 eirca
1322 3440 1441 3498 clericos
1462 3440 1491 3497 in
1512 3440 1669 3499 minoribus
1693 3439 1840 3498 ordinibus

611 3582 617 3596 ,
1080 3529 1258 3598 constitutos,
1276 3529 1324 3600 qui
1341 3529 1533 3587 ecclesiastica
1549 3528 1687 3586 beneficia
1707 3529 1839 3586 obtinue-

462 3581 497 3640 ²⁷
511 3581 635 3640 ⁰⁰t⁰bf¹⁸
650 3583 729 3644 ¹²²¹·
1080 3623 1146 3673 runt
1168 3624 1197 3673 et
1221 3616 1401 3674 matrimonia
1429 3625 1640 3686 contraxerunt,
1652 3623 1756 3676 statuat
1771 3615 1840 3690 quid

228 3705 348 3768 mageo,
357 3703 403 3756 lib.
415 3705 457 3768 lli,
472 3705 548 3770 epist.
559 3705 598 3756 tt.
614 3707 672 3757 lise.
685 3706 722 3757 ba
731 3707 808 3758 Porta
819 3705 853 3756 du
866 3706 959 3773 Thoti]
1080 3705 1237 3762 secundum
1252 3707 1343 3762 Deum
1358 3703 1460 3762 viderit
1473 3705 1666 3764 statuendum.

130 3815 149 3921 l
196 3818 313 3877 Mandat
328 3827 358 3878 ut
373 3819 409 3878 ad
424 3821 564 3879 cenulam
579 3820 726 3895 impendat
740 3820 926 3880 absolutionis
940 3823 989 3880 be·
1085 3830 1263 3902 Honorius,
1281 3831 1356 3903 etc„
1369 3830 1554 3892 venerabili
1570 3829 1704 3893 fratri...
1721 3829 1840 3891 Came-

231 3907 366 3965 aeficium
390 3910 529 3982 magistro
549 3909 708 3982 Stephano,
729 3925 766 3968 ne
787 3909 859 3968 torte
878 3911 992 3969 vinculo
1045 3943 1157 3990 moen,
1176 3928 1341 4005 0p1300p0‚
1357 3927 1509 3999 salutem,
1526 3928 1589 3989 etc,

231 3997 268 4053 sit
279 3995 431 4054 innodatus
444 4013 494 4070 pro
510 3997 646 4056 vicesima
661 4013 719 4056 non
733 3999 834 4058 soluta.
1084 4024 1133 4086 Ad
1157 4026 1305 4086 nostram
1329 4025 1462 4087 noveris
1486 4024 1690 4086 audientiam
1717 4039 1840 4102 pem,

236 4122 414 4194 Honorius,
431 4123 506 4195 etc,
524 4123 644 4186 dilecto
660 4123 728 4185 tilio
750 4123 863 4186 abbati
878 4124 990 4188 Sancti
1046 4121 1147 4195 nisse,
1164 4122 1400 4199 quodquidam
1422 4123 1537 4184 clerici
1551 4124 1617 4185 tuae
1636 4122 1790 4184 dioecesis
1804 4123 1840 4184 in

196 4216 312 4279 Jacobi
327 4219 366 4280 de
380 4219 527 4281 Pruvino
547 4221 712 4282 senonen.
734 4221 898 4284 dioecesis.
1045 4218 1229 4280 minoribus
1240 4219 1412 4282 ordinibus
1423 4220 1604 4292 constituti,
1612 4219 1840 4282 ecclesiastiea

236 4315 396 4391 Magister
409 4317 597 4394 Stephanus
611 4318 652 4379 de
661 4318 808 4382 Pruvino
824 4335 885 4381 sua
896 4320 990 4383 nobis
1044 4315 1206 4379 beneficia
1216 4316 1402 4379 obtinentes
1415 4333 1435 4378 a
1448 4318 1560 4379 multis
1571 4317 1746 4379 retroactis
1760 4318 1840 4379 tem·

196 4411 354 4489 petitione
378 4415 586 4487 monstravit,
613 4415 700 4492 quod
725 4431 799 4476 eum
821 4417 917 4480 extra
935 4433 991 4480 re-
1045 4413 1180 4491 poribus
1194 4415 1405 4476 matrimonia
1427 4415 1675 4487 contraxerunt,
1691 4431 1750 4491 pro
1770 4431 1839 4476 suae

196 4525 298 4586 gnum
308 4511 458 4573 bbanciae
472 4512 572 4573 studii
587 4527 689 4574 causa
704 4513 900 4588 consistens,
918 4529 992 4592 pro·
1045 4509 1183 4573 arbitrio
1205 4513 1385 4574 voluntatis
1400 4512 1618 4574 nihilominus
1638 4512 1672 4574 in
1690 4514 1761 4589 Jam
1778 4511 1840 4574 ob·

196 4607 343 4668 curatori
358 4623 418 4669 suo
429 4607 632 4685 injunxisset
645 4625 816 4686 expresse,
829 4611 865 4674 ut
875 4612 991 4674 vicesi-
1044 4609 1145 4675 tenus
1159 4608 1329 4672 benefieiis
1344 4610 1586 4672 ministrantes.
1600 4611 1670 4672 Nos
1684 4610 1788 4686 igitur
1800 4609 1841 4671 de

195 4719 283 4764 mam
295 4705 513 4781 proventuum
524 4708 595 4783 ejus
604 4706 745 4782 singulis
754 4708 851 4768 annis
862 4709 990 4785 integre
1045 4706 1245 4770 discretione
1254 4710 1311 4770 tua
1322 4709 1476 4784 gerentes
1488 4706 1643 4768 fiduciam
1656 4707 1839 4784 pleniorem

195 4800 355 4874 solveret,
376 4803 557 4864 secundum
585 4805 743 4866 statutum
767 4805 907 4866 Concilii
930 4822 992 4882 ge-
1044 4805 1214 4879 negotium
1236 4805 1343 4881 ipsum
1362 4803 1435 4872 tibi,
1452 4805 1508 4882 qui
1523 4819 1598 4866 oum
1620 4819 1734 4864 eorum
1755 4803 1841 4864 dioe-

535 3195 648 3284 XXII
699 3193 701 3200 ’

228 3347 280 3406 Ad
293 3344 449 3408 obbotem
467 3347 586 3409 Sancti
599 3349 716 3410 Jacobs
730 3349 771 3408 cle
784 3350 955 3418 Prasino,

398 3445 606 3543 senonenses
620 3447 786 3508 dtoeeests.

196 4898 333 4971 neralis,
347 4899 433 4962 idem
444 4902 640 4976 procurator
649 4902 868 4979 proventuum
883 4905 991 4980 cujus·
1045 4916 1186 4962 cesauus
1200 4901 1339 4974 existas,
1348 4902 1388 4964 de
1399 4902 1482 4979 ipso,
1495 4903 1528 4962 et
1540 4904 1612 4978 ejus
1625 4900 1840 4962 circumstan-

195 4995 270 5056 dam
289 4997 451 5071 grangiae,
475 5013 623 5073 quiam...
644 4997 746 5060 abbas
762 5001 795 5061 et
809 5001 989 5062 conventus
1043 4998 1100 5060 tiis
1121 4999 1288 5061 universis
1310 4999 1396 5060 scire
1417 4998 1541 5076 poteris
1563 4997 1695 5074 plenius
1709 4998 1839 5060 verita-

109 5121 116 5134 ·
195 5091 236 5153 de
254 5092 394 5154 Britolio
416 5093 504 5156 dicto
525 5095 683 5171 magistro
704 5096 741 5156 in
757 5095 826 5157 vita
849 5111 909 5158 sua
931 5096 990 5158 de·
1043 5095 1121 5164 tom,
1146 5095 1301 5157 duximus
1333 5093 1614 5166 committendum,
1635 5093 1839 5158 fraternitati

195 5189 326 5261 derunt,
347 5185 539 5252 vicesimam
559 5207 626 5254 non
650 5193 821 5268 persolvit,
834 5208 989 5256 asserens
1043 5193 1109 5254 tuae
1122 5207 1182 5269 per
1192 5193 1382 5269 Apostolioa
1400 5190 1523 5268 scripta
1538 5191 1746 5263 mandantes,
1762 5207 1841 5268 qua-

194 5302 232 5348 se
246 5303 346 5364 super
358 5287 421 5349 hoc
432 5288 523 5350 viros
536 5289 744 5352 consuluisse
757 5291 893 5368 peritos,
905 5293 939 5354 et
948 5291 989 5353 ab
1043 5289 1139 5350 tenus
1160 5305 1261 5366 super
1284 5289 1337 5350 his
1358 5289 1556 5352 auctoritate
1578 5290 1691 5351 nostra
1712 5289 1838 5351 statuas

194 5385 244 5445 eis
264 5382 327 5445 sibi
347 5383 451 5446 fuisse
470 5400 679 5462 responsum,
695 5387 868 5464 quodcum
883 5388 989 5450 laicus
1044 5387 1133 5447 circa
1147 5387 1238 5464 ipsos
1254 5387 1340 5463 quod
1356 5386 1537 5448 secundum
1555 5389 1658 5448 Deum
1673 5386 1715 5447 ad
1730 5386 1839 5447 hono-

193 5482 308 5544 tenere
323 5481 435 5559 posset
449 5484 623 5560 grangiam
634 5485 869 5563 supradictam,
885 5487 918 5548 et
931 5485 990 5548 ali·
1042 5499 1113 5546 rem
1129 5483 1284 5546 Ecclesiae
1306 5484 1430 5548 videris
1456 5485 1678 5555 statuendum,
1704 5483 1839 5544 contra-

195 5578 326 5656 quando
344 5580 446 5642 etiam
465 5580 638 5655 tenuisset,
653 5581 811 5660 prelatus
830 5583 989 5659 magister
1043 5581 1185 5644 dictores
1205 5597 1468 5659 per-censuram
1487 5580 1748 5644 ecclesiastioam
1777 5596 1839 5658 ap-
