4226 6372
154 285 216 346 set
633 269 658 390 's
784 289 1194 352 summouentem.
1741 294 1804 358 sss

153 443 188 506 et
204 444 437 524 conjudicibus
459 446 540 518 suis,
555 445 616 510 sub
638 449 729 526 certa
739 447 846 527 torma
860 448 953 512 litte·
1009 449 1063 520 lis,
1079 464 1144 527 qua
1170 450 1307 512 cavetur
1330 465 1373 510 ne
1397 451 1474 528 quis
1497 450 1586 512 ultra
1611 449 1694 513 duas
1720 451 1803 516 die-

153 555 212 602 ras
227 545 362 606 nostras
377 544 561 606 direximus
576 546 665 608 inter
684 547 752 607 alia
774 548 953 608 contineu—
1008 547 1071 618 tae,
1099 549 1161 610 etc.
1191 546 1284 619 Quod
1305 548 1335 608 si
1361 563 1428 609 non
1451 563 1577 620 omnes,
1599 551 1661 612 etc.
1682 550 1801 616 Datum

151 635 218 711 tes,
244 641 282 702 ut
309 642 521 718 necutisqui
549 644 690 704 vocandi
716 645 828 704 essent
855 660 955 722 super
1010 645 1124 716 Reate,
1141 645 1303 706 kalendas
1314 645 1402 722 Julii‚
1418 661 1506 740 anno
1521 662 1620 709 nono.

152 739 350 814 propositis,
367 741 400 800 et
419 739 495 801 aliis
515 741 620 802 totum
635 741 803 816 negotium
823 742 955 802 contin-

151 835 314 906 gentibus
328 837 546 912 inquirerent
559 838 744 910 ueritatem,
756 839 858 900 testes
871 854 953 916 quos

151 932 328 994 nominari
344 935 550 1010 contingeret
560 935 658 1010 juxta
671 935 864 998 consuetam
879 934 952 996 ior·
1305 931 1506 1019 CLXXXV

151 1043 246 1088 mam
261 1029 302 1090 ad
315 1029 541 1092 testimonium
556 1031 783 1108 compellendo
792 1034 825 1092 et
836 1032 952 1110 praeii-

151 1125 267 1198 gendo
306 1127 456 1203 partibus
486 1129 665 1190 terminum
701 1129 949 1206 competentem,

151 1237 220 1296 quo
234 1239 295 1299 per
308 1239 354 1296 se,
371 1225 423 1285 vel
438 1226 672 1302 procuratores
684 1225 822 1288 idoneos
837 1227 952 1288 nostro
1309 1221 1413 1296 iljulii
1426 1223 1504 1281 ¹²²5·

151 1332 190 1378 se
202 1321 397 1398 conspectui
413 1322 666 1398 praesentarent,
672 1325 798 1399 justam
811 1325 951 1384 senten·
1007 1339 1189 1407 [ceppenberg.
1204 1343 1414 1408 bamburgenses
1434 1345 1649 1405 ufkunuenbucb,
1659 1348 1679 1406 1,
1692 1362 1719 1412 p.
1728 1346 1798 1413 tm]

149 1415 238 1476 tiam
256 1427 450 1494 receptores.
472 1419 628 1480 Partibus
649 1434 728 1494 ergo
752 1419 861 1480 citatis
884 1436 951 1483 non

150 1510 219 1574 luit
233 1529 424 1590 processum
447 1515 482 1574 in
503 1514 614 1592 aliquo
636 1516 744 1591 prima
770 1514 834 1576 die.
852 1517 952 1576 Gum-

150 1625 219 1686 que
235 1611 349 1672 decem
375 1610 415 1671 de
436 1612 530 1687 parte
556 1611 699 1674 adversa
719 1613 865 1674 secundo
882 1616 952 1676 ter-

150 1707 247 1766 mino
263 1708 519 1784 comparuerint,
539 1711 572 1770 et
583 1709 736 1782 luissent,
751 1710 781 1770 si
793 1710 899 1773 electo
914 1727 950 1772 se

151 1805 373 1878 opponerent,
401 1805 607 1881 ajudicibus
631 1807 795 1884 requisiti,
825 1809 950 1884 septem
1028 1867 1035 1880 ,
1107 1869 1158 1881 ,,
1269 1869 1275 1881 ,
1381 1869 1400 1883 ,,
1584 1871 1590 1882 ,

151 1913 270 1960 eorum
295 1901 498 1978 respondere
512 1903 700 1966 volentibus
721 1904 762 1965 ad
785 1905 949 1980 agendum
1004 1867 1134 1928 drlectrs
1150 1886 1184 1928 m
1200 1869 1329 1929 Cbrrsto
1343 1869 1434 1941 fitne,
1450 1873 1640 1948 praeposito,
1657 1870 1794 1944 decano,

149 1995 224 2058 tres
239 2012 275 2058 se
290 1998 415 2058 residui
428 1998 630 2062 obtulerunt.
643 2003 723 2062 Cum
738 2003 849 2062 autem
863 2002 949 2064 idem
1004 1965 1136 2074 mique,
1156 1967 1301 2041 capitum
1329 1966 1583 2076 Hamhusgeffl'
1607 1968 1795 2077 Bremen,3i³

150 2092 280 2154 electus
296 2096 463 2172 praedictis
486 2097 591 2158 tribus
607 2099 899 2175 conspirationem,
917 2100 950 2162 et
1004 2063 1169 2172 dffoeoeffls’
1186 2063 1325 2124 salutem
1344 2063 1376 2124 et
1394 2065 1616 2139 Ap⁰³t⁰l¹⁰am
1635 2064 1794 2126 henedw'

150 2190 282 2252 duobus
296 2207 410 2254 eorum
428 2196 806 2259 excommunicationem
826 2199 861 2257 in
876 2211 950 2258 mo·
1003 2160 1137 2220 mmmm·

150 2287 231 2348 dum
260 2291 466 2368 exceptionis
488 2292 658 2369 objecerit,
680 2309 715 2354 se
743 2294 777 2354 id
804 2293 947 2356 offerens

1133 1083 1185 1140 Ad
1199 1081 1386 1156 capitutum
1399 1087 1672 1161 Hambzrrpcnse.

1006 1469 1039 1526 El
1053 1467 1194 1537 concedit,
1210 1475 1241 1526 ut
1259 1485 1346 1541 quum
1361 1470 1498 1542 generale
1512 1471 1693 1552 interdictum
1714 1478 1797 1530 terre

1041 1555 1134 1626 luerit,
1150 1558 1177 1614 ei
1191 1557 1286 1626 liceat,
1302 1557 1521 1630 clausisjenuis‚
1537 1566 1602 1628 etc,
1619 1558 1715 1616 divine
1734 1560 1796 1617 olil-

1039 1647 1084 1703 cie
1103 1646 1258 1703 celebrare.

1044 1771 1211 1834 Honorius
1220 1772 1405 1848 episcopus,
1416 1774 1793 1846 servasservorumDei,

1043 2257 1133 2318 Solet
1155 2257 1256 2318 Sedes
1282 2259 1431 2319 Romane
1455 2258 1519 2335 piis
1546 2273 1694 2320 annuere
1708 2257 1795 2320 votis

149 2385 394 2460 probaturum,
429 2389 560 2466 praesafi
589 2391 720 2468 judices
754 2391 947 2454 interlocuti
1002 2355 1035 2463 et
1046 2353 1194 2415 honestis
1206 2355 1385 2432 petentium
1400 2355 1554 2431 precibus
1570 2355 1717 2416 favorem
1729 2355 1793 2416 be-

148 2482 298 2555 fuerunt,
315 2486 401 2562 quod
416 2486 457 2548 de
474 2487 538 2560 bis,
565 2490 598 2549 et
615 2489 793 2565 principali
813 2490 946 2565 negotio
1001 2452 1149 2561 mmmm
1164 2452 1352 2562 impertiri.
1380 2453 1577 2564 llapropter,
1614 2452 1726 2563 dilecti
1756 2451 1792 2513 in

149 2581 253 2640 Simul
272 2582 490 2658 inquirerent,
505 2599 525 2645 a
541 2584 659 2662 quihus
675 2586 844 2648 videretur
863 2585 946 2662 ipsis
1001 2548 1132 2611 Christo
1157 2549 1228 2622 iiln,
1249 2551 1369 2611 vestris
1385 2553 1487 2628 Justrs
1512 2550 1790 2660 postulatronrbus

143 2677 318 2752 judicibus
337 2679 582 2756 inquirendum,
599 2683 749 2744 nolentes
765 2682 861 2760 quasi
879 2698 945 2744 non
1000 2648 1095 2722 grato
1110 2648 1347 2708 concurrentes
1360 2661 1509 2717 assensu,
1522 2646 1720 2708 auctorrtate
1733 2663 1795 2708 vo-

140 2774 290 2850 judiees,
314 2777 371 2838 sed
399 2778 616 2855 inquisitores
640 2779 822 2842 existerent
846 2795 946 2856 super
999 2742 1051 2802 ¹³¹³
1067 2743 1279 2852 pfaesenfium
1295 2742 1573 2851 indfflgemus’.ut
1592 2759 1667 2852 ,cum
1683 2759 1791 2852 genff'

141 2869 250 2932 dictis
265 2874 515 2950 exceptionibus
530 2875 637 2950 ipsius
656 2876 754 2936 electi
775 2875 947 2952 probatio-
1000 2839 1070 2899 ¹²¹⁰
1089 2839 1301 2952 {ntffrfflfftum
1323 2839 1422 2900 term
1441 2837 1552 2948 niem?
1578 2839 1655 2948 ¹¹⁰&
1682 2839 1788 2950 νοω

140 2983 210 3029 nes
231 2969 416 3042 admittere,
429 2971 486 3032 sed
501 2971 730 3048 prevertendo
744 2972 833 3048 juris
849 2972 944 3033 ordi„
1000 2936 1122 3044 clausis
1133 2951 1259 3046 Janurs,
1275 2937 1569 3043 excommunrcatrs
1585 2937 1617 2997 et
1626 2935 1790 3046 ¹¹¹.t⁹¹⁶d¹.⁰f

141 3081 227 3126 nem
241 3065 281 3126 de
296 3067 479 3143 praemissis
495 3067 756 3144 exceptionibus,
771 3070 804 3131 et
819 3069 947 3146 princi·
999 3033 1042 3093 ns
1070 3031 1226 3104 ⁰¹⁰¹²¹⁸¹⁸³
1256 3048 1322 3093 ³⁰¹¹
1348 3032 1695 3142 pulffffusfampffms'
1720 3049 1787 3095 ”¹⁸¹

141 3163 219 3240 pali
229 3164 355 3238 pariter
368 3180 429 3242 per
443 3180 478 3226 se
492 3165 662 3242 inquirere
677 3160 898 3236 intendentes,
913 3169 947 3228 et
999 3129 1112 3190 f⁰¹⁸⁸³n
1140 3143 1273 3240 causan}
1294 3127 1459 3239 ,dedemm'
1496 3128 1683 3202 mterdlcm'
1707 3145 1791 3241 supff

141 3260 366 3336 procedentes
388 3261 544 3322 etiamad
560 3263 782 3339 receptionem
797 3263 942 3336 testium,
999 3240 1114 3303 pressa
1132 3241 1213 3336 V⁰,⁰‘³
1235 3227 1348 3336 ma
1367 3225 1476 3338 ⁰ffl⁰‚¹³
1492 3227 1673 3288 celebrare·
1696 3228 1789 3338 Num

142 3355 297 3420 nondum
314 3358 372 3420 lite
394 3375 494 3434 super
517 3359 632 3420 eodem
651 3360 785 3435 negotio
808 3361 944 3422 contes-
999 3339 1078 3400 ⁶¹3⁰
1091 3337 1226 3384 ΟΜΝ)
1241 3323 1411 3432 hommum
1425 3323 1620 3434 hfeathm
1635 3340 1792 3434 pagmam

142 3456 235 3529 tam
260 3471 363 3532 quam
376 3456 638 3531 praenominatus
654 3457 780 3518 electus
795 3459 943 3521 nostram
999 3421 1122 3482 nostrae
1138 3433 1364 3482 concessionis
1379 3419 1574 3496 infringere,
1589 3421 1642 3481 rel
1660 3435 1792 3482 clausu

144 3552 353 3614 audientiam
384 3554 578 3630 apparavit,
613 3553 784 3616 humiliter
813 3554 943 3631 suppu-
998 3518 1175 3580 temerario
1195 3517 1372 3628 contraire..
1391 3517 1426 3628 S}
1441 3518 1516 3628 quis
1532 3518 1642 3628 amem
1657 3517 1720 3578 1100
1735 3518 1790 3628 al·

145 3665 241 3722 cans,
259 3651 295 3712 ut
310 3667 384 3712 cum
408 3651 528 3714 pperae
549 3651 591 3712 ad
606 3651 739 3728 judices
765 3651 855 3728 ipsos
878 3650 942 3712 ob„
996 3615 1126 3679 tentare
1137 3617 1394 3693 praesumpserit,
1410 3614 1672 3690 indignatronem
1683 3629 1793 3674 omm-

648 3749 705 3810 sed
730 3749 942 3810 commissio·
997 3713 1140 3787 potentis
1168 3713 1228 3773 Dei
1259 3713 1292 3774 et
1314 3712 1485 3773 beatorum
1514 3711 1605 3772 Petri
1626 3712 1661 3771 et
1693 3710 1791 3772 Pauli

997 3808 1221 3885 apostolorum
1248 3811 1321 3884 ejus
1350 3823 1385 3868 se
1408 3808 1540 3868 noverit
1564 3807 1789 3868 incursurum.

997 3907 1113 3966 Datum
1143 3905 1304 3977 Reate,V
1328 3904 1403 3966 idus
1419 3904 1508 3981 julii,
1536 3902 1653 3981 pontii.
1682 3904 1790 3966 nostri

144 3748 261 3821 lentae,
277 3764 344 3812 non
362 3749 626 3826 inquisitionem,

146 3861 224 3906 nem
240 3847 383 3921 sapiant,
394 3848 493 3922 prout
515 3847 654 3924 apparel
675 3862 718 3908 ex
738 3847 942 3910 continentia

148 3942 353 4013 earumdem,
367 3943 454 4018 quod
470 3943 511 4004 ab
527 3944 576 4004 eis
589 3943 712 4006 factum
726 3949 776 4004 est
794 3946 870 4020 post
888 3959 943 4021 ap-

148 4037 362 4113 pellationem
385 4039 468 4115 ipsis
494 4041 711 4102 revocarem
738 4041 881 4112 irritum,
910 4042 943 4102 et
996 4018 1083 4064 ³³³⁰
1098 4018 1197 4064 ¹¹⁰¹¹⁰'

148 4149 285 4196 causam
306 4135 382 4196 aliis
397 4136 602 4198 committere
617 4137 843 4210 dignaremur.
858 4139 941 4208 Quia

146 4247 227 4292 vero
243 4248 308 4294 non
325 4233 361 4293 in
376 4233 508 4295 modum
523 4233 761 4311 inquisitionis,
777 4235 834 4294 sed
850 4250 942 4295 com·
1279 4258 1503 4349 CLXXXVI

146 4329 316 4390 missionis
334 4331 502 4406 negotium
522 4331 631 4392 extitit
653 4329 852 4406 delegatum,
866 4331 940 4392 dis·
1371 4389 1373 4394 .

147 4427 286 4488 cretioni
300 4429 419 4488 vestrae
434 4443 494 4504 per
506 4427 695 4504 Apostolica
711 4428 834 4504 scripta
845 4445 941 4490 man·
1027 4415 1080 4480 Ad
1093 4411 1225 4485 fratres
1239 4414 1360 4472 ‘winus
1373 4413 1563 4487 HOSPitall'S
1577 4414 1612 4475 S·
1628 4415 1756 4476 Mam

145 4524 274 4597 damus,
300 4527 463 4604 quatenus
485 4525 721 4588 convenientes
751 4525 792 4586 ad
830 4526 939 4589 locum
1243 4507 1538 4571 Tneulfflll'ffll'um·

144 4621 312 4696 idoneum,
338 4624 372 4684 et
392 4623 541 4698 partibus
563 4623 813 4699 competentem,
842 4624 871 4684 si
896 4639 940 4684 ex
1008 4655 1010 4658 ·
1295 4649 1400 4723 131·qu
1412 4650 1490 4706 liii.

144 4718 242 4782 dictis
254 4719 506 4794 putaminibus
521 4719 574 4781 vel
587 4720 699 4796 aliquo
715 4719 864 4796 ipsorum
876 4735 939 4798 ap-

142 4817 302 4893 pellatum
332 4815 528 4888 constiterit,
557 4818 712 4878 revocato
736 4817 772 4878 in
806 4816 938 4878 irritum

142 4914 301 4991 quidquid
315 4916 389 4990 post
401 4913 658 4988 appellationem
674 4913 864 4990 hujusmodi
879 4914 937 4974 in.
1021 4897 1176 4956 Confirmet
1187 4895 1319 4954 iratribus
1332 4895 1434 4953 domus
1449 4895 1756 4967 meminissemus

1151 4983 1464 5058 Mergentbeimensem
1479 4983 1631 5040 decimam.

1047 4771 1182 4836 [Streihke
1197 4769 1259 4822 Tab.
1273 4771 1327 4820 ord.
1345 4771 1485 4829 abenton,
1499 4786 1524 4835 p.
1541 4769 1596 4830 iol,
1610 4785 1635 4820 n.
1648 4769 1714 4835 iil]

141 5011 302 5072 veneritis
326 5009 535 5080 attentatum,
562 5010 597 5072 in
620 5025 722 5072 causa
743 5011 816 5088 ipsa
839 5011 938 5089 juxta

142 5108 291 5183 priorum
311 5107 550 5170 continentiam
569 5107 767 5182 litterarum,
788 5108 939 5186 appella·
1031 5110 1211 5182 Honorius,
1226 5109 1302 5180 etc..
1319 5109 1477 5183 magistro
1489 5109 1522 5170 et
1536 5107 1707 5182 fratribus,
1721 5111 1784 5172 etc.

140 5204 233 5266 tione
260 5210 398 5278 remota,
428 5205 559 5266 ratione
585 5204 709 5280 praevia
736 5205 809 5267 sine
835 5221 936 5268 morae
1030 5208 1133 5269 Justis
1158 5207 1350 5282 petentium,
1381 5207 1460 5278 etc,
1491 5221 1597 5279 usque
1619 5206 1784 5283 compelli.

141 5301 313 5378 dispendio
338 5303 537 5378 procedatis.
567 5302 723 5378 Alioquin
756 5306 868 5379 partes
895 5303 936 5366 ad
992 5305 1124 5365 Litterae
1144 5303 1308 5380 siquidem
1329 5301 1424 5364 bonae
1448 5303 1615 5364 memoriae
1629 5303 1784 5364 Theode-

140 5400 447 5474 priorumjudicum
462 5398 640 5462 remittatis
652 5415 806 5472 examen,
821 5401 937 5477 appel·
990 5401 1053 5462 rici
1068 5400 1318 5476 Herbipolensis
1334 5399 1480 5475 episcopi
1493 5415 1553 5460 suo
1567 5401 1600 5460 et
1616 5399 1783 5478 Herbipo-

140 5495 248 5558 lantes
262 5496 297 5556 in
314 5496 469 5572 expensis
491 5497 651 5573 legitimis
669 5497 933 5570 condemnando,
991 5497 1093 5560 lensis
1108 5496 1246 5573 capituli
1259 5511 1298 5557 ec
1308 5495 1469 5557 nobilium
1482 5497 1630 5558 virorum
1644 5495 1782 5558 Gotiridi

140 5609 207 5654 non
221 5593 373 5657 obstante
387 5594 623 5662 constitutione
638 5594 780 5658 concilii
791 5610 937 5672 genera·
990 5597 1023 5657 et
1038 5593 1179 5656 conradi
1193 5594 1233 5655 de
1246 5594 1396 5656 Honloob
1409 5592 1560 5664 fratrum,
1575 5594 1786 5657 communitae
