4222 6374
322 219 363 282 35
705 267 708 272 .
937 216 1114 282 HONORII
1134 217 1180 282 111
1201 218 1349 284 OPERA·
1921 219 1963 283 36

322 373 1117 456 quamvisdeportationissolemnitas,etiampost
1161 375 1339 448 timerent,
1361 375 1470 439 iehcis
1493 375 1663 440 memorie
1678 377 1774 453 Hugo
1795 373 1961 454 quondam

321 473 577 552 appellationem
599 473 792 550 legitimam,
813 472 913 534 inerit
927 472 1113 544 subsecuta,
1169 489 1284 568 cotum
1299 473 1395 548 abba,
1405 475 1477 552 spis
1491 489 1531 536 ac
1542 476 1632 552 juste
1646 475 1681 538 in
1696 475 1759 536 hoc
1770 475 1894 536 saeculo
1908 475 1963 535 vi·

323 587 421 648 quarn
440 587 500 649 pro
519 571 680 634 electione
695 586 757 631 nec
772 569 915 641 deceret,
932 585 993 632 uec
1012 583 1116 646 expo-
1168 587 1262 642 vens,
1290 571 1394 633 multa
1420 571 1563 634 obtinuit
1585 587 1605 633 a
1632 571 1770 633 Domino
1799 570 1962 634 miracula
1982 580 1983 583 ’

320 667 409 730 diret
431 667 559 730 haberi.
586 666 679 729 Unde
699 666 739 728 de
763 666 903 728 fratrum
927 666 1115 732 nostrorum
1169 667 1243 730 fieri
1253 667 1444 740 manifesta,
1460 669 1596 730 etnunc
1610 669 1847 745 animaejusin
1862 683 1963 730 sano-

321 765 462 828 consilio
477 764 563 842 quod
576 764 698 826 iactum
709 765 760 825 est
771 763 812 825 de
820 764 945 826 Thomu
958 762 1115 840 predicto
1168 765 1277 826 torum
1287 764 1519 841 splendoribus
1529 765 1711 838 habitante,
1721 780 1841 842 corpus
1854 765 1963 842 ipsius

322 862 543 935 cassavimus,
574 861 733 940 petitione
768 860 1044 923 consentientium
1078 859 1115 922 in
1170 862 1284 924 multis
1299 861 1404 938 iulget
1416 862 1625 924 mirabilibus
1637 862 1831 938 gloriosum.
1852 865 1963 936 Quare

322 958 559 1022 cancellarium
570 974 637 1020 non
650 959 806 1022 admissa.
822 959 873 1020 Ne
884 957 988 1033 igitur
1001 956 1113 1020 eccle-
1169 960 1264 1021 nohis
1289 961 1519 1036 supplicarunt
1534 961 1708 1032 instanter,
1725 961 1762 1022 ui
1773 975 1850 1026 oum
1863 959 1963 1020 valde

321 1055 372 1118 sia
389 1056 501 1118 vestm
521 1071 581 1134 pro
603 1055 731 1118 deiectu
748 1055 891 1132 pastoris
906 1053 1114 1132 dispendium
1169 1056 1345 1135 deputetur
1368 1057 1542 1134 indignum
1570 1071 1656 1128 eum,
1684 1073 1781 1135 quem
1806 1071 1867 1134 pro
1891 1071 1963 1118 snae

320 1153 477 1232 patiatur,
500 1152 751 1219 universitatem
775 1153 921 1216 vestram
943 1165 1114 1213 monemus
1168 1155 1286 1216 merito
1322 1155 1507 1216 sanctitatis
1540 1155 1717 1217 constata
1749 1154 1888 1217 Domino
1924 1154 1962 1214 in

321 1251 489 1322 attentius,
502 1266 563 1327 per
575 1249 766 1327 apostolica
781 1249 905 1326 scripta
919 1247 1114 1310 mandantes
1173 1251 1364 1328 triumphali
1379 1251 1520 1313 ecclesia
1531 1250 1643 1314 taliter
1657 1252 1827 1324 honorari,
1842 1251 1884 1328 ab
1898 1251 1963 1314 ho-

321 1349 484 1426 quatenus
498 1346 593 1410 robis
608 1350 642 1410 et
654 1347 804 1410 ecclesiae
822 1345 863 1408 de
878 1361 1022 1423 persona
1035 1345 1113 1408 ido·
1168 1348 1314 1410 minibus
1327 1349 1401 1410 sine
1415 1348 1752 1414 debitaveneratione
1763 1349 1799 1410 in
1811 1349 1962 1412 Ecclesia

321 1460 396 1516 nea,
424 1460 497 1522 quae
518 1444 610 1506 tanto
639 1443 802 1519 congruat
823 1442 919 1507 oneri
942 1445 976 1504 et
994 1441 1114 1510 bonori
1169 1446 1325 1508 militanti
1340 1447 1498 1524 relinqui,
1518 1446 1670 1508 eumdem
1692 1447 1881 1509 sanctorum
1900 1463 1963 1510 ca·

320 1541 523 1620 provideatis
548 1555 608 1620 per
633 1540 830 1604 electionem
858 1539 1054 1606 canonicam
1077 1540 1114 1606 in
1168 1543 1280 1620 talogo
1294 1543 1440 1606 adscribi
1457 1543 1655 1608 laceremus.
1669 1545 1738 1606 Nos
1754 1544 1868 1620 igitur,
1883 1544 1964 1608 licet

320 1639 498 1716 pastorem.
523 1638 642 1699 Datum
666 1637 833 1711 Laterani,
864 1637 1026 1701 kalendas
1054 1636 1115 1698 de-
1169 1641 1427 1719 supplicationes
1448 1641 1639 1720 hujusmodi
1659 1641 1880 1704 libentissime
1893 1657 1963 1703 am·

321 1734 474 1808 cambris,
488 1735 698 1813 pontificatus
711 1734 817 1804 nourr
829 1748 917 1801 auno
933 1733 1039 1798 sexto.
1087 1765 1091 1798 t
1168 1739 1361 1816 plectamur,
1378 1738 1545 1801 notamen
1559 1739 1592 1803 in
1609 1738 1673 1801 hoc
1686 1739 1812 1816 aliquid
1826 1740 1868 1800 de
1886 1755 1963 1804 con-

1167 1835 1372 1912 tingentibus
1386 1835 1560 1898 videamur
1574 1837 1743 1909 omittere,
1761 1837 1961 1899 insternitu-

1166 1932 1233 1996 tem
1255 1933 1420 2005 rosham,
1449 1932 1490 1994 de
1511 1947 1577 2010 qua
1603 1933 1735 2011 plenam
1759 1933 1794 1995 in
1821 1933 1962 1997 Domino

1167 2029 1321 2092 fiduciam
1335 2029 1532 2103 obtinemus,
1552 2047 1710 2106 rogamus
1731 2032 1764 2093 et
1783 2047 1961 2094 monemus

634 2107 797 2196 XXXIX
1165 2128 1291 2190 attente
1314 2142 1374 2205 per
1396 2127 1585 2204 Apostolica
1604 2129 1728 2206 scripta
1743 2128 1838 2190 vohis
1858 2143 1960 2190 man·

319 2261 871 2334 AaJopannemay-cpoepmopum
887 2259 1113 2320 Viennensem
1168 2225 1777 2334 danteswatenustamderitu,quam
1785 2226 1961 2288 miraculis

296 2388 298 2397 ,
387 2357 422 2420 35
442 2359 656 2418 melmun,
677 2359 872 2432 opimum
894 2356 1051 2416 stram·
1167 2321 1436 2432 sauctiprssdtocti
1451 2321 1644 2432 plenissime
1658 2323 1875 2432 inquirentes,
1890 2339 1962 2386 res-

326 2467 329 2472 *
566 2486 583 2545 ²
602 2483 761 2546 decembris
785 2485 864 2543 lm
1167 2419 1302 2480 oribatrs
1320 2419 1415 2481 nohis
1430 2433 1531 2494 super
1544 2418 1597 2480 his
1616 2419 1758 2481 fideliter
1773 2421 1958 2492 veritatem,

1167 2531 1231 2594 qua
1247 2517 1389 2592 cognita,
1413 2518 1631 2592 procedamus
1649 2516 1769 2578 exinde
1786 2518 1885 2594 prout
1906 2533 1962 2578 se-

374 2607 456 2676 [snt.
468 2609 553 2669 ΒΜ.
568 2608 608 2660 θᾶ·
622 2611 697 2660 nuur.
712 2608 754 2668 111,
767 2607 823 2668 ³⁸¹»
834 2623 860 2662 ¹¹·
871 2607 916 2672 ³⁷5
935 2608 1055 2670 Mamm,
1167 2614 1310 2675 cundum
1343 2615 1446 2674 Deum
1478 2593 1661 2676 rid'erimus
1703 2615 1959 2692 procedendum.

516 2690 660 2754 numurus
671 2688 771 2748 urard,
782 2688 804 2752 ¹2
816 2687 884 2750 ⁸⁸⁷4
1167 2711 1286 2771 Datum
1301 2710 1469 2782 Laterani,
1486 2712 1530 2772 iv
1542 2724 1648 2772 nonas
1662 2710 1858 2783 decembris,
1876 2727 1963 2788 pon-

300 2803 435 2866 ‘ilandat
457 2811 489 2864 ut
514 2811 571 2864 mm
587 2803 623 2862 de
650 2805 708 2867 vita
729 2817 815 2876 quum
834 2801 870 2863 de
889 2802 1036 2868 miraculis
1051 2803 1110 2862 liu·
1131 2813 1133 2816 ·
1166 2807 1310 2869 lineatus
1325 2806 1430 2868 nostrl
1444 2821 1533 2869 anno
1547 2809 1654 2869 serto.

349 2894 435 2968 gouis
450 2893 594 2967 quondam
608 2890 719 2950 abbatis
740 2892 907 2950 monasterii
929 2891 1111 2960 Bonovallis,

352 2983 547 3043 cisterciensis
575 2980 683 3039 ordinis
715 2979 876 3052 inquirant,
907 2988 936 3038 et
962 2981 1112 3038 veritatem

352 3094 438 3152 quam
450 3078 486 3136 de
494 3077 540 3135 his
553 3077 726 3147 invenerint,
738 3075 858 3134 ildeliter
865 3075 931 3134 sedi
941 3077 1112 3150 Apostolicoe

352 3165 519 3226 rescribant.
1529 3127 1596 3216 XL

357 3293 525 3356 Honorius
534 3291 720 3369 episcopus,
732 3305 848 3352 servus
857 3305 1029 3355 serrorum
1038 3290 1110 3364 Dei,
1165 3283 1217 3342 Ad
1233 3281 1442 3357 mimium
1456 3280 1656 3342 miiitum
1668 3281 1913 3344 ‘ultitimum
1926 3282 1962 3343 0²

316 3388 565 3454 venerabilibus
576 3387 733 3450 iratribus
749 3387 1001 3465 archiepiscopo
1013 3388 1113 3450 Vien-
1198 3383 1421 3454 capellanum,
1438 3379 1640 3454 Apostottcoe
1652 3379 1751 3439 Sedis
1762 3379 1926 3454 tenuium.

315 3489 424 3558 nensi,
441 3489 475 3549 et
489 3487 645 3564 episcopo
669 3485 989 3562 Gratianopolitano,
1015 3485 1110 3547 salu·
1412 3517 1429 3575 ³
1448 3515 1608 3574 decembris
1635 3516 1712 3573 ,Μ

316 3589 383 3650 tem
398 3585 431 3646 et
442 3585 660 3662 apostolicam
675 3581 951 3644 benedictionem.

358 3683 419 3755 Qui
428 3697 487 3744 sua
499 3679 761 3742 incommutabili
775 3679 983 3757 providentia
993 3679 1112 3741 cuncta
1249 3640 1377 3708 [Tidner.
1388 3643 1456 3693 Μ’
1469 3639 1614 3704 ansgario,
1626 3647 1645 3692 ι’
1659 3640 1678 3700 ¹'
1691 3655 1718 3705 Ρ·
1728 3639 1769 3702 ³¹⁸
1782 3654 1807 3692 ‘¹’
1821 3641 1874 3705 Μ’]

319 3774 772 3858 disposuptabaetgfflQfioet
785 3774 1111 3854 inopepihusppimae
1167 3758 1443 3831 lloummagirtrum
1455 3757 1636 3825 Accontium,
1653 3762 1791 3814 utcontra
1808 3755 1962 3816 hereticos
2073 3745 2090 3766 ⁶

319 3875 499 3940 creationis
515 3874 700 3936 mirabilem
717 3889 753 3934 se
768 3872 960 3944 ostenderit,
972 3873 1113 3934 etmira-
1254 3848 1283 3904 in
1296 3847 1398 3906 ¹³⁰⁸¹¹i⁸
1411 3853 1440 3903 ‘³‘
1452 3860 1542 3920 “³8³⁰
1555 3845 1711 3918 Hung³¹¹³³
1723 3844 1870 3918 immm-

317 3973 472 4036 biliorem
498 3973 533 4033 in
561 3971 767 4035 exhibitione
786 3969 1022 4047 redemptionis
1042 3969 1111 4031 hu·
1206 3971 1374 4034 Honorius
1387 3971 1790 4049 episcopus,etc.,dilecto
1805 3972 1874 4034 nlio
1889 3988 1963 4034 ma-

319 4087 448 4142 manae,
478 4070 588 4132 adbuc
617 4071 729 4130 tamen
758 4067 1005 4129 misericordias
1034 4083 1113 4130 suas
1167 4070 1271 4147 gistro
1301 4070 1460 4131 Accontio
1490 4067 1694 4130 subdiacono
1720 4068 1754 4130 et
1787 4068 1962 4147 capellano

319 4168 499 4232 mirificare
525 4181 591 4228 non
615 4165 781 4237 desinens
802 4165 906 4230 variis
928 4165 1111 4230 miraculo-
1167 4170 1296 4239 nostro,
1330 4165 1529 4244 Apostolioae
1556 4165 1651 4226 Sedis
1692 4167 1823 4242 legato,
1862 4167 1960 4228 salu-

319 4281 393 4328 rum
413 4263 601 4340 insignibus
613 4262 788 4326 ecclesiam
804 4277 898 4324 suam
914 4262 1021 4334 ornat,
1036 4261 1112 4323 dum
1161 4256 1244 4338 tem,
1261 4265 1294 4326 et
1314 4307 1323 4324 .
2034 4315 2039 4323 .

322 4362 445 4425 electos
459 4364 543 4438 ejus,
567 4374 649 4436 quos
667 4359 702 4418 in
717 4357 867 4421 ecclesiae
882 4357 960 4421 ndei
972 4359 1113 4422 veritate
1207 4365 1297 4424 Inter
1318 4359 1403 4422 alias
1430 4359 1672 4422 sollicitudines
1701 4359 1896 4422 innumeras
1929 4361 1963 4421 et
2051 4341 2080 4383 '⁴‘

298 4460 302 4469 '
320 4458 455 4521 renatos
470 4454 633 4535 provehit,
643 4454 679 4515 in
694 4455 925 4530 argumentum
940 4453 1111 4526 virtutum,
1167 4460 1357 4531 immensas,
1374 4456 1494 4536 quihus
1504 4457 1660 4534 angimur
1672 4456 1760 4518 ultra
1770 4456 1870 4528 vires,
1887 4455 1962 4518 haec
2080 4469 2107 4521 ,-’

322 4555 378 4618 dat
392 4553 562 4616 miraculis
574 4551 866 4623 coruscare,utsic
878 4552 985 4628 magis
997 4553 1031 4614 et
1043 4567 1114 4614 ma·
1168 4556 1238 4618 iere
1259 4555 1429 4631 potissime
1448 4569 1676 4631 perurgemur,
1693 4552 1964 4616 utderineaDo·

322 4654 374 4731 gis
397 4651 480 4714 tides
503 4651 538 4715 in
562 4649 692 4712 Christo
708 4648 911 4710 credentium
926 4648 1111 4722 roboretur,
1168 4653 1250 4715 mini
1266 4652 1421 4724 Sabaoth,
1442 4653 1537 4728 cujus
1559 4649 1654 4712 nohis
1683 4649 1761 4714 licet
1782 4650 1960 4712 immeritis

322 4767 398 4829 spes
413 4747 565 4828 proficiat
575 4749 609 4809 et
623 4746 747 4808 caritas
762 4745 973 4819 accendatur,
987 4748 1024 4809 ut
1038 4763 1115 4808 con·
1169 4767 1249 4814 cura
1272 4753 1305 4812 et
1324 4748 1473 4812 custodia
1494 4749 1545 4810 est
1566 4747 1754 4819 commissa,
1771 4747 1962 4821 haereticos,

322 4849 503 4912 fundantur
517 4845 549 4910 et
566 4843 783 4907 revereantur
800 4842 956 4906 Ecclesiae
971 4844 1112 4916 inimici,
1169 4845 1522 4926 qui,velutvulpeculae
1532 4845 1620 4906 inter
1630 4843 1797 4906 sarmenta
1806 4842 1960 4918 latentes,
2069 4865 2079 4884 ·

323 4947 380 5026 qui
391 4947 493 5009 vitam
508 4945 580 5020 eius
597 4941 764 5006 insaniam
779 4939 994 5016 oestimantes,
1007 4942 1114 5002 eidem
1169 4945 1350 5008 moliuntur
1381 4943 1530 5004 eamdem
1552 4941 1781 5020 multipliciter
1795 4941 1961 5014 demoliri,

322 5042 498 5108 detrahere
538 5037 766 5116 multipliciter
797 5037 990 5100 moliuntur.
1027 5041 1114 5100 Sane
1168 5043 1300 5120 penitus
1314 5039 1538 5119 prodigamus,
1553 5039 1762 5102 discutiendo
1783 5039 1883 5102 etiam
1906 5038 1961 5101 la·

323 5141 505 5220 gaudemus
524 5137 560 5199 in
583 5137 734 5209 Domino,
757 5138 791 5198 et
808 5136 844 5197 in
864 5139 937 5214 ojus
961 5135 1115 5198 laudibus
1167 5140 1271 5203 tibula
1285 5139 1538 5211 sarmentorum,
1563 5138 1641 5199 dum
1662 5137 1894 5199 hereticorum
1907 5153 1966 5198 re-

322 5238 518 5318 gloriamur,
532 5235 631 5313 quod,
650 5235 737 5298 sicut
757 5233 869 5297 dilecti
884 5233 947 5295 hlii
961 5233 1063 5296 abhas
1083 5235 1115 5296 et
1169 5238 1353 5316 captatores
1389 5237 1421 5298 et
1456 5235 1605 5298 lautores
1638 5249 1707 5298 non
1743 5233 1963 5310 relinquimus

323 5335 504 5400 contentus
519 5332 717 5396 Bonaevallis
738 5331 968 5394 cisterciensis
988 5331 1114 5394 ordinis
1169 5334 1359 5413 impunitos.
1376 5333 1593 5410 domitaque,
1611 5332 1698 5395 sicut
1711 5330 1909 5402 audivimus,
1927 5329 1962 5390 in

323 5435 393 5497 suis
406 5431 502 5494 nohis
517 5429 644 5496 nundis
659 5432 691 5493 et
705 5429 842 5501 litteris,
861 5427 1020 5491 adhibitis
1032 5445 1116 5506 quo-
1168 5431 1316 5509 partibus
1357 5431 1488 5492 Bosniae
1519 5431 1689 5506 mmquam
1723 5429 1759 5489 in
1798 5425 1963 5489 cubilibus

323 5548 387 5610 que
405 5529 581 5592 multorum
597 5528 810 5605 prolatorum
829 5525 1044 5600 testimoniis,
1061 5527 1115 5590 iu·
1170 5529 1403 5600 struthionum,
1415 5527 1575 5599 haeretici,
1590 5526 1682 5590 velut
1705 5525 1814 5588 lamiae
1829 5524 1962 5586 nudatis
