4274 6388
281 295 283 300 ·
335 273 398 336 aar
954 259 1129 334 ueneno
1151 269 1196 332 111
1217 247 1365 334 ornes.
1916 267 1979 335 eea

336 432 449 510 legere
462 428 721 501 contemnentes,
743 428 870 508 quassi
892 427 1059 492 interdum
1073 428 1127 492 le-
1182 430 1270 492 trum
1293 427 1476 508 Hospitalis
1495 429 1626 492 Sanctae
1647 427 1764 490 Marias
1792 427 1979 492 'theutoni-

318 587 320 596 .
337 530 449 607 gerint
462 526 681 604 vilipendunt
697 525 790 588 Unde
803 523 918 587 elerici
930 526 962 588 et
972 526 1051 587 laici
1066 542 1126 587 su·
1183 536 1297 589 eornm
1312 525 1607 603 Hierosolymitani
1620 525 1810 602 apostoliea
1825 541 1887 587 nos
1901 540 1979 588 ecn-

337 626 465 688 mentes
498 623 672 686 audaciam
701 622 861 684 adversus
892 637 949 684 eos
978 623 1128 684 securius
1182 623 1274 685 venit
1294 621 1519 686 sollicitudine
1542 622 1728 700 providere,
1746 623 1778 684 et
1793 623 1860 684 tarn
1885 621 1977 698 ipsos

334 721 551 792 insolescunt,
566 721 796 795 eleemosynas
817 719 851 780 et
874 716 1036 780 beneficia
1050 718 1129 778 sub—
1182 735 1281 796 quam
1296 735 1412 782 eorum
1430 719 1516 780 bona
1539 721 1632 780 tanto
1654 719 1830 780 sollicitius
1845 733 1865 780 a
1878 719 1978 780 mali·

334 816 473 880 trahunt
484 817 660 890 consueta3
688 815 861 876 invasores
876 829 1005 891 quoque
1017 812 1127 875 boue·
1182 831 1323 892 gnorum
1338 815 1527 878 incursibus
1541 819 1574 878 et
1585 816 1713 892 rapinis
1727 817 1880 876 mnemur
1893 831 1976 892 pro-

335 929 411 976 rum
428 914 577 990 ipsorum
598 912 738 974 fratrum
757 927 823 972 non
849 910 1003 986 arguunt,
1020 909 1128 970 sedin
1181 913 1305 988 tegere,
1322 913 1445 989 quanto
1468 928 1527 988 pro
1547 911 1611 972 tide
1631 912 1806 974 christiani
1830 913 1976 974 nominis

336 1010 565 1072 familiaritate
588 1023 648 1070 sua
677 1007 854 1084 recipiunt,
889 1007 1009 1068 iratres
1037 1007 1128 1082 ipsos
1183 1025 1218 1070 se
1231 1009 1493 1071 diuturnioribus
1508 1009 1680 1084 exponunt
1694 1008 1852 1085 periculis
1866 1011 1901 1072 et
1910 1009 1976 1071 ed-

337 1104 848 1182 intolerabiliterdeprimentes,
872 1119 953 1180 quos
977 1117 1036 1180 pro
1058 1119 1128 1163 suae
1182 1122 1300 1168 versus
1316 1121 1438 1183 pravas
1462 1106 1495 1168 et
1513 1108 1646 1168 exteras
1668 1105 1821 1167 nationes
1843 1105 1975 1168 labores

335 1203 508 1279 religionis
521 1203 694 1264 honestate
706 1201 863 1264 deberent
873 1200 1032 1262 attentius
1048 1215 1129 1260 eon·
1182 1201 1324 1264 subeunt
1333 1203 1516 1278 graviores.
1527 1202 1608 1263 inde
1620 1202 1681 1273 est,
1694 1201 1780 1278 quod
1790 1203 1858 1264 tam
1871 1201 1975 1264 fortes

336 1300 460 1362 fovere.
487 1299 591 1370 Unde,
618 1299 774 1375 quoniam
804 1311 985 1372 gravamen
1013 1311 1128 1357 eorum
1183 1299 1304 1360 Christi
1321 1299 1463 1362 athletas
1477 1300 1513 1359 in
1528 1315 1588 1360 suo
1600 1298 1715 1364 saneto
1729 1299 1900 1375 preposito
1909 1316 1973 1362 vo-

336 1397 429 1458 tanto
442 1396 550 1458 minus
560 1394 713 1457 volumus
727 1394 763 1454 in
775 1393 936 1470 patientia
948 1393 1125 1463 sustinere,
1183 1395 1288 1456 lentes
1303 1396 1462 1458 attentius
1482 1395 1669 1467 confovere,
1691 1397 1732 1458 ad
1748 1397 1973 1460 defensionem

337 1493 459 1572 quanto
467 1492 604 1568 gravius
608 1493 699 1570 justo
712 1491 772 1552 Dei
779 1490 906 1568 judicio
917 1488 1128 1565 permittente
1183 1493 1236 1554 sui
1260 1493 1518 1554 sollicitudinem
1540 1495 1687 1554 vestram
1706 1493 1860 1555 duximus
1882 1509 1975 1556 com-

332 1589 462 1668 jugiter
492 1590 582 1666 ipsos
609 1588 738 1652 inimici
773 1587 949 1649 christiani
983 1585 1128 1647 nominis
1183 1590 1391 1661 monendam,
1408 1591 1444 1652 ut
1463 1590 1569 1666 magis
1589 1605 1629 1652 ac
1654 1591 1760 1666 magis
1782 1591 1911 1668 possint
1930 1591 1973 1654 ad

337 1688 593 1765 persequuntur,
606 1684 815 1746 universitati
824 1684 942 1748 vestrae
956 1685 1129 1759 perlipos-
1183 1687 1442 1762 promovendum
1465 1687 1681 1764 propositum,
1708 1687 1795 1764 quod
1823 1703 1974 1765 sumpse-

337 1784 438 1846 tolica
453 1784 577 1860 scripta
596 1782 791 1844 mandamus
814 1783 848 1843 et
871 1781 907 1840 in
930 1778 1127 1841 obedientiae
1182 1783 1270 1854 runt,
1287 1783 1470 1848 intendere.
1490 1799 1590 1860 quum
1606 1783 1730 1844 fuerint
1750 1783 1973 1846 sollieitudine

338 1881 462 1945 virtute
474 1880 697 1958 praecipimus,
712 1879 875 1955 quatenus
890 1877 1030 1947 litteras,
1045 1891 1127 1953 quas
1183 1879 1395 1955 praelatorum
1410 1880 1560 1942 eeclesiae
1573 1895 1593 1940 a
1606 1879 1827 1956 malignorum
1841 1881 1974 1957 inquie-

336 1994 397 2055 pro
421 1979 470 2038 eis
492 1977 678 2051 dirigimus,
715 1975 785 2034 sive
806 1973 980 2048 generales
1004 1972 1129 2034 fuerint
1180 1977 1306 2038 anone
1334 1977 1455 2038 securi.
1474 1980 1645 2039 hionemus
1671 1977 1782 2054 itaque
1800 1979 1974 2040 ¹universi-

214 2097 222 2117 ·
336 2075 407 2136 sive
422 2074 522 2135 etiarn
537 2072 710 2149 speciales,
726 2069 896 2147 recipiatis
911 2069 1083 2132 humiliter
1094 2069 1128 2130 et
1180 2073 1280 2134 tatem
1290 2074 1434 2136 vestram
1446 2077 1544 2152 etque
1558 2075 1779 2151 praecipimus,
1793 2077 1971 2151 quatenus,

337 2170 480 2232 fideliter
513 2169 699 2246 exponatis,
728 2168 894 2244 subjectos
925 2167 1054 2228 vestros
1085 2164 1126 2226 ad
1181 2169 1210 2229 si
1225 2170 1356 2245 quando
1371 2171 1487 2232 clerici
1500 2171 1553 2232 vel
1569 2171 1646 2232 laici
1662 2171 1857 2248 parochiani
1868 2171 1973 2236 vestri

335 2266 564 2344 eleemosynas
596 2268 628 2328 et
653 2264 814 2326 beneficia
847 2263 946 2324 solita
974 2261 1126 2322 sollicitis
1181 2265 1216 2326 in
1235 2265 1379 2344 aliquem
1397 2267 1632 2344 predictorum
1651 2267 1790 2330 fratrum
1810 2267 1972 2344 capiendo

337 2365 474 2426 monitis
487 2364 520 2426 et
542 2361 829 2424 exhortationibus
849 2359 1043 2435 diligentius
1069 2359 1127 2419 in·
1180 2362 1233 2423 vel
1249 2363 1289 2424 de
1304 2363 1374 2424 suis
1398 2364 1595 2440 equitaturis
1617 2365 1803 2442 dejiciendo
1815 2368 1874 2426 aut
1887 2365 1974 2427 alias

336 2461 506 2534 ducentes,
522 2461 642 2523 fratres
657 2459 768 2521 autem
789 2457 932 2534 benigne
956 2456 1126 2532 recipiatis
1181 2458 1355 2522 inhoneste
1381 2461 1552 2522 tractando
1574 2461 1738 2524 violentas
1760 2477 1877 2523 manus
1892 2462 1974 2539 inji-
2003 2469 2008 2474 ·

336 2558 371 2622 et
384 2559 522 2620 honeste
543 2557 693 2620 tractetis
715 2555 873 2618 attentius
897 2551 1075 2631 provisuri,
1091 2553 1127 2614 ut
1181 2557 1283 2628 ciunt,
1314 2558 1505 2635 hujusmodi
1544 2559 1812 2636 praesumptores,
1842 2559 1973 2620 sublato

336 2653 377 2715 de
389 2653 605 2732 pareehIanis
618 2652 739 2715 vestris
754 2651 806 2712 vel
822 2651 863 2712 de
876 2648 1018 2710 subditis
1036 2648 1123 2721 aliis,
1180 2655 1414 2731 appellationis
1432 2655 1613 2728 obstaculo,
1637 2657 1787 2718 accensis
1811 2657 1971 2730 candelis,

336 2751 365 2813 si
389 2751 558 2829 querelam
582 2747 770 2820 detulerint,
791 2748 882 2824 ipsos
904 2745 945 2807 ad
961 2745 1125 2808 exhiben—
1181 2751 1341 2814 dilatione
1368 2755 1401 2814 at
1424 2753 1598 2820 occasione
1622 2754 1815 2830 postposita,
1837 2769 1974 2816 excom-

333 2848 410 2909 dam
417 2847 582 2925 iustitiam
593 2845 683 2907 omni
693 2844 802 2920 gratia
813 2846 846 2906 et
859 2844 979 2906 timere
990 2843 1127 2920 postpo-
1180 2849 1365 2912 munientes
1388 2849 1520 2925 publice
1541 2849 1701 2912 nuntietis
1720 2851 1755 2910 et
1777 2849 1933 2912 tamdiuf
1954 2881 1974 2896 -

334 2945 407 3006 sitis
434 2944 594 3006 canonica
614 2941 791 3004 severitate
818 2940 956 3016 cogatis,
977 2939 1023 3002 ita
1039 2939 1125 3016 quod
1180 2945 1277 3008 ciatis
1291 2946 1376 3008 sicut
1387 2945 1689 3008 excommunicatos
1699 2947 1824 3008 arctius
1836 2947 1970 3020 evitari,

332 3041 452 3103 iratres
467 3041 531 3116 ipsi
546 3056 589 3100 ex
603 3038 806 3114 negligentia
819 3036 931 3098 vestra
949 3035 1124 3098 adsedem
1180 3041 1284 3104 donec
1304 3058 1402 3118 passo
1420 3043 1577 3120 injuriam
1596 3059 1742 3120 congrue
1765 3043 1975 3106 satisfaciant

334 3136 557 3214 Apostolioam
568 3150 636 3196 11011
657 3133 826 3208 laborenis
850 3132 965 3193 scituri
981 3131 1079 3208 (lUOd,
1096 3132 1125 3193 si
1180 3139 1213 3200 et
1238 3154 1298 3215 pro
1325 3139 1544 3203 absolutionis
1572 3139 1733 3202 beneflcio
1761 3141 1972 3218 impetrando

334 3230 500 3311 praecepto
522 3233 635 3294 nostro
650 3229 929 3308 praesumpseritis
944 3228 1122 3300 contraire,
1179 3236 1369 3312 Apostolico
1384 3253 1420 3298 se
1435 3237 1627 3314 conspectui
1641 3237 1891 3314 representem.
1907 3239 1972 3299 Eos

335 3331 371 3392 in
392 3345 452 3392 vos
482 3329 569 3390 sicut
601 3326 830 3388 inobedientes
857 3323 1124 3387 animadvertere
1178 3347 1270 3406 vero,
1287 3333 1343 3409 qui
1367 3333 1402 3394 in
1428 3333 1603 3412 praedictos
1629 3331 1749 3396 fratres
1772 3350 1973 3397 manusnon

333 3427 485 3490 severius
500 3423 748 3502 compellemur.
768 3422 886 3486 Datum
907 3421 1075 3494 Laterani,
1092 3423 1123 3482 ll
1179 3428 1334 3505 injiciunt
1357 3428 1532 3501 violentas,
1556 3430 1613 3490 sed
1635 3445 1694 3492 eos
1718 3431 1830 3492 verbis
1853 3431 1974 3492 contu-

333 3523 400 3586 kal.
435 3521 606 3596 februarii,
644 3519 856 3599 pontificatus
896 3518 1001 3580 nostri
1036 3533 1124 3579 anno
1180 3525 1327 3587 meliosis
1353 3525 1503 3587 afliciunt
1528 3526 1562 3588 et
1585 3526 1792 3603 equitaturas
1823 3528 1881 3588 aut
1903 3528 1974 3590 alia

334 3621 485 3698 septimo.
1179 3635 1294 3681 eorum
1315 3619 1402 3682 bona
1416 3621 1580 3684 violenter
1600 3621 1771 3698 diripiunt,
1788 3623 1818 3682 si
1840 3623 1971 3686 avobls

1179 3717 1371 3779 commoniti
1392 3717 1502 3780 ablata
1525 3717 1575 3779 eis
1599 3719 1777 3780 restituere
1802 3719 1974 3783 noluerint

1179 3817 1213 3876 et
1240 3813 1280 3874 de
1306 3814 1408 3876 illatis
1436 3814 1569 3890 injuriis
1603 3815 1864 3878 satisfactionem
1890 3831 1975 3880 con-

668 3955 791 4042 LXIX
1178 3926 1296 3987 gruem
1317 3911 1486 3982 exhibere,
1509 3911 1643 3974 vinculo
1665 3911 1887 3974 anathematis
1911 3913 1975 3974 ad-

1179 4008 1362 4084 stringatis,
1379 4023 1445 4085 quo
1464 4007 1557 4084 ipsos
1579 4023 1683 4086 usque
1709 4009 1750 4070 ad
1772 4008 1974 4085 condignam

332 4114 384 4174 Ad
397 4111 680 4183 archiepiscopos,
693 4109 876 4179 episcopos,
892 4106 969 4175 ete,
984 4105 1124 4176 adpetes
1179 4105 1440 4166 satisfactionem
1467 4104 1610 4166 teneatis
1637 4105 1824 4167 adstrictos.
1851 4106 1972 4167 Datum

494 4206 622 4268 litterae
638 4203 717 4264 tetoe
729 4200 964 4275 pervenerint.
1179 4197 1346 4272 Laterani,
1363 4203 1454 4262 XVII
1477 4201 1639 4262 kalendas
1665 4200 1835 4276 februarii,
1861 4201 1974 4280 ponti-

596 4315 630 4372 pg
643 4313 767 4387 januarii
785 4311 863 4370 itit.
1179 4297 1296 4361 ticatus
1309 4298 1414 4360 nostri
1429 4312 1518 4360 anno
1530 4297 1682 4376 septimo.

316 4433 319 4440 ’
389 4439 526 4506 [Strahlka
537 4435 641 4488 Tabula
654 4434 710 4484 ord.
723 4433 860 4492 Thenton„
872 4448 898 4499 p.
906 4433 962 4492 325,
972 4448 997 4483 n.
1006 4433 1073 4498 3⁷9]

334 4564 477 4626 Honorius
490 4557 731 4620 excommunicari
741 4556 830 4630 jubet,
842 4557 1012 4630 quicumque
1025 4555 1125 4615 fratres

368 4653 475 4713 ordinis
492 4647 659 4708 theutonici
677 4644 828 4720 capiendo,
844 4645 879 4702 de
893 4645 1059 4718 equitaturis
1073 4645 1123 4702 de·
1521 4616 1624 4704 LXX

365 4738 500 4814 jicienda,
517 4737 588 4794 alias
610 4733 760 4791 inhoneste
778 4731 926 4790 tractando
944 4732 1123 4790 violaverint.
1226 4769 1278 4828 Aa
1295 4768 1506 4842 „mmmm
1528 4769 1562 4830 εἰ
1582 4767 1715 4840 fragm
1733 4765 1923 4840 Hospuapss

318 4920 321 4927 .
371 4873 539 4938 Honorius
550 4870 736 4948 episcopus,
744 4883 862 4930 servus
870 4882 1042 4929 servorum
1051 4867 1122 4940 Dei,
1330 4867 1365 4926 S·
1380 4866 1505 4926 Mari&
1525 4864 1820 4926 mmmmm·

312 4969 579 5037 -venerabilibus
610 4965 769 5030 fratribus
800 4965 1059 5042 archiepiscopis
1092 4966 1129 5026 et
1444 4991 1605 5052 pfgpfflaffi
1625 4993 1704 5054 1223,

333 5069 497 5148 episcopis
512 5069 545 5128 et
559 5065 689 5128 dilectis
705 5063 784 5124 tiliis
798 5061 983 5173 abbatibus,
1002 5062 1126 5138 priori·
1272 5115 1408 5182 [seranna
1418 5115 1480 5169 m,
1493 5117 1547 5166 oro.
1555 5117 1692 5178 roselon,
1705 5115 1761 5175 3²7,
1772 5131 1798 5168 n.
1809 5116 1876 5179 am]

331 5167 405 5238 bus,
426 5161 683 5233 archidiaconis,
708 5159 845 5222 decanis
863 5161 896 5222 et
918 5159 994 5220 alus
1017 5159 1126 5220 eccle-

333 5263 459 5326 siarum
479 5259 638 5337 praelatis,
660 5258 701 5319 ad
717 5272 799 5334 quos
814 5255 934 5318 pittgpae
947 5255 1020 5318 Μ
1042 5273 1123 5334 per.
1179 5239 1322 5298 Honorius
1341 5246 1418 5298 vetat
1437 5238 1539 5297 fratres
1553 5238 1743 5296 theutonicos
1765 5239 1893 5298 ordinem
1907 5241 1973 5298 sine

332 5359 497 5426 venerint,
521 5354 710 5416 salutemet
729 5353 954 5430 apostolicam
968 5352 1125 5416 benedic·
1347 5329 1479 5402 m⁸ss¹⁸²fi
1497 5327 1611 5384 ¹¹⁰⁰mi⁸
1631 5327 1799 5400 '⁰¹³⁰quefe·

333 5459 469 5522 tionem.
1217 5454 1384 5516 Honorius
1394 5454 1581 5530 episcopos,
1591 5467 1707 5514 servus
1715 5467 1887 5516 servorum
1897 5452 1969 5527 Dei,

373 5553 452 5616 Paci
469 5551 502 5614 et
523 5547 627 5628 quieti
642 5547 874 5622 religiosorum
889 5547 1037 5612 virorum
1052 5547 1124 5612 ira-
1178 5550 1308 5614 dilectis
1323 5551 1401 5612 liliis
1412 5551 1571 5626 magistro
1581 5552 1614 5612 et
1624 5549 1780 5612 fratribus
1789 5550 1971 5627 Hospitalis
