4258 6394
787 129 795 162 f

161 305 221 366 497·
757 307 987 370 EPISTOLAE.
1011 309 1089 370 LIB.
1112 311 1199 370 v111.
1740 313 1800 374 498

159 461 470 526 communlcatIonis
480 464 671 536 adstrictus,
688 464 881 543 priusquam
892 467 952 529 tibi
1008 467 1064 530 ubi
1103 468 1267 531 deberetis
1304 469 1501 532 erubescere
1531 471 1708 544 corruisse,
1732 471 1798 544 vel,

159 558 353 632 satisfaciat,
373 560 500 622 absolvi
526 561 708 637 contingat,
726 563 878 630 videatur
892 578 946 624 ec·
1008 565 1093 642 quod
1105 567 1154 626 est
1163 567 1310 642 gravius,
1329 568 1459 628 animos
1480 572 1608 630 vestros
1624 569 1658 630 in
1673 567 1801 630 malitia

159 657 270 718 clasiae
285 659 350 718 tuae
365 659 594 734 praejudicium
612 661 779 734 generari,
795 659 954 722 fraterni·
1008 661 1207 724 obdurantes
1219 665 1328 725 adbuc
1338 667 1374 724 in
1384 665 1526 742 pristina
1536 665 1675 742 perfidia
1688 681 1800 728 rema-

157 755 218 816 tnti
228 755 294 816 tuat
305 755 517 831 praesentium
529 755 726 818 auctoritate
741 757 952 818 concedimus
1007 760 1105 831 netis,
1117 761 1273 838 tanquam
1288 762 1322 821 in
1338 762 1538 838 profundum
1552 763 1711 825 veneritis
1727 778 1801 840 pec-

159 852 195 912 ut
213 853 405 928 praenotatae
434 852 607 914 sententiae
636 853 671 913 in
695 853 846 914 eumdem
866 857 905 916 R.
921 855 953 915 et
1008 858 1166 917 catorum.
1185 860 1227 918 Ut
1245 859 1349 933 igitur
1363 859 1482 921 iterata
1501 860 1640 921 monitio
1657 875 1800 921 monen-

158 951 281 1010 terram
297 952 368 1026 ejus
383 965 403 1010 a
417 950 450 1011 te
479 965 518 1010 ac
547 950 745 1034 protelatae
762 951 952 1015 nullatenus
1007 953 1049 1019 tis
1065 954 1220 1016 affectum
1241 956 1433 1032 exprimens
1445 957 1619 1033 potiorem,
1636 957 1751 1021 utilem
1764 957 1801 1018 in

157 1045 360 1116 relaxentur,
385 1047 450 1106 nisi
473 1045 596 1108 dictum
614 1049 758 1108 castrum
779 1064 853 1114 cum
876 1064 953 1129 per·
1007 1049 1100 1111 vobis
1113 1053 1311 1129 assequatur
1324 1054 1541 1115 correctionis
1553 1053 1713 1116 affectum
1724 1052 1803 1113 uni-

158 1142 307 1204 tinentiis
316 1143 386 1204 suis
396 1143 547 1205 ecclesiae
560 1143 624 1205 tuae
637 1143 738 1205 fuerit
750 1145 950 1218 restitutum,
1007 1149 1198 1211 versitatem
1204 1151 1348 1212 vestram
1356 1151 1578 1223 structurum,
1587 1153 1635 1213 sic
1641 1150 1800 1214 attentius

158 1241 192 1302 et
206 1255 305 1319 super
317 1241 552 1302 satisfaciendo
570 1241 611 1302 de
627 1241 757 1310 damnIs
773 1244 805 1304 et
818 1243 952 1320 injuriis
1008 1259 1264 1318 commonemus,
1293 1263 1353 1324 per
1368 1248 1557 1324 apostolica
1572 1247 1667 1309 vobis
1677 1247 1802 1324 scripta

158 1351 303 1412 congrue
318 1337 525 1400 satisdatum.
540 1341 660 1400 Datum
676 1339 844 1410 laterani,
861 1339 953 1400 Xka·
1007 1341 1148 1404 firmiter
1167 1344 1392 1420 praecipiendo
1414 1346 1610 1407 mandantes
1625 1346 1800 1422 quatenus,

157 1433 330 1494 landarum
339 1435 500 1510 januarii,
523 1431 735 1515 pontificatus
750 1435 855 1499 nostri
865 1451 952 1498 anno
1008 1439 1037 1508 si
1052 1440 1129 1516 quid
1140 1440 1176 1500 in
1186 1439 1280 1501 vobis
1293 1441 1343 1502 est
1353 1441 1459 1502 diviui
1482 1442 1613 1510 timoris
1630 1443 1683 1504 vel
1696 1441 1804 1518 pudo-

158 1529 285 1590 octavo
715 1590 720 1602 ,
1008 1536 1055 1597 ris
1083 1537 1239 1609 humani,
1263 1539 1441 1614 antequam
1463 1539 1578 1605 contra
1599 1555 1659 1600 vos
1684 1538 1807 1614 rigidae

1009 1633 1145 1696 ultionis
1160 1634 1291 1708 gladius
1306 1635 1571 1698 irrevocabiliter
1579 1636 1747 1708 exeratur,
1759 1633 1806 1703 ad

473 1760 632 1847 LXXXI
1009 1732 1148 1790 matrem
1164 1735 1310 1793 vestram
1334 1732 1574 1794 convertamini
1593 1732 1805 1804 festinanter,

1009 1824 1173 1887 obedituri
1188 1827 1371 1890 venerabili
1398 1827 1493 1892 fratri
1519 1832 1631 1890 nostro
1649 1827 1803 1903 Magalo-

230 1913 282 1972 Λᾶ
293 1912 419 1973 milites
431 1911 465 1973 θΐ
476 1915 641 1985 populum
654 1911 891 1985 Meldm'leflfss
1009 1924 1105 1984 nansi
1121 1925 1277 2001 episcopo
1298 1923 1346 2002 (2)
1362 1927 1518 2001 tanquam
1539 1925 1672 1988 domino
1693 1925 1805 1995 vestro

461 2009 654 2068 comitatus·
1009 2019 1181 2081 humiliter
1191 2024 1224 2083 et
1238 2021 1365 2094 devote,
1376 2037 1443 2083 non
1456 2021 1805 2098 obstantejuramente

420 2135 594 2196 23deoemg
609 2137 687 2195 liii.
1009 2115 1038 2176 si
1062 2117 1147 2192 quod
1175 2117 1262 2179 dicto
1289 2121 1327 2182 R.
1344 2116 1392 2196 (3)
1418 2118 1555 2190 fecistis,
1586 2119 1671 2195 quod
1684 2117 1807 2180 illicite
1840 2179 1844 2186 .

182 2261 304 2326 nonque,
316 2261 372 2312 nee.
385 2259 428 2312 aas
439 2261 502 2320 ΗΜ,
517 2261 585 2318 m,
596 2259 658 2320 743,
683 2261 792 2323 aegest,
802 2258 849 2310 tib.
863 2258 932 2316 viii,
1009 2215 1189 2290 praestitum
1197 2215 1287 2278 linita
1304 2216 1432 2278 servari
1440 2231 1508 2282 non
1517 2215 1633 2292 potest.
1643 2215 1807 2292 Alioquin

483 2341 557 2404 θρῖα,
569 2340 636 2404 ιη]
1009 2327 1075 2372 non
1090 2313 1289 2388 exspectetis
1302 2329 1321 2374 a
1337 2312 1432 2375 nobis
1446 2314 1586 2382 ulterius
1597 2313 1802 2377 commoneri
1911 2379 1916 2390 ι

158 2417 297 2520 Objurgat
310 2461 361 2503 eos
379 2447 532 2514 Honorius,
552 2446 627 2518 quod
644 2461 659 2504 a
681 2444 808 2502 dominio
822 2444 953 2518 blagalo·
1010 2408 1039 2518 Si·
1049 2411 1172 2486 quanm
1183 2426 1242 2474 ¹¹⁰³
1253 2410 1414 2518 hacfiffflus
1429 2411 1609 2486 pauentum
1622 2415 1809 2520 COQPPIIa*

195 2538 294 2594 nensps
320 2537 447 2609 episcopt
475 2534 510 2592 ,d
534 2542 629 2609 pm„
649 2533 801 2598 germundi
822 2532 955 2592 «polosum
1009 2507 1229 2578 vimus,tanto
1246 2507 1808 2584 duritiamvestramtamspiritua·

194 2624 377 2692 desciverint,
398 2631 426 2680 et
447 2639 561 2696 poenam
577 2623 612 2680 ab
626 2623 662 2678 iis
676 2623 849 2680 severiorem
862 2637 893 2678 se
908 2635 953 2678 re·
1010 2603 1090 2664 IIIQI'
1102 2620 1200 2682 quam
1212 2605 1439 2680 ιθῐῦῑ)θῐ’ἃῙῘῑθΓ
1458 2604 1608 2666 severius
1628 2603 1804 2680 puniemus

193 2713 347 2784 petiturum
368 2713 500 2782 minetur,
521 2712 576 2768 nisi
602 2713 630 2768 in
644 2711 803 2785 legitimam
818 2710 954 2768 ditionem
1009 2716 1068 2765 vos
1082 2703 1240 2778 tanquam
1254 2701 1398 2777 perfidos
1417 2703 1450 2764 et
1464 2700 1549 2764 hona
1568 2703 1679 2765 vestra
1696 2700 1806 2762 omni·

194 2815 292 2858 rursus
306 2799 463 2858 concedere
478 2799 621 2858 festinent.
1009 2797 1071 2857 bus
1093 2797 1299 2873 exponendo.
1329 2799 1448 2866 Datum
1478 2798 1651 2868 Laterani,
1675 2798 1706 2856 X
1734 2795 1802 2876 kal,

198 2936 368 2998 Honorius
379 2937 606 3014 episcopus...,
621 2934 782 2997 militibus
793 2934 955 3010 etpopulo
1007 2894 1170 2971 januarii*
1185 2895 1396 2971 9⁰¹¹tffi⁰³t¹¹¹³
1412 2897 1618 2964 ”mi-amm
1633 2895 1761 2962 ‘mam‘

157 3033 199 3094 de
214 3033 388 3110 Melgorio,
409 3034 562 3110 spiritum
578 3033 710 3094 consilii
724 3032 879 3094 sanioris.

198 3129 291 3202 Quod
306 3131 347 3191 de
362 3129 526 3191 libertatis
550 3131 710 3190 maternae
730 3128 904 3189 dulcedine
919 3127 954 3188 in

157 3227 416 3290 amaritudinem
435 3225 620 3303 tyrannicae
640 3224 810 3287 servitutis
837 3224 956 3302 praeci·
1318 3183 1497 3270 LXXXII

157 3325 290 3399 pitastis
318 3323 498 3386 infeliciter
522 3324 758 3402 vosmetipsos,
795 3321 952 3399 fugiendo
1160 3335 1212 3399 Aa
1223 3335 1450 3411 proeposptum
1459 3335 1647 3395 Massam,

157 3420 338 3498 benignam
351 3421 609 3490 dominationem
633 3421 687 3482 vel
701 3421 811 3496 potins
827 3419 953 3496 guber·
1272 3464 1307 3520 23
1317 3462 1445 3522 decemb·
1463 3463 1541 3522 lm

156 3519 329 3581 nationem
351 3517 600 3596 Magalonensis
624 3517 787 3590 ecclesias,
808 3533 955 3594 quaeres
1171 3586 1176 3596 ,
1325 3585 1331 3596 1
1749 3585 1754 3597 1

158 3632 225 3677 non
238 3618 311 3677 sine
322 3617 426 3677 multo
444 3614 637 3676 discrimine
651 3615 691 3675 de
706 3615 818 3676 multis
832 3629 954 3689 angus·
1026 3585 1145 3650 IR⁰I⁰⁸I¹’
1158 3585 1204 3638 ¹¹¹³·
1216 3585 1282 3646 viii,
1292 3591 1367 3650 ‘9¹⁵²'
1378 3585 1432 3636 Ἠ·
1441 3587 1499 3638 ⁵¹⁸⁸·
1511 3589 1548 3638 ¹⁴⁸
1560 3588 1634 3638 ¹³⁰f¹⁰
1646 3585 1682 3636 ‘¹¹¹
1694 3586 1790 3656 Μ]

157 3713 214 3774 tiis
228 3713 398 3786 liberarat,
413 3713 446 3774 et
459 3711 619 3773 tradendo
629 3727 689 3774 vos
700 3710 897 3788 proditifflfis
907 3709 954 3790 (1)
1010 3701 1167 3759 Ecclesiam
1182 3699 1218 3758 de
1231 3701 1341 3760 filando
1354 3701 1383 3758 in
1394 3717 1462 3759 usus
1477 3703 1606 3774 proprios
1625 3701 1764 3758 retinendi
1774 3702 1802 3757 ei

159 3807 228 3872 illio
245 3809 432 3872 Raimundo
455 3813 534 3871 nato
564 3811 602 3870 R.
632 3807 797 3885 quondam
824 3808 954 3870 comitis
1249 3788 1411 3847 facultatem
1424 3787 1565 3847 ⁰⁰⁰⁰&st-

158 3907 327 3980 Tolosani,
350 3908 387 3968 ut
413 3906 592 3970 innitentes
614 3903 732 3966 baculo
758 3904 953 3976 arundineo,
1050 3906 1228 3976 Honorius,
1243 3907 1318 3976 eto,
1332 3905 1511 3982 praeposito
1526 3905 1709 3966 Massilien.

159 4005 215 4079 qui
228 4003 353 4066 fractus
367 4017 501 4062 manum
516 4001 663 4078 perforat
674 4001 861 4073 innitentis,
881 4015 956 4061 cum
1051 4003 1168 4074 Quum,
1195 4001 1449 4063 sicutexhibita
1484 4002 1579 4063 noble
1607 4004 1665 4063 tua
1690 4001 1805 4078 petitio

159 4099 265 4163 fracto
276 4103 375 4162 etiarn
387 4098 656 4174 confringamini,
670 4113 736 4158 non
748 4098 853 4170 solum
863 4097 958 4158 dam·
1011 4098 1204 4168 declaravit,
1221 4099 1313 4160 cives
1325 4099 1509 4160 Massilien.
1524 4100 1640 4161 contra
1651 4103 1754 4160 Deum
1770 4099 1804 4160 et

159 4199 282 4259 nabilis
303 4197 432 4258 reatum
448 4195 588 4273 perjurii
614 4197 647 4256 et
661 4195 862 4258 detestandae
878 4211 957 4273 pro·
1007 4197 1172 4274 justitiam
1196 4197 1299 4273 imple
1320 4199 1570 4279 prosequentes,
1595 4197 1635 4257 de
1661 4195 1805 4273 propriis

160 4291 296 4357 ditionis
311 4293 492 4366 infamiam,
520 4293 576 4353 sed
603 4293 704 4354 etiam
726 4291 956 4362 abominandae
1012 4293 1162 4354 domibus
1176 4309 1233 4354 vos
1248 4295 1371 4370 ejectos
1386 4293 1507 4354 vestris
1527 4293 1711 4355 redditibus
1726 4309 1806 4370 spo-

159 4390 411 4468 ingratitudinis
439 4391 556 4452 vitium
584 4391 616 4450 et
640 4389 750 4451 notam
772 4389 957 4450 manifestae
1011 4389 1135 4460 liarint,
1154 4405 1213 4450 nos
1225 4389 1285 4451 tibi
1306 4388 1415 4451 debito
1426 4390 1664 4470 compatientes
1684 4389 1806 4451 affectu

158 4485 335 4551 dementiae
356 4487 577 4550 infallibiliter
599 4485 808 4558 incurristis,
843 4501 956 4547 rerum
1012 4485 1187 4548 ecclesiam
1203 4487 1246 4547 de
1266 4487 1394 4548 Alando
1418 4503 1506 4550 nunc
1521 4489 1706 4556 vacantem,
1732 4503 1804 4564 quae

159 4581 345 4666 dispendia,
367 4599 585 4663 personarum
601 4581 749 4660 pericula
772 4583 804 4646 et
827 4583 958 4644 anima·
1012 4583 1054 4649 ad
1069 4585 1281 4648 donatiouem
1296 4587 1387 4647 tuam
1403 4585 1443 4645 de
1458 4599 1599 4645 assensu
1614 4585 1760 4662 episcopi
1775 4587 1807 4646 et

160 4697 234 4745 rum
260 4683 469 4754 detrimenta,
504 4681 570 4742 nisi
600 4679 819 4758 resipueritis,
841 4681 956 4766 procul
988 4753 989 4758 ἵ
1011 4679 1148 4756 capituli
1165 4681 1501 4758 nosciturpertinere,
1519 4681 1605 4742 sicut
1620 4681 1754 4752 asseris,
1769 4679 1804 4739 in

160 4777 260 4844 dubio
276 4780 458 4850 incursuri.
988 4761 991 4770 ¹
1011 4793 1090 4838 usus
1098 4777 1249 4854 proprios
1257 4777 1435 4847 retinendi,
1446 4777 1551 4838 donec
1561 4776 1806 4852 adpraepositu-

199 4881 341 4950 Verum,
368 4893 441 4946 cum
467 4875 561 4938 vobis
582 4876 708 4942 monita
733 4875 955 4936 direxerimus
1011 4889 1084 4939 ram
1098 4873 1188 4935 tuam
1202 4874 1342 4950 pacifice
1352 4873 1464 4934 redire
1477 4873 1591 4934 valeas
1606 4873 1683 4934 etin
1698 4888 1737 4933 ea
1749 4887 1805 4932 se-

162 4974 194 5035 et
219 4976 387 5045 mandata,
414 4974 461 5043 ut,
488 4973 543 5050 qui
569 4971 727 5034 abieratis
758 4971 955 5048 improvide,
1011 4987 1091 5034 cure
1120 4972 1256 5043 morari,
1282 4971 1482 5032 auctoritate
1507 4969 1568 5031 tibi
1592 4969 1806 5050 praesentium

162 5085 204 5132 ne
219 5073 404 5136 dixerimus
421 5070 583 5154 nequiter,
600 5068 640 5130 de
653 5067 789 5136 dextera
803 5069 840 5138 in
856 5067 959 5129 sinis·
1012 5068 1228 5131 concedimus·
1255 5067 1457 5130 facultatem.
1488 5069 1606 5128 Datum
1634 5065 1802 5136 Laterani,

161 5167 259 5244 tram,
276 5169 316 5231 de
330 5169 467 5230 sinistra
482 5167 517 5227 in
533 5165 703 5234 dexteram
718 5166 857 5242 provide
869 5165 959 5226 redi·
1012 5167 1041 5225 X
1069 5165 1231 5226 kalendas
1260 5165 1421 5242 januarii,
1455 5163 1666 5242 pontificatus
1700 5165 1805 5229 nostri

162 5269 254 5340 retis,
269 5282 339 5339 roe,
364 5265 459 5344 qtrasi
476 5262 712 5328 erubescentes
728 5262 805 5326 inde
821 5277 958 5338 surgere
1013 5264 1238 5324 annooctauo.

201 5420 306 5476 rtioent
318 5416 498 5484 comitatum,
511 5415 561 5472 ulli
576 5411 740 5470 concedatis
754 5413 958 5478 omninoentra
1050 5409 1075 5480 (l
1111 5413 1220 5468 Forsan
1233 5410 1398 5483 perditionis
1409 5414 1438 5468 iti
1449 5426 1547 5482 snpra.

163 5427 398 5562 Ilergaloueneem
415 5485 562 5544 dioecesim
596 5483 795 5542 commoranti.
818 5482 891 5544 Nulli
911 5497 956 5540 er·
1049 5483 1078 5554 (2
1107 5481 1260 5539 Bernardo.

163 5567 211 5624 go,
226 5567 280 5616 etc.
299 5561 400 5616 Datum
412 5555 556 5624 Laterani,
570 5553 665 5613 livill
680 5551 737 5610 kal.
754 5553 833 5620 maii,
850 5553 959 5625 pontiti-
991 5609 992 5614 ,
1049 5554 1091 5630 (3)
1108 5551 1268 5610 Raimundo
1280 5553 1342 5612 Vll.

162 5633 242 5687 cutus
254 5629 342 5687 nostri
356 5625 554 5685 nonodecimo
565 5631 676 5682 octavo.
696 5623 884 5698 »titouquetl
