4258 6394
330 297 390 359 tte

331 455 443 520 cleslae
468 455 692 533 Spalatensis,
722 453 764 517 ed
798 455 991 531 petitionem
1018 457 1124 534 ipsius

332 553 481 632 capituli,
494 569 613 614 munus
636 550 878 614 benedictionis
903 553 1042 631 accepit,
1059 569 1126 616 666

328 651 488 714 molestes
508 650 660 725 omnin03
680 649 758 727 quia
783 649 818 710 id
845 648 879 712 16
903 651 1126 728 contemptum

328 748 426 813 'tuum
452 748 574 810 iactum
600 761 667 808 non
697 747 835 819 exstitit,
850 764 951 825 quum
973 749 1062 810 61166
1081 749 1124 823 16,

333 847 390 926 qui
405 844 491 923 apud
511 859 572 906 nos
594 859 721 907 moram
745 845 941 922 aliquandiu
960 849 1124 920 traxeras,

332 941 526 1007 crederetur
548 939 647 1003 aliter
660 957 736 1003 esse
755 943 876 1004 actum.
893 946 960 1005 Per
977 945 1040 1006 hoc
1060 961 1125 1006 au-

330 1039 409 1112 tem,
426 1039 507 1116 quin
527 1053 571 1100 ex
594 1038 659 1100 alia
684 1039 875 1101 rationabili
892 1057 994 1103 causa
1011 1043 1126 1104 contra

334 1135 456 1197 dictum
483 1134 635 1198 abbatem
662 1151 763 1214 super
790 1137 997 1214 promotione
1020 1139 1126 1216 ipsius

333 1248 434 1310 agere
447 1232 572 1307 valeas,
588 1248 655 1295 666
670 1249 841 1310 negamus.
857 1235 975 1296 Datum
990 1237 1124 1313 Signiae,

331 1331 377 1392 VI
408 1329 570 1392 kalendas
598 1332 748 1408 augusti,
775 1331 988 1410 pontificatus
1020 1334 1126 1396 nostri

333 1439 421 1491 anno
431 1430 558 1492 octavo.

697 1769 760 1856 III

334 1919 386 1980 Act
406 1919 560 1981 abbatem
587 1919 688 1980 Vottts
708 1921 743 1982 S.
759 1919 862 1980 Petri
886 1919 1123 1981 0161616611.

374 2019 741 2088 061661666616166611,
761 2019 928 2078 moenum
946 2016 980 2078 et
994 2031 1127 2092 praepo·

372 2113 480 2174 situm
495 2114 721 2175 Calontenses.

632 2243 667 2301 29
676 2243 740 2316 julii
753 2243 831 2303 1223.

502 2363 628 2430 [Sebatum
646 2365 714 2418 dnn.
727 2365 845 2426 Pederb,
854 2366 874 2426 l,
886 2365 954 2430 998]

332 2488 448 2548 ltendet
467 2496 508 2558 ut,
527 2488 602 2562 quod
621 2491 790 2548 canonicum
815 2487 906 2560 luerit,
927 2490 963 2548 de
986 2491 1124 2550 electione

474 2579 633 2636 1166116116
648 2578 825 2652 episcopum,
846 2587 982 2637 61616661.

372 2704 540 2766 Honorius
573 2703 758 2783 episcopus,
797 2719 914 2766 servus
952 2719 1124 2767 servorum

331 2800 404 2869 Dei,
434 2801 564 2863 dilectis
593 2800 672 2884 tiliis
698 2800 810 2863 abbati
838 2802 943 2864 Vallis
972 2805 1006 2864 S.
1034 2803 1124 2865 Petri

331 2898 560 2961 Cisterciensis
579 2898 717 2971 ordinis,
736 2898 943 2961 coloniensis
958 2900 1122 2973 dioecesis,

330 2986 456 3059 dec'ano
484 2997 518 3058 et
544 2997 721 3073 praeposito
748 2995 1011 3070 coloniensibus,
1032 2998 1125 3058 salu-

329 3092 395 3154 tem
408 3093 442 3154 et
452 3093 675 3171 Apostolicam
687 3091 963 3154 benedictionem.

369 3187 417 3250 Ad
455 3189 659 3251 audientiam
689 3189 848 3261 nostram,
877 3189 1007 3251 dilectis
1045 3189 1124 3251 tiliis

329 3287 507 3362 praeposito
528 3287 561 3349 et
580 3286 717 3356 decano,
732 3301 772 3348 66
796 3285 993 3362 quibusdam
1022 3301 1125 3348 cano-

328 3381 414 3443 nicis
429 3381 877 3444 Ρ611611161666616666166166
898 3382 1122 3458 significanti-

328 3477 404 3551 bus,
432 3479 593 3542 noveritis
619 3479 824 3555 pervenisse,
856 3479 942 3556 quod
966 3479 1068 3540 abbas
1091 3480 1124 3542 et

329 3575 477 3637 decanus
501 3577 535 3638 61
562 3575 717 3638 66666161
742 3578 775 3638 S.
790 3576 882 3637 Petri
901 3574 1120 3652 paderburn,

328 3673 524 3746 wernerus,
540 3675 576 3734 B.
591 3673 624 3735 et
642 3675 682 3734 Η.
704 3671 825 3735 iratres
837 3675 921 3750 ejus,
937 3672 1059 3735 milites
1081 3673 1122 3736 de

327 3771 457 3845 Bracle,
472 3771 505 3833 et
519 3771 652 3850 quidam
667 3770 727 3832 alii
740 3769 1026 3832 Pederburnensis
1039 3770 1123 3834 civi·

208 3901 210 3906 ,
326 3867 408 3932 tatis
434 3870 468 3933 et
487 3869 639 3932 dioecesis
665 3870 701 3930 in
728 3882 843 3930 eorum
868 3867 1044 3930 ecclesiam
1066 3867 1121 3930 te·

327 3983 419 4029 mere
433 3967 609 4038 irruentes,
626 3982 666 4028 ac
679 3965 852 4028 molientes
865 3964 972 4043 ipsius
986 3966 1120 4042 episco-

327 4065 440 4141 patum
458 4064 601 4124 ilenrico
619 4061 768 4140 ejusdem
789 4061 941 4124 ecclesiae
960 4063 1121 4124 canonico

328 4175 389 4222 sua
413 4159 565 4220 conterre
589 4159 747 4236 potentia,
772 4159 880 4237 ipsum
905 4159 946 4221 de
974 4159 1060 4222 16616
1086 4160 1121 4220 16

327 4257 517 4333 episcopum
542 4256 667 4332 eligere
691 4257 984 4335 presumpserunt.
1013 4257 1127 4328 Quare

328 4353 495 4430 petierunt
513 4352 694 4426 humiliter,
713 4354 748 4414 ut
769 4369 844 4415 cum
866 4355 1042 4416 occasione
1057 4354 1122 4414 hu-

324 4449 469 4527 jusmodi
489 4449 606 4525 gravia
626 4449 745 4510 damna
767 4449 980 4523 incurrerint,
998 4464 1054 4513 eos
1079 4451 1120 4514 ad

327 4547 597 4609 sadslaciendum
615 4547 770 4609 16166166
786 4549 1054 4625 praesumptionis
1068 4549 1122 4609 in-

320 4646 425 4725 16116,
451 4645 484 4708 61
512 4645 652 4718 damnis,
684 4661 757 4723 quae
780 4645 992 4708 incurrerunt
1020 4662 1120 4710 occa-

325 4743 420 4806 sione
443 4742 615 4825 preedicta,
638 4758 758 4819 cogere
784 4742 1007 4819 dignaremur.
1037 4745 1120 4816 Quia

323 4857 403 4904 vero
419 4841 515 4903 nobis
530 4856 596 4902 non
612 4840 761 4903 constitit
782 4838 823 4901 de
838 4839 1032 4917 praemissis,
1057 4842 1121 4903 dis-

324 4939 465 5002 61611661
478 4939 598 5000 vestrae
613 4953 672 5014 per
686 4937 875 5012 Apostolica
891 4939 1015 5014 scripta
1031 4955 1121 5000 man·

324 5035 453 5106 damus,
475 5036 638 5113 quatenus
662 5034 800 5105 vocatis,
820 5033 876 5111 qui
896 5033 1019 5096 suerint
1039 5051 1120 5098 evo-

324 5133 434 5202 candi,
451 5134 484 5194 61
498 5132 622 5193 auditis
635 5130 713 5191 hinc
735 5130 812 5191 inde
827 5131 1018 5210 propositis,
1033 5131 1120 5208 quod

323 5230 522 5293 canonicum
544 5229 655 5299 166111,
672 5227 897 5303 appellatione
923 5229 1117 5305 postposita,

323 5327 489 5400 6161166116,
521 5325 684 5387 facientes
707 5324 792 5401 quod
818 5324 1034 5386 decreveritis
1059 5341 1120 5401 per

323 5439 499 5490 censuram
535 5421 795 5487 ecclesiasticam
824 5422 965 5484 firmiter
999 5421 1118 5484 obser-

323 5525 407 5589 vari.
434 5525 549 5587 Testes
575 5522 696 5592 autem,
714 5520 770 5599 qui
799 5519 923 5582 luerint
944 5519 1117 5592 nominati,

945 297 1122 386 HONQRII
1144 299 1190 360 111
1210 299 1361 360 OPERA.

1915 302 1977 361 404

1181 457 1209 518 si
1232 473 1269 519 se
1292 457 1412 534 gratia,
1429 457 1506 520 odio
1530 457 1582 519 vel
1600 459 1720 520 timore
1735 456 1975 532 subtraxerint,

1180 569 1433 632 percensuram
1460 555 1621 627 eamdem,
1651 555 1874 632 appellatione
1896 573 1977 618 ces·

1181 651 1285 724 sante,
1303 653 1429 728 cogatis
1453 651 1587 713 veritati
1609 653 1836 714 testimonium
1860 654 1979 730 perhi-

1180 747 1269 810 bere.
1287 749 1423 821 Quodsi
1450 765 1516 810 non
1538 763 1652 811 omnes
1677 749 1730 808 his
1752 751 1977 826 exsequendis

1179 847 1355 923 potueritis
1380 847 1553 919 interesse,
1568 846 1633 908 duo
1651 847 1799 908 vestrum
1813 861 1854 908 ea
1866 848 1976 909 nihil-

1180 945 1312 1005 ominus
1322 945 1559 1022 exsequantur.
1571 945 1688 1006 Datum
1701 944 1836 1019 Signiae,
1853 947 1899 1006 111
1917 945 1978 1006 116-

1180 1039 1296 1102 landas
1336 1042 1480 1119 augusti,
1508 1041 1720 1120 pontificatus
1753 1043 1860 1104 nostri
1886 1055 1976 1104 anno

1181 1139 1308 1201 octavo

1548 1479 1606 1568 IV

1296 1639 1348 1698 Ad
1375 1641 1600 1700 Fredcttcum
1625 1643 1860 1701 Rornanorum

1449 1737 1708 1811 verberatorem.

1465 1874 1483 1932 t
1495 1877 1610 1950 augusti
1623 1876 1702 1934 sata.

1374 1996 1654 2062 [1161116111-11111161166,
1667 1999 1699 2056 11,
1712 1997 1781 2064 tib]

1180 2117 1322 2177 Honorius
1343 2135 1417 2193 papa
1441 2121 1584 2180 Friderico
1597 2125 1790 2180 1166666166
1806 2123 1974 2196 imperatori

1214 2208 1311 2265 scribit
1328 2223 1360 2266 sc
1375 2209 1542 2268 auctoritate
1561 2211 1745 2283 presentium
1759 2210 1927 2284 dispensare
1941 2219 1975 2270 ut

1214 2297 1363 2370 copuletur
1382 2311 1447 2356 cum
1463 2297 1583 2356 isabella
1606 2299 1663 2356 11116
1679 2300 1758 2372 regis
1770 2300 1974 2372 Hierosolymi-

1213 2383 1363 2455 unique
1388 2384 1442 2456 ipsi
1462 2384 1491 2442 16
1510 2390 1609 2458 quarte
1624 2386 1883 2458 consanguinitatis
1896 2387 1974 2443 linea

1215 2470 1335 2528 61116616
1347 2470 1459 2530 dicitur.

1218 2605 1386 2668 Honorius
1397 2607 1581 2683 episcopus,
1594 2621 1711 2668 servus
1720 2623 1890 2669 servorum
1899 2609 1971 2679 Dei,

1179 2701 1299 2764 dilecto
1315 2702 1384 2764 11116
1400 2702 1589 2774 Frederico,
1606 2703 1728 2764 illustri
1746 2707 1972 2765 Romanorum

1178 2799 1381 2876 imperatori,
1399 2798 1539 2863 salutem
1565 2799 1598 2861 ct
1621 2799 1846 2876 apostoticam
1868 2799 1972 2862 bene-

1179 2895 1368 2958 dictionem.

1219 2993 1302 3064 Quia
1321 2992 1508 3056 coelestia...
1535 2995 1614 3055 Cum
1634 2993 1705 3056 zelo
1720 2994 1797 3055 tidei
1814 2994 1972 3058 christia-

1179 3105 1230 3151 nae
1253 3105 1444 3163 succensus,
1462 3089 1495 3153 61
1509 3089 1695 3168 inspirante
1716 3092 1857 3154 Domino
1873 3093 1968 3170 aspi-

1178 3201 1257 3248 rans
1285 3186 1441 3248 ardenter
1469 3187 1511 3249 ad
1547 3187 1782 3251 vindicandam
1812 3190 1970 3267 inJuriem

1176 3285 1256 3344 1666
1272 3283 1395 3346 Christi
1415 3285 1448 3347 et
1469 3287 1593 3348 terram
1617 3286 1746 3362 ejusde
1767 3285 1971 3363 perfidorum

1178 3380 1331 3441 manibus
1347 3382 1594 3452 vindicandam,
1606 3383 1742 3460 accepta
1762 3399 1872 3457 cruce,
1889 3384 1972 3446 illuc

1177 3475 1351 3538 devoveris
1383 3478 1620 3550 transfretare,
1649 3495 1689 3539 66
1724 3481 1760 3540 61
1793 3478 1970 3540 exhiberes

1177 3575 1267 3635 circa
1282 3576 1407 3638 Christi
1428 3592 1563 3637 causam
1583 3573 1794 3637 ferventioris
1819 3575 1971 3638 devotio-

1177 3673 1229 3734 nis
1253 3671 1408 3735 affectum
1429 3675 1462 3733 et
1491 3672 1532 3734 ad
1559 3671 1821 3749 persecutionem
1844 3675 1916 3750 eJus
1935 3675 1971 3736 te

1176 3770 1303 3832 arctius
1325 3769 1475 3844 obligans
1493 3768 1578 3830 alios
1601 3767 1641 3830 ad
1664 3767 1698 3829 id
1720 3769 1890 3832 6111666166
1914 3787 1971 3834 ex·

1177 3867 1330 3939 horteris,
1357 3865 1527 3941 fastigium
1552 3866 1761 3928 excellentiae
1783 3867 1968 3944 imperialis

1176 3963 1331 4025 decenter
1355 3962 1537 4024 humilians
1562 3963 1602 4024 ad
1621 3964 1800 4025 consilium
1818 3965 1968 4027 nostrum

1176 4060 1208 4121 61
1229 4058 1370 4120 fratrum
1398 4061 1587 4130 nostrorum
1616 4060 1760 4122 nobilem
1795 4061 1968 4124 mulierem

1175 4153 1352 4218 isabellam
1374 4156 1486 4217 natam
1511 4157 1679 4218 carissimi
1705 4157 1740 4218 16
1755 4159 1886 4220 Christo
1907 4157 1968 4219 11111

1176 4253 1281 4316 666111
1295 4255 1325 4316 J.
1339 4254 1480 4316 illustris
1494 4254 1583 4331 regis
1599 4253 1894 4332 Hierosolymitani
1910 4255 1967 4316 61-

1176 4349 1333 4413 11616116
1359 4349 1491 4427 publice
1518 4351 1553 4411 16
1578 4367 1728 4424 uxorem,
1748 4367 1809 4412 nos
1831 4351 1968 4429 provide

1175 4447 1383 4510 attendentes
1402 4448 1489 4525 quod
1513 4447 1605 4510 tanta
1627 4463 1693 4520 res,
1717 4465 1790 4525 quse
1819 4449 1968 4510 66661161

1175 4545 1406 4623 principaliter
1433 4545 1493 4606 Dei
1523 4560 1608 4616 esse,
1635 4561 1703 4606 non
1727 4546 1801 4607 erat
1823 4545 1967 4622 impedi-

1175 4643 1286 4703 mento
1302 4641 1412 4719 aliquo
1428 4639 1638 4714 retardanda,
1655 4641 1712 4703 sed
1727 4643 1837 4718 potins
1854 4642 1967 4705 lavore

1174 4737 1328 4802 benivolo
1344 4737 1583 4816 prosequenda,
1596 4737 1867 4814 impedimentum
1882 4755 1966 4800 con-

1175 4835 1411 4913 sanguinitatis
1425 4833 1478 4895 161
1494 4833 1666 4897 6116116116
1680 4836 1808 4913 siquod
1827 4836 1969 4898 obsiste-

1174 4934 1235 5005 ret,
1272 4933 1351 4994 tunc
1384 4931 1592 4994 decrevimus
1621 4933 1898 5006 submovendum,
1935 4935 1968 4996 et

1174 5046 1263 5091 nunc
1279 5029 1394 5090 utnon
1417 5027 1568 5092 obstante
1584 5030 1671 5108 quod
1691 5029 1725 5090 16
1745 5032 1863 5109 quarta
1886 5046 1968 5092 666-

1174 5126 1411 5202 sanguinitatis
1423 5125 1513 5189 linea
1526 5127 1641 5188 eadem
1660 5127 1800 5190 isabella
1813 5128 1873 5190 tibi
1889 5127 1968 5190 dici·

1173 5225 1228 5286 tur
1254 5223 1406 5296 attinere,
1428 5224 1574 5302 legitime
1598 5225 1800 5302 copulemini
1825 5226 1968 5288 auctori·

1173 5321 1240 5384 1616
1262 5321 1476 5400 praesentium
1502 5321 1746 5399 dispensamus.
1764 5324 1881 5385 Datum
1908 5324 1966 5384 Si-

1173 5422 1270 5496 gniae,
1306 5420 1404 5481 nonis
1442 5419 1585 5496 augusti,
1616 5420 1827 5499 pontificatus
1860 5421 1966 5483 nostri

1174 5533 1263 5580 anno
1278 5519 1405 5582 octavo.
