4262 6382
103 343 267 412 ,665

206 502 305 564 66166
315 501 434 564 661116
444 485 652 566 moveantur}
662 502 746 575 Quia
754 517 833 565 vero
844 503 999 580 perhanc

206 598 476 660 constitutionem
492 615 649 661 numerus
662 599 859 661 clericorum
871 600 999 660 minui·

205 699 271 768 tur,
288 697 322 758 et
340 696 501 758 beneficia
517 698 782 774 augmentantur,
805 697 841 759 ut
859 697 1000 758 ecclesia

206 793 364 871 obsequio
383 793 492 855 debito
506 809 573 854 non
587 794 747 871 privetur,
760 793 949 866 statuimus,
964 795 1001 855 ut

206 890 235 951 si
260 892 334 967 quis
358 893 426 953 tam
449 892 685 952 canonicorum
701 907 799 968 quam
824 892 998 968 portiona-

206 987 343 1059 riorum,
358 987 482 1064 absque
502 987 693 1050 rationabili
708 990 742 1051 et
759 988 908 1064 legitimo
930 988 999 1049 im-

205 1083 406 1162 pedimento,
424 1085 542 1147 decani
563 1086 616 1147 vel
636 1085 759 1162 prioris
786 1083 920 1147 licentia
933 1099 1000 1150 non

206 1181 351 1254 obtenta,
371 1182 407 1242 in
423 1179 577 1259 protestis
597 1181 714 1243 diebus
733 1183 775 1243 ad
801 1183 999 1245 matutinum

205 1295 272 1340 non
291 1279 432 1351 venerit,
449 1279 508 1340 illa
523 1281 675 1355 portione
693 1279 919 1352 denariorum,
940 1295 999 1357 pro

193 1373 307 1437 'missa
322 1377 412 1450 vino,
423 1392 483 1453 pro
493 1377 643 1454 vesperis
651 1392 731 1438 vero
742 1391 828 1454 pane
837 1377 997 1454 privetur.

205 1476 242 1534 In
259 1472 374 1534 diebus
389 1490 469 1535 vero
491 1474 667 1536 dominicis
690 1475 723 1536 et
744 1473 883 1546 festivis,
905 1475 935 1534 61
957 1473 1000 1534 66

204 1571 402 1634 6161611666
417 1570 502 1632 16116
521 1571 640 1632 venire
658 1571 856 1647 neglexerit,
869 1571 999 1647 integra

204 1668 296 1728 illius
311 1667 378 1728 diei
398 1669 551 1744 portione
575 1668 734 1745 privetur,
753 1685 823 1749 pro
841 1669 944 1729 missa
968 1670 1001 1729 et

204 1765 354 1841 vesperis
378 1764 463 1825 alias
492 1765 610 1826 decani
633 1765 687 1826 vel
713 1766 836 1842 prioris
861 1764 999 1827 arbitrio

205 1862 404 1939 puniendus.
420 1863 503 1934 Quia
517 1879 597 1924 vero
611 1863 647 1924 in
675 1861 873 1940 Legionensi
886 1863 998 1924 eccle-

205 1960 256 2020 sia
282 1959 485 2022 consuetudo
510 1959 716 2022 detestabilis
737 1960 888 2032 inolevit,
913 1960 1022 2037 quod¹

205 2057 338 2135 quidam
353 2057 393 2118 de
406 2057 537 2118 clericis
549 2057 667 2118 debitae
682 2057 867 2119 devotionis
881 2058 1001 2118 imme-

204 2168 324 2227 mores,
335 2154 467 2217 cantato
483 2154 668 2231 evangelio,
682 2154 793 2216 statim
807 2154 967 2216 recedunt
979 2167 999 2214 a

204 2252 318 2324 choro,
340 2267 407 2313 non
423 2252 610 2329 spectantes
623 2251 708 2329 quod
723 2253 817 2328 prius
830 2252 998 2332 Redemp-

204 2349 288 2410 toris
329 2349 436 2410 nostri
463 2349 572 2412 hostia
604 2349 786 2412 sacerdotis
812 2349 999 2412 ministerio

202 2445 343 2506 Domino
358 2445 535 2522 efferatum
557 2446 746 2519 statuimus,
759 2446 845 2524 quod
866 2446 896 2506 si
911 2447 997 2524 6616,

203 2545 380 2620 antequam
402 2544 533 2606 dicatur
556 2545 610 2605 Ite
627 2547 748 2617 Misso,
773 2543 827 2605 vel
850 2547 1000 2606 Benedi-

201 2656 322 2703 comus
342 2645 499 2713 Deiotaro,
526 2640 650 2719 absque
679 2657 780 2702 causa
807 2641 998 2704 necessaria

202 2738 304 2800 choro
315 2739 446 2811 exierit,
462 2739 620 2816 tanquam
640 2739 681 2800 ad
702 2739 839 2800 missam
854 2753 920 2799 non
940 2753 999 2800 ve-

202 2835 300 2906 nerit,
311 2836 347 2896 ut
358 2835 584 2912 praediximus,
598 2834 765 2911 puniatur.
780 2835 828 2896 Ad
841 2834 914 2895 1166
927 2836 997 2895 616-

201 2933 337 3002 161666,
355 2933 390 2992 61
410 2946 477 2992 666
499 2931 579 2991 611111
601 2945 700 3008 6666
724 2931 760 2992 16
779 2931 853 2992 1666
872 2931 913 2992 66
934 2930 998 2991 hoc

203 3028 301 3100 iacto,
314 3029 347 3088 et
369 3011 560 3103 special'liter
574 3027 728 3103 deputato
742 3027 924 3104 capitulum
943 3042 999 3088 ce-

202 3124 359 3195 lebretur,
378 3124 413 3183 16
437 3139 570 3184 666616
584 3124 637 3185 161
651 3125 749 3185 6666
765 3125 923 3202 episcopi,
941 3123 998 3185 ubi

203 3237 264 3283 nec
275 3222 367 3293 ordo,
380 3237 441 3282 nec
454 3221 599 3297 dignitas
614 3221 647 3282 in
667 3223 816 3282 sessione
830 3222 995 3295 servatur,

202 3319 530 3396 ubietiamquidam,
549 3319 634 3395 quod
657 3319 739 3380 satis
761 3320 812 3380 est
833 3319 996 3380 inhones-

203 3418 283 3489 tum,
301 3416 418 3477 sedent
430 3416 465 3476 in
478 3416 580 3488 terra,
601 3416 667 3478 nisi
682 3416 818 3492 propter
841 3414 999 3478 debilita-

201 3516 268 3577 166
295 3513 454 3590 episcopi,
477 3513 676 3574 necessitate
698 3513 858 3586 instante,
874 3513 910 3574 in
926 3516 998 3590 ejus

203 3628 336 3674 camera
352 3627 429 3672 raro
440 3609 604 3672 celebrari
615 3611 795 3687 contingat.

242 3710 416 3772 Portiones
432 3708 608 3786 siquidem,
618 3723 685 3770 non
698 3709 764 3770 nisi
777 3709 818 3770 de
829 3708 999 3770 communi

203 3823 367 3870 consensu
410 3806 658 3877 canonicorum,
705 3805 875 3866 canonicae
918 3821 998 3868 vero

203 3920 374 3982 6166666
389 3903 430 3964 611
451 3903 606 3980 66166666
625 3903 691 3963 6161
710 3902 902 3980 1666611616
918 3919 999 3965 666-

202 4001 361 4064 serantur.
378 4000 497 4062 Nullus
521 4000 758 4062 canonicorum
782 4001 885 4062 intret
906 4001 1000 4077 capi-

204 4099 308 4160 tulum
323 4114 398 4159 cum
418 4115 523 4175 cappa
539 4097 718 4169 manicata,
735 4098 789 4159 vel
809 4097 924 4174 pellic,
940 4097 997 4158 sed

204 4212 279 4258 666
306 4212 410 4274 66666
439 4197 556 4258 616666
579 4195 614 4256 16
638 4195 760 4266 hieme,
784 4211 858 4256 cum
881 4211 999 4272 66661-

203 4293 335 4372 pellicio
348 4295 383 4354 16
397 4293 522 4356 661616.
547 4292 717 4364 canonici,
741 4293 798 4370 qui
815 4293 998 4354 servientes

201 4391 355 4468 episcopo
369 4390 511 4451 166666
524 4390 753 4467 6166666661,
770 4391 803 4450 et
810 4388 996 4462 comedunt,

201 4505 263 4552 neo
276 4505 407 4566 panem,
425 4504 487 4550 nec
505 4488 621 4549 vinum
643 4487 832 4564 percipiunt
848 4487 889 4548 de
905 4502 998 4548 com-

200 4586 308 4659 muni;
320 4586 535 4648 denariorum
545 4599 636 4656 vero,
655 4583 870 4662 quiquotidie
882 4583 999 4644 distri-

200 4683 640 4754 buunturintercanonicos,
650 4684 682 4744 et
691 4682 998 4744 anniversariorum

202 4798 296 4842 suam
312 4779 497 4857 percipiant
507 4781 702 4857 portionem.
718 4779 752 4840 Si
765 4795 844 4841 vero
856 4795 997 4856 persona

201 4877 312 4950 166111,
326 4893 386 4938 666
399 4891 529 4954 66666,
540 4892 602 4938 666
612 4877 737 4949 vinum,
751 4891 811 4938 nec
825 4877 997 4938 denarium

200 4975 365 5054 percipiat
388 4973 429 5034 de
451 4974 628 5034 communi.
646 4974 826 5051 Episcopus
849 4990 924 5036 cum
939 4974 999 5034 ab·

202 5089 278 5135 sens
297 5071 408 5144 luerit,
435 5085 495 5148 616
511 5069 626 5130 66666
648 5087 718 5132 666
733 5071 882 5133 66616616
899 5085 998 5132 unam

200 5171 328 5233 tantum
353 5169 394 5232 de
421 5167 586 5230 communi
609 5168 772 5244 percipiat
800 5167 996 5244 portionem.

201 5268 296 5362 illam
328 5267 462 5328 omnino
504 5265 779 5326 consuetudinem
812 5265 996 5337 abolemus,

203 5379 267 5443 qua
281 5379 300 5424 a
314 5363 397 5425 16616
413 5363 526 5424 Sancti
542 5361 716 5423 Michaelis
733 5377 838 5439 usque
855 5362 897 5423 ad
924 5362 997 5424 166-

201 5463 271 5524 166
286 5462 439 5522 066166
456 5460 652 5521 Sanctorum
668 5458 802 5538 quidam
817 5459 999 5521 canonico-

202 5573 277 5620 rum
305 5574 381 5620 cum
409 5557 535 5634 cappis,
561 5557 620 5619 alii
647 5573 722 5619 cum
751 5556 998 5634 superpelliciis

203 5655 341 5718 chorum
356 5655 493 5728 intrant,
504 5655 695 5727 statuentes,
709 5653 744 5716 61
754 5669 899 5716 omnesa
914 5651 997 5716 sesto

806 341 1035 405 EPISTOLAE.
1064 343 1142 404 LIB.
1166 345 1252 407 vili.

1792 357 1852 418 666

1055 501 1323 566 Resurrectionis
1349 505 1530 570 Dominicis
1550 523 1656 588 66666
1670 512 1711 574 66
1726 513 1848 578 166166

1055 599 1168 661 Sancti
1202 603 1301 663 Lucae
1330 604 1586 680 superpelliciis,
1624 610 1747 672 exinde
1767 627 1848 676 vero

1054 713 1159 774 66666
1181 698 1222 760 66
1240 699 1358 762 166166
1385 701 1651 767 Resurrectionis
1670 711 1794 786 cappis,
1815 713 1848 774 et

1055 795 1299 872 superpelliciis
1321 795 1382 856 sub
1398 799 1513 874 cappis
1528 799 1673 864 utantur.
1700 805 1770 879 1116,
1794 810 1848 870 661

1055 891 1243 954 66111611666
1278 895 1504 956 committatur
1527 897 1595 958 tam
1621 899 1662 961 de
1693 906 1847 982 receptis,

1055 1003 1153 1065 6666
1169 988 1211 1050 66
1222 992 1390 1066 expensis,
1408 993 1549 1069 singulis
1564 996 1662 1056 annis
1677 999 1793 1064 reddat
1814 1005 1849 1065 in

1054 1085 1200 1161 capitulo
1238 1088 1414 1150 rationem.
1451 1091 1649 1167 Decanatus,
1686 1100 1847 1175 cantoria,

1054 1183 1283 1258 magisterium
1306 1174 1507 1260 scholaru'm,
1530 1189 1753 1267 thesauraria,
1775 1212 1849 1274 666

1053 1277 1134 1340 16116
1143 1279 1337 1342 6661611616
1348 1298 1421 1358 666
1435 1285 1626 1360 specialiter
1636 1288 1776 1365 tangunt
1791 1308 1850 1356 oa·

1054 1376 1192 1437 nonicos
1206 1378 1391 1461 universos,
1408 1383 1543 1444 nonnisi
1557 1383 1597 1444 66
1612 1401 1778 1450 66666666
1792 1391 1848 1454 to-

1053 1473 1120 1534 1166
1134 1473 1188 1534 vel
1200 1475 1342 1537 sanioris
1354 1478 1459 1552 partis
1471 1480 1609 1556 capituli
1622 1483 1848 1550 conserantur.

1053 1569 1182 1632 661166
1194 1563 1368 1634 66666616
1383 1575 1514 1637 clericis
1530 1577 1571 1639 de
1586 1579 1688 1642 choro
1700 1585 1848 1660 ejusdem

1054 1667 1204 1730 66616616
1229 1685 1344 1732 66166
1368 1672 1505 1736 cuilibet
1528 1675 1641 1737 66666
1667 1694 1788 1742 661666
1812 1683 1849 1744 in

1053 1765 1239 1828 redditibus
1254 1769 1478 1845 assignamus,
1498 1773 1554 1850 qui
1575 1775 1716 1839 sollicite
1732 1794 1771 1842 66
1794 1795 1850 1842 66·-

1054 1860 1131 1922 6616
1150 1863 1186 1922 16
1210 1861 1330 1926 61116116
1352 1866 1501 1943 ejusdem
1523 1870 1674 1933 ecclesiae
1695 1874 1850 1939 studeant

1054 1957 1235 2034 deservire,
1251 1960 1395 2038 1166666
1407 1966 1643 2044 661116611666
1657 1969 1848 2047 decedente,

1054 2055 1107 2116 vel
1120 2056 1306 2130 recedente,
1323 2060 1376 2120 vel
1392 2061 1433 2121 ad
1446 2065 1573 2138 majora
1589 2068 1749 2141 promota,
1762 2071 1848 2134 alius

1054 2152 1255 2214 conditionis
1270 2155 1418 2232 ejusdem
1438 2158 1658 2223 substituatur
1677 2163 1801 2227 eidem:
1817 2169 1852 2230 et

1054 2249 1116 2312 hoc
1141 2251 1301 2313 statutum
1330 2255 1489 2330 perpetuo
1510 2258 1663 2324 volumus
1681 2261 1717 2322 in
1732 2263 1848 2326 eadem

1054 2347 1196 2409 ecclesia
1226 2349 1410 2412 observari.
1451 2353 1534 2424 Quia
1573 2371 1654 2418 vero
1692 2361 1851 2438 magister

1054 2443 1244 2506 scholarum
1271 2448 1304 2508 61
1332 2449 1554 2512 666661161166
1575 2453 1736 2529 66616616,
1762 2458 1850 2520 1666

1053 2541 1201 2618 sigillum
1230 2544 1368 2620 capituli
1394 2547 1505 2610 teneat
1526 2551 1558 2612 et
1586 2556 1770 2628 conservet,
1801 2557 1849 2618 ita

1051 2638 1163 2700 tamen
1191 2641 1277 2717 quod
1297 2643 1410 2703 nullus
1426 2645 1541 2706 eodem
1556 2653 1736 2722 praesumat
1756 2653 1849 2715 litte·

1053 2749 1123 2795 ram
1138 2736 1299 2812 sigillare,
1312 2737 1378 2798 nisi
1399 2741 1492 2815 prius
1506 2741 1637 2818 publice
1652 2745 1687 2806 in
1703 2750 1849 2824 capitulo

1053 2831 1165 2893 littera
1180 2833 1280 2895 166111
1295 2837 1486 2911 approbata.
1498 2824 1732 2909 Noniobstante
1747 2862 1849 2924 super

1052 2927 1116 2988 hoc
1137 2929 1224 2990 16616
1241 2929 1282 2991 ab
1300 2933 1413 3010 aliquo
1429 2935 1664 3012 prohibitione,
1678 2939 1849 3006 licentiam

1052 3023 1169 3086 damus
1181 3029 1350 3089 canonicis
1362 3045 1458 3110 posse
1470 3033 1848 3109 legitimumconcedere

1051 3122 1296 3198 testamentum,
1325 3127 1373 3189 ita
1400 3128 1533 3203 tamem,
1560 3134 1648 3209 6666
1672 3137 1849 3201 666166166

1052 3235 1119 3281 666
1143 3223 1347 3298 6161616661
1370 3225 1443 3286 6166
1467 3229 1573 3304 66116,
1595 3231 1624 3290 si
1642 3233 1849 3298 voluntatem

1052 3333 1146 3378 suam
1174 3320 1323 3381 ultimam
1345 3321 1448 3384 robur
1471 3325 1662 3390 desiderant
1681 3331 1848 3396 firmitatis

1053 3415 1186 3478 hahere.
1212 3420 1304 3480 Bona
1331 3435 1411 3481 vero
1440 3421 1481 3482 ab
1504 3423 1659 3488 intestato
1685 3427 1849 3493 deceden-

1052 3513 1146 3584 tium,
1163 3515 1234 3577 sive
1256 3516 1403 3590 mobilia,
1421 3520 1491 3580 sive
1506 3520 1701 3596 immobilia,
1719 3542 1792 3603 quae
1807 3530 1847 3592 66

1052 3609 1149 3671 bonis
1164 3613 1314 3674 66616616
1330 3617 1542 3680 constiterint
1563 3621 1737 3697 acquisita,
1761 3625 1849 3690 inter

1053 3707 1255 3786 episcopum,
1271 3712 1306 3772 et
1318 3713 1500 3788 capitulum
1516 3715 1717 3791 dividantur,
1745 3723 1848 3786 salvis
1892 3723 1897 3742 '

1051 3805 1120 3866 tam
1143 3807 1299 3884 episcopo
1328 3824 1426 3884 quam
1454 3812 1601 3887 capitulo
1630 3815 1846 3895 quibusdam,

1053 3917 1126 3978 quae
1138 3903 1306 3980 61661666
1318 3909 1562 3970 consueverunt
1571 3909 1705 3973 habere.
1724 3915 1848 3980 Sivero

1052 3999 1300 4076 patrimonialia
1328 4001 1463 4076 fuerint,
1494 4005 1548 4066 vel
1569 4006 1738 4086 aliojusto
1751 4013 1847 4076 titulo

1053 4097 1094 4158 ad
1110 4111 1167 4158 eos
1185 4099 1360 4174 pervenire
1373 4102 1569 4176 constiterit,
1587 4103 1628 4165 ab
1644 4121 1758 4170 eorum
1772 4127 1850 4174 suc—

1052 4194 1202 4256 cessione
1218 4195 1371 4257 nolumus
1389 4197 1555 4274 legitimos
1568 4201 1718 4266 11616666
1731 4210 1849 4272 exclu-

1053 4291 1098 4352 di.
1114 4292 1266 4365 'lalliam
1276 4310 1349 4371 666
1365 4299 1459 4372 66616
1470 4297 1653 4374 vulgariter
1667 4318 1844 4384 nuncupa-

1052 4389 1117 4460 tur,
1135 4388 1272 4466 quilibet
1283 4392 1464 4454 canonicus
1479 4394 1520 4456 ab
1536 4396 1726 4462 hominibus
1737 4406 1848 4480 66161-

1053 4485 1122 4560 piat
1141 4487 1197 4563 qui
1216 4487 1251 4547 in
1267 4503 1424 4551 concesso
1447 4491 1511 4552 sibi
1525 4493 1847 4563 beneficiocommo·

1053 4584 1180 4656 rantur,
1211 4585 1357 4663 episcopi
1391 4603 1491 4664 super
1519 4588 1582 4652 hoc
1617 4595 1848 4661 molestatione

1053 4681 1215 4744 cessante.
1233 4684 1271 4742 In
1287 4685 1515 4746 communibus
1532 4690 1767 4754 canonicorum
1783 4696 1847 4757 do·
1928 4715 1934 4732 ⁴

1052 4777 1172 4851 611166,
1190 4795 1263 4856 666
1277 4795 1344 4841 666
1359 4783 1437 4844 6661
1457 4784 1666 4858 parochiales
1684 4791 1844 4866 ecclesiae,

1053 4876 1305 4952 procurationes
1333 4877 1385 4938 vel
1411 4879 1557 4954 'prandia
1574 4883 1749 4961 episcopus
1780 4905 1847 4952 non

1052 4972 1202 5048 recipiat,
1217 4973 1283 5034 nisi
1299 4973 1382 5035 16116
1397 4974 1519 5036 ibidem
1534 4977 1713 5055 aliquando
1729 4984 1845 5064 hospi-

1052 5069 1117 5130 tari
1132 5070 1315 5132 necessitas
1331 5077 1569 5148 perurgeret.»

1092 5167 1161 5228 Nos
1174 5181 1253 5242 ergo
1269 5167 1426 5230 statutum
1438 5169 1638 5248 hujusmodi,
1649 5170 1761 5240 et'alia
1772 5197 1846 5258 666

1053 5279 1154 5340 611661
1167 5263 1438 5326 reformationem
1459 5270 1493 5328 et
1514 5269 1636 5334 statum
1662 5274 1769 5352 ipsius
1785 5294 1845 5341 ec-

1053 5361 1176 5432 clesiae,
1194 5377 1267 5438 666
1283 5377 1343 5438 661
1354 5362 1576 5428 Albanensem
1592 5372 1743 5433 eumdem
1758 5374 1845 5440 facta

1052 5473 1125 5519 esse
1139 5460 1334 5534 noscuntur,
1351 5463 1549 5526 auctoritate
1563 5468 1753 5543 Apostolica
1769 5489 1846 5536 con-

1052 5556 1233 5628 6166666,
1263 5557 1295 5616 61
1321 5560 1496 5634 616666116
1525 5563 1640 5639 6611611
1660 5568 1845 5642 6611661616

1052 5652 1304 5715 communimus.
1322 5655 1414 5718 Nulli
1427 5671 1507 5734 ergo
1522 5660 1656 5723 omnino
1672 5662 1843 5736 hominum
