4262 6382
146 275 206 336 653
749 270 979 334 EPISTOLAE.
1003 267 1081 333 Lib.
1104 271 1190 335 VIII.
1727 274 1786 336 654

140 433 236 496 lectis
257 433 336 496 tiliis
351 435 581 498 Ferrariarum
601 423 762 496 et'Sancti
783 431 935 494 Severini
1031 432 1114 503 Quia
1123 433 1227 508 igitur
1238 433 1337 494 nimis
1348 431 1511 498 essetnon
1520 434 1626 496 solum
1636 434 1785 511 impium,

142 532 408 594 Castrinantonis
424 532 598 594 abbatibus
613 534 646 593 et
660 531 847 591 camerario
860 533 937 590 Fer·
991 529 1047 592 sed
1064 529 1163 606 etiam
1180 529 1408 603 inhumanum,
1427 532 1454 592 si
1470 532 1593 594 dIctum
1604 533 1787 609 imperato-

139 630 307 691 rariarum
324 629 526 692 senonensis
548 630 712 699 dioecesis,
735 629 858 689 nostris
876 627 937 688 da·
991 641 1060 687 rem
1076 627 1109 687 et
1123 628 1254 702 gentem
1281 628 1443 690 Gallicam
1472 629 1515 689 ab
1541 629 1687 691 inimicis
1715 630 1786 702 Dei,

141 743 215 788 mus
230 728 265 788 in
287 729 462 800 mandatis,
485 731 519 790 ut
534 727 656 788 dictam
679 726 880 786 comitIssam
894 725 933 785 ad
991 726 1023 785 et
1041 725 1234 785 Latinorum
1262 727 1409 786 omnium
1434 727 1540 787 dictus
1565 743 1635 798 rex,
1665 728 1786 804 perire,

141 825 382 886 restituendum
407 827 516 886 terras
545 826 636 900 ipsas
661 839 735 884 cum
770 823 935 900 perceptis
990 820 1068 880 dum
1083 822 1114 882 ei
1128 824 1236 897 potest
1246 839 1452 890 succurrere,
1464 824 1788 902 pateretur3magui·

139 922 217 983 inde
239 922 348 984 medio
375 925 523 999 tempore
551 920 722 992 fructibus,
753 921 935 981 monitione
991 917 1158 979 licentiam
1182 935 1275 979 suam
1302 921 1461 982 attentius
1487 921 1668 997 rogandam
1685 923 1787 984 duxi-

140 1020 322 1096 praemissa,
354 1034 413 1097 per
451 1010 626 1081 censuram
659 1018 933 1088 ecclesiasticam,
990 1030 1063 1075 mus
1076 1017 1109 1077 et
1121 1016 1329 1088 hortandam,
1344 1017 1621 1078 inremissionem
1635 1018 1696 1079 sihi
1709 1035 1787 1096 pec-

140 1115 364 1191 appellatione
375 1118 513 1184 remota,
519 1116 650 1192 justitia
659 1114 837 1180 mediante,
849 1129 936 1175 com·
990 1111 1157 1174 caminum
1172 1112 1394 1191 injungentes,
1411 1115 1456 1186 ut,
1471 1114 1652 1192 prudenter
1666 1115 1786 1176 adver-

139 1212 244 1287 pellas
258 1211 317 1292 (1).
332 1215 450 1276 Datum
472 1213 640 1286 Laterani,
655 1213 732 1273 XIII
753 1212 820 1272 hal.
833 1211 933 1288 junii,
990 1210 1063 1270 tens
1079 1210 1164 1287 quod
1181 1210 1304 1272 dictum
1329 1212 1505 1289 imperium
1520 1213 1588 1283 uix,
1604 1213 1677 1273 sine
1691 1213 1785 1288 gravi

140 1323 227 1372 anuo
243 1311 370 1372 octavo.
990 1305 1201 1382 negligentiae
1229 1323 1297 1368 suae
1327 1310 1416 1381 nota,
1433 1308 1541 1386 potest
1562 1311 1681 1381 amitti,
1699 1310 1784 1387 quod

989 1405 1137 1480 tempore
1150 1405 1255 1480 patris
1270 1406 1322 1466 sui
1337 1421 1411 1466 cum
1426 1407 1544 1482 grandi
1559 1408 1693 1468 virtutis
1712 1409 1786 1482 glo-

990 1501 1040 1560 ria
1055 1497 1184 1562 exstitit
1211 1503 1422 1578 acquisitum,
1444 1503 1551 1563 eidem
1577 1503 1783 1580 imperatori,

430 1571 642 1658 CCXXVH
989 1596 1067 1657 dum
1082 1597 1191 1659 adhuc
1205 1598 1286 1660 satis
1302 1601 1472 1660 commode
1492 1601 1609 1678 potest,
1627 1599 1784 1664 festinum

218 1733 270 1792 Ad
284 1733 482 1802 mmmm,
507 1731 668 1791 Francia,
683 1731 852 1806 rem-nam·
989 1695 1022 1756 et
1033 1697 1254 1772 opportunum
1266 1697 1782 1770 studeatdestinaresuccursum,

530 1863 546 1874 ..
989 1793 1035 1852 ita
1051 1793 1135 1869 quod
1152 1793 1260 1869 gentis
1275 1794 1421 1866 Gallica,
1435 1795 1535 1856 immo
1548 1795 1606 1856 Dei
1629 1797 1662 1857 et
1687 1813 1783 1858 suum

429 1862 465 1920 ²⁰
478 1877 549 1920 “¹³¹¹
564 1861 642 1920 ¹²²⁴·
988 1889 1091 1950 zelari
1103 1890 1261 1966 probetur
1284 1891 1455 1964 honorem,
1473 1894 1505 1953 et
1529 1893 1616 1970 apud
1633 1896 1735 1955 Deum
1751 1895 1784 1957 et

257 1987 393 2052 [bouquet
410 1987 470 2038 1¹0⁰·
480 1985 528 2076 'tes
542 1985 618 2046 ssiat-2
630 1985 698 2043 ΧΙΧ,
713 1999 739 2049 11·
762 1983 816 2036 ⁷5⁴·
988 1987 1140 2048 homines
1156 1986 1265 2063 dignis
1290 1989 1411 2050 exinde
1437 1989 1606 2052 mereatur
1628 1990 1783 2054 laudibus

347 2067 456 2130 R⁸⁸⁰⁵‘·¹
467 2066 512 2116 ¹¹¹³·
530 2066 595 2124 viil,
607 2079 647 2129 ΕΡ·
662 2064 730 2130 4⁴²]
988 2085 1223 2146 commendari.
1234 2087 1782 2162 Quocircamagnificentiamtuam

138 2182 261 2239 lieberto
280 2181 316 2239 de
329 2182 500 2250 curtiniaco,
516 2181 565 2252 qui
583 2180 826 2252 Constantinopoli
842 2182 930 2238 Fren-
987 2193 1155 2257 regemne,
1179 2197 1352 2244 monemus
1373 2184 1405 2245 et
1420 2183 1595 2245 hortamur
1612 2186 1780 2258 attentius,

171 2273 214 2328 cis
239 2277 268 2328 et
284 2271 392 2328 Latinis
412 2269 581 2342 imperabat,
599 2283 616 2326 a
636 2269 742 2326 (imola
765 2267 880 2326 redacto
896 2268 932 2324 ad
987 2282 1150 2356 quatenus
1165 2280 1290 2343 dictum
1311 2297 1424 2358 regem
1439 2281 1547 2342 virum
1570 2285 1662 2344 tuum
1687 2284 1727 2344 ad
1749 2283 1782 2346 pp

174 2359 331 2432 angustias,
349 2356 481 2416 Blisssshoe
504 2358 609 2415 θῑθῑῑθῑ
628 2357 763 2428 Ρῑθῑθῐθῐῦ
778 2357 930 2424 ³⁰⁰⁰li¹¹⁸¹
986 2376 1128 2438 sollicite
1140 2378 1267 2440 animes
1279 2380 1311 2440 et
1321 2379 1470 2440 inducas.
1484 2381 1602 2442 Datum
1613 2381 1781 2454 Laterani,

172 2455 203 2504 ut
218 2450 356 2506 instanter
371 2461 470 2520 regem
482 2445 656 2504 ludovicum
668 2444 827 2504 inducatad
842 2442 932 2502 leren-
985 2475 1062 2536 Xffl
1078 2474 1146 2535 kal·
1159 2475 1259 2552 junii,
1284 2492 1372 2537 anno
1388 2477 1516 2538 octavo,

171 2535 238 2594 dum
251 2536 343 2594 eidem
356 2535 491 2594 festinum
503 2541 532 2592 et
546 2543 736 2608 opportunum
748 2533 893 2592 auxilium.
963 2607 964 2610 Ἴ

176 2671 344 2732 Honorius
385 2671 624 2747 episcopus....,
668 2669 853 2731 carissimae
894 2667 930 2727 in

136 2769 268 2854 christe
277 2768 354 2830 tiliae
366 2769 489 2830 nostrae
498 2767 620 2829 illustri
629 2767 754 2844 reginae
765 2765 929 2833 Franciae,
1268 2753 1497 2840 CCXXVIII

136 2867 289 2938 salutem,
303 2867 365 2928 etc.

147 2983 150 2990 ·
175 2964 277 3025 Novit
291 2964 383 3037 regia
407 2961 568 3024 celsitudo
595 2960 739 3038 qualiter
757 2961 927 3032 Dominus,
1376 3033 1392 3046 ..

135 3061 170 3121 in
185 3063 280 3135 cujus
302 3075 403 3120 manu
427 3059 505 3120 sunt
530 3057 678 3118 omnium
705 3057 882 3132 potestates
898 3058 930 3118 et
1276 3033 1309 3090 ²¹
1326 3047 1394 3090 ”¹⁰¹¹
1410 3034 1488 3092 ¹²²4·

1005 2903 1057 2962 Ad
1070 2903 1226 2963 abbatem
1247 2902 1281 2964 et
1293 2907 1451 2977 priore-m
1473 2905 1514 2964 de
1538 2906 1758 2968 Cornberorte.

134 3158 282 3219 omnium
293 3159 372 3234 jura
387 3169 575 3232 regnorum,
592 3155 627 3214 in
643 3153 845 3215 Gallicorum
858 3167 930 3214 ma·
1000 3153 1171 3219 [bonumne
1182 3167 1249 3220 pour
1268 3156 1346 3206 servn
1360 3156 1461 3207 tl'nist.
1475 3157 1519 3207 des
1529 3171 1600 3222 prov.
1617 3157 1648 3208 de
1660 3159 1765 3219 namur,

134 3255 233 3315 nibus
260 3253 398 3316 tradidit
420 3252 595 3329 imperium
632 3250 814 3322 Romaniae,
842 3251 928 3326 quod
1273 3236 1304 3295 ¹¹2
1318 3235 1421 3294 naeu.
1440 3238 1491 3302 18·]

134 3368 196 3428 per
207 3350 340 3414 eosdem
354 3350 511 3428 estquasj
524 3348 754 3427 principaliter
768 3348 928 3410 hactenus
984 3342 1020 3400 tit
1033 3339 1069 3397 de
1082 3347 1187 3399 caetero
1199 3357 1250 3414 per
1263 3341 1372 3400 litteras
1386 3343 1558 3416 apostolice
1573 3344 1655 3403 Sedis
1665 3344 1701 3403 de
1710 3361 1777 3404 cau·

133 3449 363 3525 gubernatum,
391 3447 504 3524 ibique
543 3448 674 3508 noviter
713 3446 809 3522 quasi
842 3461 928 3508 nova
1018 3429 1247 3528 sis'cognoseere
1265 3431 1384 3489 minime
1398 3439 1557 3502 teneantur,
1585 3435 1639 3490 nisi
1655 3433 1726 3494 torte
1745 3435 1781 3494 dc

133 3547 276 3608 Francia
290 3547 343 3608 θεῖ
362 3549 493 3620 mam
522 3559 583 3604 „90
609 3543 752 3619 ignorat,
769 3545 805 3604 up
818 3543 929 3605 credi,
1017 3517 1182 3592 huiusmodi
1197 3518 1324 3578 iacerent
1338 3519 1516 3594 indulgentia
1529 3524 1714 3581 machonem.

133 3659 217 3715 mus,
239 3644 382 3721 qualiter
406 3657 504 3714 nunc,
534 3641 707 3703 carissimo
735 3641 771 3701 iu
798 3640 928 3702 Christo
1023 3643 1201 3716 Honorius,
1232 3645 1295 3707 etc.

133 3741 202 3803 illio
217 3741 331 3803 nostro
347 3739 471 3801 illustri
484 3737 849 3814 Constantinopolitano
863 3739 929 3798 im·
1023 3741 1065 3801 Ut
1091 3741 1311 3803 observantias
1338 3741 1465 3804 ordinis
1494 3743 1597 3804 vestri
1628 3760 1778 3806 commo-

132 3840 289 3916 peratori,
316 3837 515 3900 consobrino
544 3836 710 3898 carlssimi
736 3835 772 3896 in
796 3835 926 3896 Christo
982 3837 1056 3898 dius
1077 3837 1250 3900 intendere
1284 3841 1435 3911 valcalla,
1473 3841 1686 3917 praesentium
1719 3860 1780 3904 vo-

133 3937 194 3996 illii
208 3935 312 3996 nostrl
328 3921 486 3996 Ludovici
510 3934 651 3995 illustris
673 3933 762 4009 regis
776 3935 926 3995 Franco·
982 3935 1033 3996 bis
1059 3935 1257 4018 auctoritate
1281 3937 1504 4010 concedimus,
1533 3939 1568 3999 ut
1594 3939 1633 3999 de
1657 3942 1779 4003 caetero

132 4047 217 4104 rum,
241 4033 305 4093 riri
326 4033 386 4103 tui,
410 4031 518 4093 eidem
546 4031 687 4107 imperio
712 4031 923 4106 praesidente,
982 4049 1041 4110 per
1070 4033 1201 4110 aliquas
1226 4033 1357 4096 litteras
1390 4035 1431 4094 ad
1442 4051 1513 4106 vos,
1550 4036 1777 4112 impetrandas

132 4129 295 4191 diminuta
318 4130 413 4191 estet
433 4129 632 4190 diminuitur
655 4128 925 4204 potentiaGalli-
981 4131 1133 4203 anobis,
1162 4131 1342 4192 decausis
1379 4147 1581 4207 cognoscere
1621 4150 1688 4195 nou
1722 4137 1777 4198 te-

132 4241 258 4298 corum,
274 4224 927 4300 adversariisinvalescentibusgraviter
981 4229 1140 4300 neamini,
1168 4227 1235 4290 nisi
1259 4227 1344 4290 sorte
1361 4228 1402 4290 de
1416 4229 1607 4306 hujusmodi
1631 4229 1779 4296 lacerant

131 4324 330 4396 contraeas,
346 4324 392 4386 ita
405 4323 503 4400 quod,
520 4322 587 4383 nisi
602 4321 710 4383 eidem
732 4321 927 4398 imperatori
981 4325 1191 4401 indulgentia
1206 4326 1418 4387 mentionem.
1443 4328 1537 4388 Nulli
1549 4343 1628 4404 ergo
1643 4331 1778 4393 omniuo

131 4422 287 4484 celeriter
301 4422 525 4491 succurratur,
546 4419 681 4480 timetur
695 4433 737 4480 ne
752 4419 924 4496 irrepara-
981 4423 1152 4483 bomiuum
1168 4423 1267 4484 liceat
1279 4423 1365 4484 banc
1381 4425 1537 4500 paginam
1552 4427 1675 4488 nostrae
1690 4443 1776 4490 con-

130 4519 197 4580 bile
225 4519 352 4580 Latinis
378 4531 597 4595 personarum
625 4518 659 4579 et
682 4531 796 4578 rerum
822 4517 927 4579 detrl-
981 4520 1143 4581 cessiouis
1158 4519 1352 4597 intringere,
1376 4523 1429 4584 vel
1447 4523 1479 4584 ei
1501 4539 1584 4584 ausu
1598 4525 1777 4588 temerario

131 4617 277 4678 mentum
292 4615 473 4686 immineat,
486 4616 519 4676 at
531 4613 734 4690 generaliter
748 4615 838 4690 genti
853 4615 927 4676 Gal·
981 4617 1158 4680 contraire.
1176 4618 1211 4680 Si
1227 4618 1301 4695 quts
1311 4621 1422 4680 autem
1434 4619 1497 4682 hoc
1510 4622 1675 4682 attentare
1690 4638 1778 4698 prae-

129 4714 204 4775 licae
219 4713 376 4774 damnum
389 4711 617 4774 inextimabile
626 4710 783 4790 (2),‚sicut
795 4711 925 4788 plenius
981 4715 1169 4792 sumpserit,
1179 4716 1241 4777 etc.
1254 4716 1372 4776 Datum
1382 4717 1549 4789 Laterani,
1562 4719 1623 4779 Xil
1637 4717 1773 4780 kalend.

131 4811 274 4887 intelligi
289 4811 396 4888 potest
408 4824 507 4886 quam
522 4809 639 4871 deceat
651 4823 714 4870 nos
724 4808 850 4870 reterre
864 4807 922 4888 (3).
977 4812 1077 4888 junii,
1095 4826 1183 4874 anno
1200 4813 1328 4875 octavo.

179 4967 206 5041 l)
222 4971 292 5040 Lege
306 4967 488 5040 compellant.
981 4969 1161 5040 imperatoris
1180 4969 1273 5027 stolidi
1295 4969 1496 5027 detrimentum
1519 4983 1654 5044 magnam
1667 4979 1776 5044 partem

180 5043 208 5114 i)
224 5041 294 5112 Iege
309 5035 515 5096 inaestimabile.
982 5041 1104 5112 imperii,
1121 5042 1246 5113 expulsis
1267 5047 1295 5096 et
1311 5042 1414 5097 occisis
1436 5041 1553 5109 Latinis,
1576 5057 1629 5098 suo
1649 5043 1777 5102 domicio

168 5113 209 5188 (3)
225 5133 235 5162 ι
249 5113 319 5170 Cum
336 5110 475 5167 liebertus
496 5105 757 5180 Constantinopolis
772 5109 927 5180 imperator
981 5111 1186 5183 subjugaruu13
1202 5119 1231 5167 et
1250 5112 1304 5167 nisi
1324 5112 1387 5183 pg'us
1406 5117 1433 5168 et
1458 5112 1620 5170 misericors
1639 5116 1778 5173 Dominus

133 5183 237 5258 (inquit
271 5196 433 5310 anonKmus
467 5179 646 5258 Turonensis¹
676 5179 926 5261 clironograpbus,
981 5188 1096 5240 assueto
1111 5181 1321 5254 pietatisoculo
1336 5189 1400 5254 post
1421 5182 1776 5268 llagellasuumpopuinm

131 5263 209 5315 tomo
224 5260 322 5311 nostro
375 5253 449 5318 vill,
466 5265 534 5324 pag.
554 5249 617 5320 310)
636 5250 756 5321 Juvemh
774 5249 926 5308 admodum
982 5259 1164 5324 respexisset,
1181 5259 1209 5310 et
1224 5253 1326 5324 religio
1335 5253 1498 5310 christiane
1513 5253 1578 5312 fidei
1598 5255 1627 5312 in
1642 5256 1697 5314 ulis
1711 5273 1775 5330 par·

133 5327 229 5384 animo
243 5331 271 5380 et
285 5329 380 5390 atate,
400 5335 503 5379 uxores
516 5321 678 5377 Graecorum
694 5326 721 5375 et
736 5320 808 5377 illias
823 5323 928 5391 saepius
981 5323 1056 5382 tibus
1075 5323 1242 5395 deperisset,
1262 5330 1291 5380 et
1313 5323 1373 5395 ipsa
1395 5325 1653 5407 Coristantinopoiis
1676 5327 1778 5385 civitas

132 5399 276 5460 violasset,
292 5402 454 5465 terramque
465 5405 576 5448 necnon
591 5399 619 5447 et
637 5388 775 5448 ecclesias
795 5392 924 5448 innume·
982 5395 1009 5449 in
1026 5396 1187 5451 Graecorum
1203 5393 1336 5450 manibus
1350 5393 1603 5464 deveulsset.Qu1a
1618 5397 1685 5454 dum
1703 5399 1778 5454 idem

133 5470 172 5524 ris
192 5469 389 5526 thesaurorum
417 5463 508 5536 copiis
530 5461 713 5544 denudasset,
734 5462 832 5534 enque
852 5463 927 5518 maie
981 5465 1136 5538 imperator
1152 5465 1188 5520 ita
1205 5464 1382 5521 dissimulate
1391 5466 1508 5534 viveret,
1520 5467 1549 5522 in
1562 5474 1671 5524 tantum
1702 5483 1779 5526 uam·

133 5535 279 5608 dispersis,
308 5533 394 5592 luxui
418 5541 446 5592 et
469 5531 546 5591 luxui
578 5531 700 5600 deditus,
721 5533 926 5600 mendicasset;
982 5534 1380 5604 damGraeculamadamavit,
1394 5544 1448 5592 ete.
1464 5556 1475 5585 ι
1490 5483 1778 5612 ΩυωᾳυίᾱωηἹουςα

133 5609 234 5676 Graeci,
255 5612 286 5662 ut
309 5603 460 5674 credimus,
489 5603 584 5661 divina
611 5603 717 5661 sulluiti
738 5605 874 5676 potentia,
899 5605 926 5661 in
982 5613 1025 5664 est
1041 5603 1169 5674 historia,
1183 5607 1309 5677 satisque
1319 5607 1462 5678 spurcitiis
1477 5608 1570 5678 piena.
1587 5611 1752 5684 (bouquet.)

1234 5830 1250 5862 Ν
